1845 3131
208 21 291 61 612
843 15 1120 57 MACROBII

148 129 331 172 lovetulo
369 128 543 169 Falerno.
606 126 846 178 Propterea,
890 125 1021 178 inquit
1050 124 1133 174 ille,
1180 127 1273 179 quia
1305 128 1408 168 inter
1434 141 1475 168 se
1506 127 1663 181 ingenio
1695 127 1752 167 di-

210 199 320 227 versa
347 189 450 225 sunt.
512 180 604 221 Vini
636 181 741 220 enim
772 185 914 220 natura
940 180 1105 220 humida
1133 187 1204 230 est,
1230 183 1356 223 mellis
1390 183 1510 224 arida.
1573 183 1613 224 Si
1648 182 1755 223 <licto

212 255 300 283 meo
331 236 644 284 addubitawefls,
691 236 909 276 medicinae
940 237 1230 290 contemplator
1263 238 1462 279 effectum.
1518 240 1617 280 Nam
1650 252 1754 292 quae

211 296 370 339 udanda
397 298 490 334 sunt
516 292 694 346 corporis
726 292 817 333 vino
850 292 1048 341 foventur,
1078 306 1180 346 quae
1213 293 1395 333 siccanda
1425 299 1518 334 sunt
1543 295 1657 335 melle
1689 295 1756 335 de-

214 356 434 404 terguntur.
493 348 621 402 Igitur
648 348 938 403 longinquitate
963 348 1153 402 temporis
1182 349 1229 388 de
1262 354 1436 403 utroque
1465 350 1614 403 aliquid
1643 364 1756 390 exor-

214 409 333 448 bente
361 406 495 447 vinum
530 405 726 445 meracius
760 405 824 453 tit,
863 405 938 444 mel
976 404 1145 444 aridius:
1187 410 1226 445 ct
1257 405 1309 444 ita
1345 405 1419 445 mel
1456 419 1551 445 suco
1583 406 1759 459 privatur

152 465 197 505 ll
215 469 260 504 ut
290 462 425 503 vinum
454 475 558 514 aqua
588 460 789 501 liberatur.
849 461 929 501 Nec
956 460 1030 500 hoc
1064 460 1170 514 quod
1204 460 1387 514 sequitur
1419 461 1608 501 dissimile
1636 475 1757 515 quac—

216 519 301 559 sitis
335 523 415 558 est:
465 517 563 565 Cur,
606 516 637 556 si
678 530 769 557 vasa
804 516 882 556 vini
924 522 1044 569 atque
1083 516 1158 557 olei
1196 517 1348 556 diutule
1382 516 1595 570 semiplena
1624 522 1757 557 custo-

150 575 347 631 [252](lias,
392 573 527 614 vinum
570 571 692 612 ferme
732 572 771 612 in
807 586 965 613 acorem
1013 573 1302 626 corrumpitur,
1348 572 1437 613 oleo
1474 579 1611 613 contra
1643 586 1761 626 sapor

156 636 204 675 12
218 630 378 673 suavior
407 629 672 670 conciliatur?
732 629 971 682 Utrumque,
997 628 1179 668 Disarius
1205 628 1271 677 ait,
1296 642 1430 669 verum
1454 633 1525 669 est.
1584 629 1631 668 In
1663 628 1760 668 illud

217 686 321 728 enim
355 698 524 726 vacuum
556 684 662 738 quod
689 697 860 737 superne
889 684 1041 738 liquido
1071 689 1179 725 caret
1212 697 1279 724 aer
1312 684 1461 724 advena
1490 683 1646 732 incidit,
1691 684 1759 738 qui

216 741 494 784 tenuissimum
527 752 728 794 quemque
761 739 969 780 humorem
1001 739 1107 780 elicit
1142 745 1182 779 ct
1220 740 1403 780 exorbet:
1446 753 1494 779 eo
1526 740 1674 780 siccato
1705 740 1759 781 vi-

221 812 316 839 num
348 797 461 850 quasi
494 795 707 849 spoliatum
732 795 903 843 viribus,
947 800 1066 849 prout
1102 795 1260 847 ingenio
1297 795 1536 836 imbecillum
1570 800 1639 835 aut
1667 795 1760 836 vali-

219 854 313 894 dum
340 851 426 900 suit,
459 852 516 892 vel
548 865 663 892 acore
691 856 948 905 exasperatur
976 851 1034 891 vel
1065 851 1298 891 austeritate
1328 851 1599 903 restringitur,
1629 851 1761 892 oleum

218 915 350 950 autem
389 907 592 962 superlluo
633 907 802 947 humore
843 906 1008 955 siccato,
1053 907 1160 948 velut
1194 920 1359 947 mucore
1392 906 1461 960 qui
1496 906 1535 945 iu
1566 920 1613 946 eo
1645 906 1762 947 latuit

157 967 204 1007 13
219 966 409 1013 absterso,
435 963 606 1018 acquirit
635 977 776 1004 novam
810 963 1044 1003 suavitatem
1077 962 1241 1016 saporis.
1300 963 1456 1002 Rursus
1487 962 1541 1002 ait
1563 962 1760 1002 Avienus:

219 1020 432 1070 Hesiodus,
457 1034 547 1060 eum
577 1018 624 1060 ad
657 1019 831 1059 inedium
860 1018 955 1059 dolii
989 1024 1219 1073 perventum
1249 1023 1327 1068 est,
1354 1017 1694 1073 conpereendum‚
1723 1022 1762 1058 ct

307 1132 411 1173 [uss.
439 1131 574 1163 Arsu.

211 1187 354 1227 falerno
380 1192 411 1219 et
437 1187 550 1218 vetulo
577 1197 606 1216 v.
704 1188 744 1216 10
792 1189 829 1217 et
856 1185 966 1217 mellis
991 1184 1026 1216 S.
1055 1203 1094 1207 —
1122 1185 1211 1217 dicto
1234 1185 1352 1216 modo
1379 1196 1408 1216 v.
1435 1203 1476 1208 —
1501 1184 1764 1227 contemplatur

217 1236 315 1272 (sup.
338 1232 374 1271 ο)
401 1231 437 1262 Α.
467 1249 501 1254 -
529 1241 616 1272 quae
641 1230 909 1261 lznmcvtandu
935 1235 1012 1261 sunt
1040 1229 1099 1260 Su.
1118 1246 1163 1252 ———
1184 1231 1346 1261 siccanda
1373 1233 1462 1267 (om.
1490 1231 1586 1269 suut)
1610 1229 1636 1259 E
1697 1229 1761 1259 sic-

217 1277 331 1307 canda
354 1281 432 1307 suut
458 1275 650 1316 corporis
678 1274 714 1305 S.
753 1292 796 1296 —
833 1275 1062 1316 deterguntur
1086 1274 1285 1315 ASv-gmzs.
1335 1275 1574 1316 detergentur
1603 1272 1761 1304 s-bl’nss

219 1320 288 1351 1512.
316 1338 354 1342 —
383 1321 550 1351 meracius
577 1320 627 1350 sit
652 1329 683 1349 ιι.
721 1319 768 1358 fit
793 1320 962 1349 meracius
986 1319 1088 1350 s-bt’.
1115 1337 1155 1341 —
1184 1330 1277 1360 aqua
1301 1324 1503 1360 purgatur
1528 1318 1566 1348 P.
1708 1319 1760 1348 11.

218 1370 390 1406 sequetur
416 1363 492 1394 ΑΗ.
534 1382 569 1385 -
608 1364 774 1404 quaesitu
802 1362 839 1393 S.
868 1380 908 1384 -—-
939 1364 1006 1394 Cur
1030 1364 1059 1394 si
1082 1374 1166 1394 vasa
1198 1363 1268 1393 vini
1291 1362 1373 1404 cet.]
1403 1362 1456 1393 Cf.
1485 1362 1580 1393 Plnt.
1612 1361 1633 1392 l.
1661 1372 1690 1392 c.
1718 1378 1760 1384 -—-

218 1408 387 1439 diutulae
412 1408 455 1438 ΙΙ.
506 1408 641 1438 diutile
667 1408 710 1443 (A
739 1417 757 1437 a
786 1417 818 1447 p.
847 1409 912 1443 ιιι.)
937 1406 993 1438 ch.
1137 1409 1174 1437 12
1226 1407 1459 1438 tenuissimum
1493 1417 1635 1448 quoque
1661 1416 1692 1436 v-
1718 1422 1759 1429 —

217 1463 456 1493 superuacuo
483 1452 623 1482 humore
646 1450 774 1490 ASv-fg
816 1467 857 1473 —
890 1451 949 1492 qui
973 1461 1041 1482 om.
1070 1461 1100 1481 z.
1242 1453 1290 1482 13.
1332 1451 1482 1490 Rursus,
1519 1451 1568 1482 ait
1597 1450 1759 1487 Auienus,

218 1498 291 1527 s—li.
342 1498 474 1527 Rursus
504 1497 672 1527 Auienus.-
697 1496 768 1526 Ait
797 1505 850 1525 va.
902 1495 1036 1526 Rursus
1058 1496 1208 1526 Avienus
1229 1499 1316 1531 (oin.
1344 1496 1412 1531 ait]
1434 1495 1471 1525 A.
1500 1513 1542 1517 -—
1572 1493 1758 1534 Hesiodus]

219 1541 296 1573 xia.
323 1547 394 1573 not.
433 1539 487 1571 Cf.
517 1540 612 1571 l’lut.
640 1540 660 1570 l.
687 1550 730 1577 c..
766 1542 792 1570 1.
830 1557 872 1561 ——-
913 1539 1206 1582 coruparcendum
1234 1539 1338 1581 Sv-g.
1387 1539 1666 1581 compercemlum
1695 1544 1761 1570 cst

217 1651 262 1670 er
290 1644 432 1670 uetere
460 1639 554 1670 vino
578 1638 953 1677 utilissimus‚sa-

215 1684 407 1725 cillimeque
439 1694 511 1714 cum
547 1683 646 1714 melle
677 1687 954 1723 concorporatur,

218 1729 307 1769 quod
358 1728 392 1759 in
443 1728 536 1758 dulci
585 1738 772 1769 numquam
831 1726 952 1757 euenit.

219 1772 422 1803 Dioscorid.
450 1772 493 1811 V,
525 1774 574 1802 16.
612 1767 822 1811 Οἰνόμελι
861 1770 954 1801 ota-

218 1814 317 1857 φέρει
345 1814 385 1847 τὸ
424 1813 466 1847 ἔκ
497 1826 540 1846 τε
570 1815 648 1846 τοῦ
675 1814 868 1845 παλαιοῦ
897 1813 954 1845 οἴ-

216 1871 293 1891 νου
340 1858 400 1891 καὶ
445 1856 629 1899 αὐστηροῦ
674 1857 734 1890 καὶ
777 1855 954 1898 μέλιτος

215 1904 353 1935 καλοῦ
379 1900 596 1945 γιγνόμθνου.
636 1902 843 1933 Columella
871 1902 951 1941 xil,

216 1950 270 1979 41.
309 1950 466 1979 mulsum
502 1947 581 1978 lieri
621 1947 721 1978 iubet
754 1958 772 1977 e
814 1951 952 1978 musto:

216 1997 369 2032 utraque
395 1992 486 2023 ratio
514 1992 651 2033 legitur
676 1992 839 2032 Geopon.
857 1991 953 2029 wll,

215 2039 276 2073 ⁵25,
300 2038 355 2067 26.
409 2037 547 2067 Erusm.
584 2036 697 2077 Δᾶτις.
733 2035 786 2073 ΙΙ,
822 2038 860 2075 2,
898 2037 952 2066 71.

216 2080 424 2111 Meinekius
484 2079 617 2111 l'hilol.
685 2079 858 2111 Exercitt.
917 2078 952 2110 iu

217 2124 347 2155 Athen.
391 2124 443 2161 11,
481 2136 512 2165 p.
550 2126 605 2155 23.
645 2124 775 2155 statuit
811 2124 845 2155 in
884 2123 953 2153 hoc

218 2168 412 2208 proverbio
439 2168 594 2199 inveniri
627 2167 812 2209 glyconici
845 2167 953 2198 metri

217 2223 297 2242 cum
348 2211 555 2254 logioedico
600 2222 704 2242 versu
759 2211 953 2242 coniuncta

216 2255 388 2297 vestigia,
413 2260 449 2286 et
473 2267 553 2286 esse
575 2255 825 2286 scribendum:
857 2256 950 2286 Mul-

215 2311 288 2331 sum
313 2300 403 2341 quod
427 2300 531 2341 probe
554 2304 717 2341 temperes
739 2300 950 2330 Miscendum

214 2356 302 2375 novo
336 2344 527 2385 Hymettia,
568 2344 612 2374 Ec
646 2343 759 2375 vetulo
792 2344 950 2380 Falerno,

218 2388 279 2419 sed
315 2386 349 2418 in
381 2388 497 2428 prinu)
540 2398 645 2419 versu
684 2387 822 2428 aliquid
869 2387 949 2418 vitii

217 2432 388 2463 relictum
414 2443 508 2463 esse.
557 2430 745 2473 Silligius‚
771 2430 831 2472 qui
858 2430 950 2462 haec

217 2487 356 2508 mecum
383 2475 683 2513 communicavit,
717 2475 873 2507 coniecit
899 2476 949 2506 le-

217 2521 374 2563 gendum
403 2531 484 2551 esse
510 2521 600 2562 quod
632 2521 732 2551 bene
754 2525 927 2561 temperes.

264 2567 315 2595 10.
362 2564 516 2607 iugenio]
544 2564 565 2595 i.
594 2575 623 2595 e.
651 2560 773 2606 φύσει,
810 2561 952 2601 natura,

217 2620 309 2649 quae
347 2619 413 2640 vox
454 2608 625 2640 continuo
662 2610 839 2649 sequitur.
898 2608 950 2640 Ct'.

218 2655 237 2693 g
268 2655 319 2683 12.

265 2698 304 2728 Si
333 2696 424 2727 dicto
448 2706 520 2727 meo
551 2695 824 2736 addubitaveris]
852 2694 951 2727 Nova

216 2740 308 2772 haee
345 2745 400 2771 est
435 2739 543 2771 liuius
578 2739 677 2770 verbi
715 2739 950 2771 constructio.

215 2784 315 2816 Alius
341 2784 455 2816 (licitu
483 2788 546 2815 aut
577 2784 785 2815 addubitare
810 2785 851 2815 de
881 2785 948 2815 ali-

217 2839 284 2868 qua
309 2840 344 2860 re
368 2832 430 2860 aut:
454 2829 487 2859 in
510 2829 630 2869 aliqua
653 2839 689 2859 re
715 2832 778 2859 aut
799 2829 946 2869 aliquid.

261 2882 350 2912 quae
374 2896 404 2903 ..
438 2872 602 2914 corporis]
637 2871 837 2904 Dicendum
871 2875 949 2903 erut

1023 1641 1085 1669 aut
1110 1649 1198 1679 quae
1217 1643 1335 1680 partes
1361 1645 1422 1669 aut
1448 1639 1482 1669 in
1505 1648 1656 1680 corpore.
1705 1636 1759 1669 Cf.

1024 1693 1053 1712 c.
1081 1685 1133 1719 10,
1161 1684 1174 1721 Q'
1204 1685 1233 1714 4.
1264 1683 1454 1724 posteriora
1480 1683 1615 1724 capitis.

1067 1727 1166 1757 melle
1217 1727 1457 1769 deterguntur]
1514 1726 1569 1757 Ct'.
1615 1726 1760 1757 Petu-on.

1022 1771 1099 1802 Sat.
1120 1774 1172 1801 88.
1205 1772 1414 1813 Chrysippus
1439 1797 1443 1802 .
1462 1796 1467 1801 .
1485 1794 1492 1801 .
1518 1777 1568 1802 ter
1591 1771 1760 1813 helleboro

1023 1816 1174 1847 animum
1203 1816 1406 1848 detersit.
1456 1815 1645 1846 Rariorem
1684 1814 1760 1845 sor-

1023 1871 1136 1897 mam,
1187 1870 1278 1900 quae
1323 1864 1378 1891 est
1419 1860 1570 1891 serioris
1613 1858 1759 1896 aetatis,

1022 1904 1199 1945 praetuli,
1239 1909 1276 1935 ut
1304 1915 1395 1945 quae
1427 1904 1575 1935 facilius
1603 1903 1638 1935 in
1666 1903 1759 1935 alte-

1022 1959 1097 1980 rum
1128 1948 1306 1989 potuisset
1333 1949 1478 1980 mutari.

1066 1993 1324 2035 longinquitate
1371 1992 1546 2035 temporis]
1587 1991 1641 2023 Cf.
1680 1990 1759 2023 Liv.

1022 2037 1084 2075 lx,
1108 2039 1162 2077 33,
1187 2040 1219 2068 6.

1072 2083 1123 2112 11.
1172 2080 1319 2121 diutule]
1347 2080 1399 2111 Cf.
1429 2091 1456 2110 c.
1485 2082 1537 2118 ll,
1564 2080 1583 2118 §
1608 2081 1641 2109 3.

1072 2137 1119 2165 12.
1169 2145 1228 2165 aer
1260 2134 1410 2176 advena]
1436 2134 1490 2165 Cf.
1518 2145 1549 2164 c.
1575 2136 1607 2174 6,
1635 2134 1655 2172 S
1680 2135 1712 2164 2.

1064 2178 1218 2221 iugenio]
1240 2177 1285 2208 Cf
1313 2184 1327 2217 ς
1353 2181 1405 2209 10.

1066 2222 1180 2262 acore]
1208 2222 1262 2253 Cf.
1290 2223 1310 2261 ἓ
1341 2224 1396 2252 30.
1428 2226 1462 2254 et
1488 2221 1643 2263 Quintil.
1671 2221 1756 2253 lnst.

1063 2322 1267 2352 austeritate
1297 2319 1534 2362 restringitur]
1567 2318 1690 2350 vinum
1720 2323 1759 2351 nt

1019 2365 1162 2396 animus
1184 2364 1389 2403 maenium
1412 2365 1458 2396 cf.
1483 2363 1605 2395 Tacit.
1628 2363 1757 2395 Annal.

1020 2409 1112 2447 xvl,
1135 2412 1187 2441 16.
1223 2409 1372 2442 Poterat
1398 2408 1507 2441 etiam
1532 2408 1604 2440 dici
1629 2409 1756 2440 astrin-

1017 2455 1130 2497 gitur.

1020 2509 1264 2595 tcriileilczboris]
1307 2552 1409 2583 Hanc
1436 2562 1516 2582 esse
1546 2547 1754 2581 Aristotelis

1018 2597 1236 2673 ‘slpsstepsstiam
1296 2596 1387 2627 dicit
1442 2593 1662 2626 Plutarchus
1718 2604 1752 2634 p.

1067 2699 1117 2727 13.
1168 2693 1350 2733 Hesiodus]
1379 2691 1443 2731 „In
1473 2690 1563 2730 Opp.
1595 2692 1631 2720 et
1655 2689 1751 2720 dieb.

1020 2740 1047 2774 l.
1073 2742 1148 2770 366.
1178 2734 1382 2778 Ἀρχομένου
1409 2732 1446 2766 δὲ
1470 2734 1584 2765 πίθου
1610 2732 1665 2765 καὶ
1694 2730 1746 2775 λή-

1018 2794 1141 2824 γοντος
1183 2779 1421 2821 κορέσασθαι,
1469 2774 1637 2809 Μεσσόθι
1676 2777 1749 2817 φεί-

1016 2828 1162 2858 ὂὲσθαι·
1201 2823 1295 2864 δειλὴ
1331 2821 1361 2853 δ’
1393 2819 1444 2853 ἐνὶ
1477 2819 1634 2860 πυθμένι
1675 2831 1748 2861 φθι-

1014 2867 1103 2900 ὄώ.“
1138 2869 1248 2899 ΖκιιΝ.

1263 2507 1412 2549 acquirit
1441 2517 1566 2538 novam
1595 2505 1753 2537 suavita-
