1845 3131
207 33 290 75 518
825 27 1100 70 MACROBIl

415 139 544 180 Vincla
574 140 656 178 suis
683 138 837 191 maqm‘s
864 138 1008 178 animis
1037 137 1216 192 abrupit,
1245 145 1278 179 et
1307 139 1399 179 iude

408 195 501 235 Fert
523 208 602 235 sese
628 194 760 248 campi
784 207 858 248 per
887 193 1045 234 caerula
1072 193 1247 247 laetaque
1269 201 1389 248 prata

413 249 515 291 Celso
548 256 722 304 pectore,
751 264 865 304 saepe
893 249 1026 289 iubam
1056 255 1214 304 quassat
1235 250 1353 289 simul
1377 249 1505 297 altam,

407 304 585 360 Spiritus
614 320 663 346 σοι*
692 306 827 345 anima
858 305 987 346 calida
1012 319 1172 359 spumas
1196 305 1277 359 aqi't
1309 305 1425 345 albas.

213 372 418 426 Virgilius:

414 427 555 477 Qualis
582 427 653 467 ubi
680 427 858 481 abruptis
885 428 988 481 fuqic
1008 426 1218 481 praesepia
1247 426 1384 466 vinclis
1410 429 1486 465 etc.

175 493 341 534 9Ncmo
368 507 414 533 cx
454 492 530 533 hoc
560 492 653 533 viles
684 498 798 547 putet
824 498 974 534 veteres
1004 498 1163 555 poctaS‚
1194 491 1302 545 quod
1330 503 1467 531 versus
1499 503 1637 530 eorum
1670 504 1751 531 sca-

147 549 298 602 [imbri
332 549 447 589 nobis
473 548 669 590 videntur.
726 549 797 588 Ille
828 549 932 589 enim
964 548 1077 589 stilus
1103 547 1275 588 Enniani
1306 546 1426 587 seculi
1452 545 1615 586 auribus
1646 546 1753 586 solus

217 605 417 659 placebat:
446 609 485 645 et
513 604 582 644 diu
610 604 803 645 laboravit
831 610 938 645 aetas
968 609 1115 653 secuta,
1140 609 1186 643 ut
1213 603 1336 655 magis
1365 602 1457 643 huic
1488 601 1658 641 molliori
1689 602 1754 642 filo

218 660 555 715 adquiesceretur.
617 659 693 699 Sed
722 660 891 701 ulterius
920 675 1001 700 non
1032 673 1167 700 moror
1196 659 1429 706 Caecinam,
1473 657 1570 711 quin
1600 662 1640 698 et
1672 657 1755 711 ipse

219 716 362 770 prodat
395 729 497 770 quae
522 715 702 754 meminit
728 715 936 756 Maronem
965 730 1012 756 ex
1043 714 1279 769 antiquitate
1309 713 1569 754 transtulisse.

333 782 400 823 IV.
460 782 563 821 Tum
602 780 794 821 Caecina:
849 782 894 821 In
932 782 1114 822 versibus
1147 781 1206 821 vel
1242 780 1282 820 in
1317 780 1413 820 locis
1452 785 1644 834 quantum
1682 780 1756 820 sibi

221 838 337 878 Maro
370 851 416 878 ex
451 836 690 891 antiquitate
726 837 987 891 quaesiverit,
1036 836 1181 878 Furius
1217 841 1263 876 ut
1292 848 1445 876 memor
1478 840 1517 876 et
1549 835 1690 876 veteris
1719 840 1759 876 et

221 907 348 934 novae
388 897 596 933 auctorum
633 892 773 946 copiae
806 892 1003 933 disseruit..
1062 893 1149 945 Ego
1187 891 1362 932 conabor
1402 890 1610 931 ostendere
1652 890 1759 932 hunc

222 948 560 993 studiosissimum
594 952 722 989 vatem
753 953 793 988 et
822 949 870 989 de
900 948 1064 1002 singulis
1092 947 1222 989 verbis
1254 952 1431 989 veterum
1462 945 1663 999 aptissime
1698 947 1757 988 iu—

223 1004 397 1054 dicasse,
441 1009 480 1045 ct
511 1003 723 1044 inseruisse
756 1004 855 1045 lecta
888 1004 998 1059 operi
1029 1018 1101 1044 suo
1130 1003 1270 1051 verba,
1301 1015 1404 1057 quae
1432 1001 1548 1042 nobis
1576 1015 1677 1043 nova
1703 1002 1760 1043 vi-

182 1059 305 1100 2deri
341 1059 435 1101 facit
462 1059 614 1100 incuria
643 1060 871 1101 vetustatis:
932 1065 976 1101 ut
1011 1074 1104 1100 ecce
1132 1060 1267 1100 addita
1292 1071 1364 1113 pro
1395 1057 1553 1098 inimica
1588 1063 1627 1098 ct
1660 1057 1758 1098 infe-

222 1122 281 1156 sta
319 1116 409 1170 quis
448 1130 529 1156 non
566 1115 748 1155 aestimet
782 1122 940 1170 poetam
981 1115 1144 1156 arbitrio
1181 1128 1255 1155 suo
1296 1127 1443 1155 novum
1488 1117 1651 1155 verbum
1687 1114 1761 1155 sibi

221 1172 394 1213 voluisse
424 1171 635 1213 fabricari?
696 1171 771 1211 Sed
804 1186 884 1213 non
913 1172 989 1213 ita:
1025 1185 1114 1211 nam
1147 1170 1256 1225 quod
1288 1170 1362 1210 ait:

511 1252 561 1256 -—
591 1228 670 1270 Nee
698 1228 857 1269 ‚Teucris
885 1229 1021 1269 addita
1050 1228 1151 1268 Iuno

427 1284 594 1338 Usquam
624 1283 759 1332 abem‘t,

225 1337 262 1378 id
295 1343 355 1379 est
385 1339 515 1379 adfixa
545 1344 584 1379 et
614 1352 684 1392 per
713 1338 790 1379 hoc
820 1337 972 1388 infesta,
1002 1338 1078 1379 hoc
1108 1338 1183 1378 iam
1214 1337 1367 1377 dixerat
1385 1334 1560 1376 Lucilius
1593 1334 1631 1374 in
1662 1333 1762 1374 libro

228 1400 372 1447 quarto
404 1394 558 1434 decimo
588 1393 649 1434 his
677 1394 875 1435 versibus:

423 1450 473 1491 Se·
496 1451 596 1490 mim?
621 1464 702 1491 nou
731 1457 892 1505 praetor
925 1450 994 1490 siet
1022 1449 1179 1490 additus
1203 1455 1315 1502 atque
1343 1448 1459 1501 ayitet
1480 1460 1564 1488 me:

427 1506 515 1548 Non
544 1506 642 1546 male
669 1506 726 1546 sic
752 1506 831 1555 ille,
868 1513 910 1545 uc
934 1505 1041 1553 dico,
1070 1519 1129 1546 me
1161 1503 1383 1545 emender-ac
1407 1516 1522 1543 umw.

187 1582 211 1622 3
425 1585 544 1627 Mane
572 1586 809 1626 salutantum
837 1586 923 1625 totis
950 1586 1068 1625 comit
1095 1584 1253 1625 aedibus
1279 1582 1439 1623 undam.

224 1649 398 1690 Pulchre
429 1652 548 1692 vomit
573 1651 743 1700 undam,
774 1656 814 1692 et
847 1651 1032 1704 antique,
1062 1663 1152 1690 nam
1185 1648 1341 1690 Ennius
1374 1647 1447 1688 ait:

317 1761 421 1804 [mss.
453 1761 590 1795 APSM.

227 1816 327 1847 SM-2.
374 1818 486 1855 satus
512 1828 547 1859 g.
575 1817 609 1849 in
638 1828 712 1860 mg.
759 1817 886 1849 hactus
910 1816 948 1848 A.
998 1821 1107 1849 actus
1131 1826 1198 1857 μς
1224 1817 1311 1846 Mer.
1340 1832 1378 1837 —
1407 1823 1440 1844 v.
1467 1815 1498 1843 2.
1522 1812 1659 1854 factis
1683 1811 1763 1844 aui-

226 1861 290 1892 mis
309 1860 345 1891 Α.
393 1863 534 1905 maguis
557 1865 644 1899 (oni.
670 1862 813 1898 animis)
838 1862 875 1893 P.
905 1880 945 1884 —-
972 1861 1163 1903 abrumpit
1186 1865 1217 1892 et
1241 1860 1331 1891 indu
1356 1860 1446 1890 Mer.
1479 1875 1521 1879 —
1552 1867 1583 1887 v.
1608 1858 1638 1887 3.
1667 1867 1762 1888 cam-

223 1905 286 1946 pis
311 1907 399 1937 Mer.
436 1925 479 1929 ——
520 1906 657 1947 Qualis]
684 1906 768 1938 Aen.
791 1906 853 1944 XI,
876 1908 954 1937 492.
1089 1908 1120 1936 9.
1159 1904 1259 1935 vobis
1286 1904 1347 1935 P6.
1367 1921 1410 1926 —
1444 1901 1556 1933 Ennii
1580 1900 1619 1932 P.
1644 1900 1766 1942 —filo

227 1949 442 1981 PMs-hM23
460 1950 505 1990 (A
531 1961 611 1982 cum
635 1961 706 1982 ηις.
730 1950 826 1982 inter
853 1951 863 1981 l
889 1954 924 1981 et
950 1950 1000 1991 ο).
1049 1949 1140 1982 stilo
1155 1947 1272 1980 Svipe
1289 1950 1363 1985 (Mi
1383 1946 1419 1978 in
1438 1949 1530 1988 mg).
1577 1945 1665 1987 stylo
1688 1955 1765 1986 c-g.

316 1993 374 2024 lv.
430 1996 541 2036 Caput
569 1996 631 2026 JV.
663 1995 712 2026 Dc
735 1995 911 2026 vocabulis
938 1994 1086 2033 Latinis,
1111 1993 1251 2024 Graecis
1275 1991 1507 2033 barbarisque,
1531 1990 1651 2031 quibus
1682 1989 1766 2020 Ver-

225 2037 335 2079 gilius
358 2038 492 2079 primus
513 2050 594 2071 usus
620 2049 690 2070 esse
714 2038 825 2070 videri
844 2039 971 2080 pot-sit,
1013 2049 1087 2069 cum
1112 2042 1227 2069 tamen
1253 2041 1333 2068 ante
1356 2039 1389 2067 et
1411 2040 1538 2066 veteres
1562 2033 1681 2065 iisdem
1712 2032 1767 2064 usi

227 2081 306 2112 siut.
332 2081 434 2112 ch-b.
572 2085 601 2113 l.
642 2082 838 2124 quaesierit
864 2082 941 2113 cah.
967 2100 1007 2104 -—
1036 2081 1220 2113 indicasse
1246 2079 1286 2110 A.
1320 2097 1363 2102 —
1391 2078 1575 2109 inseruisse
1601 2080 1691 2114 (om.
1715 2079 1765 2113 et)

226 2126 282 2155 v3.
312 2142 357 2147 —
397 2126 508 2158 electa
534 2125 637 2157 s-bP.
774 2127 807 2155 2.
843 2126 911 2167 qui
936 2126 1008 2157 s-b.
1047 2142 1086 2147 -—
1121 2124 1272 2156 extimet
1293 2122 1417 2164 vichg.
1467 2121 1652 2153 existimet
1675 2119 1762 2151 Salv.

227 2185 270 2190 -—
295 2169 476 2206 fabricare
500 2169 619 2210 Sng.
655 2188 688 2192 —
734 2168 804 2200 Sed
828 2180 895 2200 nou
921 2193 951 2201 ..
979 2169 1015 2200 id
1040 2173 1089 2200 cst
1112 2179 1181 2199 om.
1209 2168 1264 2198 v3.
1304 2185 1338 2189 —
1378 2177 1446 2197 ηοη
1471 2165 1522 2197 ita
1548 2169 1609 2196 est
1635 2164 1686 2195 M.
1723 2181 1764 2186 -

232 2211 313 2253 Nec]
338 2213 422 2244 Aen.
448 2213 505 2251 Vl,
531 2216 585 2245 90.
615 2231 656 2235 -
681 2217 804 2255 quarto
831 2213 973 2254 decimo]
998 2213 1041 2243 fr.
1068 2215 1099 2243 6.
1127 2211 1228 2243 Gerl.
1254 2228 1296 2234 —
1320 2211 1356 2242 in
1380 2214 1503 2252 quarto
1524 2208 1652 2239 decimo
1675 2210 1764 2245 (om.

229 2255 332 2293 libro)
358 2259 414 2288 vi.
454 2257 488 2288 ἰη
512 2269 617 2289 πονο
643 2260 696 2289 v2.
736 2257 772 2288 in
792 2268 899 2288 nono
925 2258 979 2288 v3.
1007 2274 1042 2280 —
1070 2256 1139 2296 „Si
1162 2255 1246 2288 mihi
1269 2266 1377 2286 nunc
1404 2265 1446 2285 ex
1472 2252 1612 2284 monitu
1636 2251 1766 2284 Franc.

229 2299 395 2338 Douzac,
434 2304 469 2332 et
500 2301 623 2333 statim
656 2300 897 2333 extenderet&
929 2301 1031 2333 Pont.
1069 2319 1111 2324 --
1138 2300 1213 2340 fiet
1241 2299 1279 2330 Α.
1317 2316 1362 2323 —
1395 2299 1447 2330 sit
1469 2298 1528 2329 ille
1556 2296 1592 2328 S.
1727 2298 1761 2327 3.

232 2343 351 2386 Mane]
377 2344 513 2387 Georg.
539 2345 586 2386 11,
611 2347 687 2377 462.
740 2345 968 2388 Vergilius
993 2345 1071 2386 (via
1102 2343 1250 2388 Virgo.
1292 2343 1395 2375 Μαηε
1420 2342 1524 2385 v-gb.
1545 2357 1591 2366 —-
1614 2340 1664 2374 αἰι
1695 2340 1768 2372 Eu·-

230 2443 413 2485 linguas
452 2449 571 2486 optare
609 2445 644 2476 ἱη
682 2444 836 2476 carmina
873 2455 964 2476 cen-
1077 2446 1110 2475 2.
1159 2443 1244 2484 cccc]
1271 2440 1359 2473 ibid.
1387 2452 1420 2483 p.
1446 2451 1520 2472 xm.

229 2489 351 2518 tumst
1078 2487 1216 2527 addita]
1262 2485 1362 2517 Cous.
1400 2484 1509 2516 etiam
1545 2482 1670 2513 Horat.
1700 2479 1767 2512 od.

273 2535 305 2561 9.
355 2531 478 2573 scabri]
519 2532 617 2562 Haec
649 2532 758 2563 huius
791 2532 964 2565 adiertivi
1034 2531 1107 2570 111,
1133 2533 1173 2570 4,
1206 2533 1250 2561 78
1278 2541 1330 2571 sq.
1370 2528 1551 2570 Nequitiae
1586 2524 1767 2556 additus

230 2575 418 2615 usurpatio
444 2575 553 2606 liuius
581 2576 650 2607 loci
678 2581 733 2607 cst
759 2577 920 2618 propriu.
1039 2577 1171 2614 Custos,
1196 2585 1276 2605 cnm
1299 2576 1371 2605 not.
1398 2571 1511 2604 Orell.
1536 2569 1721 2600 Pantanus
1747 2580 1766 2600 e

278 2620 433 2651 Enniani
458 2621 563 2651 seculi
591 2621 746 2662 auribus]
777 2621 853 2653 Vid.
879 2633 907 2653 c.
936 2623 966 2660 l,
1035 2619 1155 2652 Statio
1191 2618 1317 2650 affert:
1355 2617 1401 2648 Et
1434 2613 1590 2656 quamvis
1621 2613 1768 2656 gravior

231 2664 251 2701 ἓ
276 2666 308 2693 5.
333 2667 368 2694 et
392 2663 420 2703 l,
444 2665 476 2701 4,
507 2667 556 2695 17.
1034 2663 1298 2696 mortalibus
1321 2659 1479 2691 addita
1504 2667 1616 2688 cura.
1648 2656 1688 2687 Iu
1713 2656 1768 2687 al-

273 2707 352 2738 huic
375 2709 524 2740 molliori
544 2708 625 2748 filo]
653 2707 676 2739 i.
704 2718 735 2739 e.
764 2707 851 2739 huic
874 2709 966 2740 mol·
1035 2712 1132 2748 tero,
1179 2716 1283 2747 quem
1321 2703 1383 2735 ille
1420 2700 1628 2744 praemisit,
1674 2701 1766 2739 loco,

229 2750 315 2781 liori
337 2751 482 2783 rationi.
531 2751 585 2784 Cf.
614 2751 691 2792 vll,
720 2754 753 2791 4,
778 2754 810 2784 2.
1034 2751 1109 2782 Cic.
1134 2750 1176 2782 ad
1202 2749 1272 2780 Att.
1300 2747 1372 2787 III,
1395 2749 1434 2786 8,
1457 2748 1508 2781 2..
1534 2745 1659 2778 addita
1684 2755 1767 2776 cura

274 2795 429 2838 ulterius]
457 2796 512 2827 Cf.
537 2795 613 2834 vll,
635 2798 667 2832 3,
688 2798 743 2827 22.
1035 2795 1130 2827 idem
1160 2793 1257 2824 valet
1282 2801 1324 2823 ac
1345 2801 1428 2822 cura
1454 2790 1601 2822 adiecta.

274 2838 332 2877 IV,
361 2841 389 2870 l.
438 2840 554 2881 verba]
586 2839 640 2871 cf.
663 2841 691 2880 Ι,
716 2841 772 2880 24,
793 2842 842 2871 19.
1077 2840 1107 2870 3.
1140 2835 1286 2877 undam]
1309 2833 1471 2875 „Allusit
1484 2832 1672 2865 Iuvenalis
1690 2832 1766 2865 Sat.

278 2882 385 2913 videri
404 2883 509 2924 facit]
535 2883 610 2915 Vid.
641 2884 809 2925 prolegg.
838 2895 872 2924 p.
907 2893 962 2914 XI..
1032 2881 1090 2913 IV.
1114 2880 1239 2923 [immo
1264 2879 1333 2919 ΙΙΙ,
1353 2881 1419 2911 243
1444 2877 1529 2920 sq.]:
1557 2878 1662 2910 Nobis
1684 2887 1766 2920 pro-
