1845 3131
198 38 281 80 606
833 36 1108 80 MACROBII

129 149 182 190 27
199 147 277 189 Sed
306 145 520 188 Eustathio
547 145 624 185 iam
654 144 766 194 cedo,
798 146 863 186 cui
894 147 1093 201 praeripui
1125 149 1357 192 consulendi
1387 152 1531 194 locum.
1590 154 1734 195 Eusta-

196 203 322 245 thius:
359 202 484 243 Modo
520 200 580 241 vel
611 200 670 242 vir
710 201 891 242 omnium
931 202 1215 245 disertissimus
1246 206 1445 250 Eusebius
1474 209 1535 250 vel
1565 210 1734 264 quicun-

197 273 277 313 que
306 258 440 299 volent
467 255 532 296 alii
562 256 613 296 ad
641 257 873 298 exercitium
904 259 1207 301 consultationis
1234 262 1446 313 accedant,
1486 278 1560 305 nos
1596 270 1734 319 postea

196 313 383 355 liberiore
411 312 494 353 otio
524 312 842 365 congrediemur.

306 369 358 409 X.
417 368 545 422 Ergo,
594 368 648 409 ait
670 369 894 417 Eusebius,
942 368 1150 411 habendus
1180 371 1276 411 mihi
1304 386 1434 413 sermo
1465 378 1546 421 est,
1591 374 1733 423 Disari,

194 430 327 466 tecum
368 424 416 464 de
450 429 581 464 aetate
613 423 727 464 euius
764 425 922 465 ianuam
957 425 1033 465 iam
1075 440 1199 479 paene
1226 428 1344 468 ambo
1374 428 1591 482 pulsamus.
1650 431 1735 471 Ho-

195 494 341 529 merus,
371 494 463 520 cum
491 493 606 520 senes
636 478 1007 534 πολιοκροτάφους
1037 488 1164 530 vocat,
1194 496 1358 537 quaero,
1384 489 1520 524 utrum
1548 498 1595 524 ex
1625 490 1736 537 parte

193 536 348 591 poetico
383 549 494 576 more
528 540 657 576 totum
695 543 814 590 caput
841 537 1064 591 significare
1094 538 1205 587 velit,
1245 553 1294 580 an
1335 553 1381 580 ex
1414 539 1547 593 aliqua
1581 539 1735 581 ratione

153 595 314 635 Sicanos
343 591 436 632 huic
463 590 675 645 praecipue
706 593 807 645 parti
836 592 974 647 capitis
1005 593 1209 647 adsignet?
1268 595 1322 635 Et
1345 595 1546 636 Disarius:
1577 595 1630 636 Et
1659 595 1735 636 hoc

192 648 350 689 divinus
387 647 450 687 ille
482 650 589 687 vates
617 647 846 699 prudenter,
876 654 922 688 ut
949 654 1091 689 cetera.
1151 651 1251 692 Nam
1278 664 1367 704 pars
1393 650 1569 691 anterior
1597 651 1735 706 capitis

192 703 395 745 humidior
421 701 607 754 occipitio
632 706 711 750 est,
751 708 790 743 et
822 703 916 743 inde
944 705 1083 745 crebro
1112 706 1212 746 solet
1242 705 1418 760 incipere
1449 706 1624 747 canities.
1681 707 1737 747 Et

126 758 254 816 [24⁶]si
279 771 368 812 pars
399 757 586 804 anterior,
611 756 666 797 ait
688 757 764 807 ille,
791 757 993 799 humidior
1016 764 1086 808 est,
1111 773 1182 800 cur
1210 761 1409 802 calvitium
1439 762 1599 815 patitur,
1624 761 1734 816 quod

152 815 275 857 3n0n
303 812 378 853 nisi
413 826 460 852 ex
488 812 667 853 siccitate
706 813 926 867 contingit?
984 815 1219 869 Oportuna,
1259 816 1389 870 inquit
1420 817 1624 866 Disarius,
1663 818 1732 858 ob-

192 869 328 918 iectio,
378 868 446 909 sed
484 868 585 909 ratio
623 882 704 909 non
743 870 913 910 obscura
949 875 1019 910 est.
1079 871 1219 911 Partes
1256 872 1362 912 enim
1403 872 1554 925 priores
1594 872 1733 926 capitis

192 924 285 966 fecit
311 929 452 964 natura
489 923 673 972 rariores,
704 930 749 965 ut
779 925 971 980 quicquid
1004 926 1195 980 superflui
1226 934 1295 968 aut
1322 926 1443 967 fumei
1474 928 1592 968 ssatus
1628 928 1734 969 circa

192 980 399 1021 cerebrum
437 979 554 1020 fuerit
595 987 803 1021 evanescat
837 995 908 1035 per
946 982 1078 1035 plures
1115 987 1291 1023 meatus:
1332 983 1440 1023 unde
1479 983 1658 1024 videmus
1693 983 1733 1024 in

190 1036 305 1077 siccis
340 1035 617 1077 defunctorum
655 1036 852 1090 capitibus
881 1037 989 1078 velut
1020 1038 1212 1091 quasdam
1243 1043 1402 1079 suturas
1435 1039 1580 1092 quibus
1608 1038 1732 1079 hemi-

190 1091 394 1145 sphaeria,
434 1096 480 1132 ut
523 1091 576 1131 ita
611 1091 799 1141 dixerim,
844 1093 984 1147 capitis
1023 1093 1247 1146 alligantur.
1317 1094 1478 1144 Quibus
1524 1094 1645 1147 igitur
1679 1094 1733 1135 illi

190 1152 346 1188 meatus
383 1145 530 1187 suerint
566 1147 795 1200 ampliores,
832 1148 1041 1189 humorem
1073 1149 1250 1190 siccitate
1280 1155 1438 1190 mutant
1465 1154 1504 1191 et
1534 1150 1623 1191 ideo
1653 1154 1732 1190 tar-

150 1203 279 1245 4dius
315 1206 550 1250 canescunt,
596 1203 664 1242 sed
698 1217 779 1244 non
812 1204 968 1245 calvitio
1004 1210 1151 1245 carent.
1211 1205 1252 1245 Si
1286 1218 1380 1259 ergo
1418 1205 1573 1246 siccitas
1602 1205 1732 1247 calvos

190 1258 333 1307 efficit,
363 1262 403 1298 et
432 1257 654 1311 posteriora
682 1259 823 1313 capitis
848 1260 1014 1301 sicciora
1045 1273 1130 1300 esse
1161 1259 1314 1309 dixisti,
1349 1274 1421 1301 cur
1447 1261 1599 1302 calvum
1626 1261 1730 1301 occi-

149 1314 331 1368 5pitium
360 1327 582 1367 numquam
614 1314 823 1355 videmus?
890 1316 961 1356 Ille
991 1316 1216 1369 respondit:
1253 1316 1419 1357 Siccitas
1449 1316 1621 1370 occipitii
1650 1331 1730 1357 non

189 1383 237 1410 ex
263 1369 357 1411 vitio
385 1368 454 1409 sed
481 1382 528 1408 ex
558 1374 699 1409 natura
724 1375 802 1411 est:
830 1371 920 1411 ideo
950 1371 1136 1411 omnibus
1166 1372 1268 1412 sicca
1298 1376 1391 1412 sunt
1417 1372 1611 1426 occipitia.
1669 1372 1732 1412 Ex

189 1425 254 1465 illa
284 1429 417 1465 autem
445 1423 623 1464 siccitate
652 1425 852 1466 calvitium
882 1428 1059 1467 nascitur
1087 1440 1190 1480 quae
1218 1440 1288 1480 per
1316 1427 1457 1468 malam
1483 1427 1729 1482 temperiem,

149 1480 310 1536 tiquam
341 1479 483 1522 Graeci
507 1480 774 1534 δυσκρασίαν
804 1482 933 1523 solent
962 1495 1123 1531 vocare,
1156 1482 1361 1536 contingit.
1420 1483 1533 1525 Unde
1563 1483 1727 1538 capillos

276 1600 384 1643 [Mss.
411 1601 548 1634 APSH.

275 1656 318 1688 X.
372 1657 484 1698 Caput
514 1657 553 1690 X.
601 1657 668 1698 Qui
687 1658 780 1698 fiat,
814 1663 851 1691 ut
880 1658 1058 1691 calvitium
1086 1659 1220 1701 pariter
1246 1664 1350 1702 atquc
1373 1659 1518 1691 canities
1543 1659 1731 1692 anteriores

185 1700 311 1743 capitis
331 1706 452 1742 partes
476 1701 623 1742 primum
652 1702 835 1734 invadant.
880 1703 1012 1735 Deinde
1035 1714 1093 1734 cur
1115 1704 1260 1744 seminis
1285 1710 1388 1746 atque
1410 1703 1573 1735 eunuchis
1598 1715 1663 1736 vox
1687 1704 1731 1736 sit

185 1755 289 1787 quam
313 1745 395 1776 viris
414 1744 561 1777 exilior?
588 1745 690 1777 ch-b.
828 1749 856 1777 l.
899 1758 1007 1779 sermo
1030 1750 1119 1783 (om.
1142 1751 1207 1785 est)
1234 1748 1339 1780 s-hP.
1363 1765 1406 1771 —-
1441 1759 1459 1779 ο
1484 1747 1594 1778 disari
1617 1749 1656 1779 A.
1686 1766 1729 1771 —

185 1789 278 1820 eius
310 1789 408 1820 cuius
433 1788 469 1820 S.
500 1807 544 1812 —
579 1790 758 1832 Homerus]
787 1789 894 1822 Iliad.
922 1787 972 1830 θ’,
997 1794 1074 1822 518.
1111 1791 1167 1822 Cf.
1193 1791 1387 1824 Alexandr.
1412 1791 1594 1823 Problem.
1621 1791 1727 1834 phys.

185 1833 213 1872 l,
239 1835 268 1865 l.
303 1849 335 1855 -
372 1843 448 1864 cum
476 1843 571 1865 senes
592 1844 661 1865 om.
690 1845 723 1865 v.
746 1852 789 1857 —
813 1832 1125 1877 πολιοκροτάφους
1149 1847 1217 1867 oin.
1244 1836 1280 1867 S.
1307 1854 1348 1859 —
1374 1836 1577 1879 significari
1604 1835 1681 1867 ΑΗ.

273 1879 305 1907 2.
345 1877 479 1917 occipio
508 1877 552 1907 H.
590 1895 620 1900 -
649 1883 680 1909 et
705 1879 785 1910 iude
809 1902 840 1910 ..
866 1880 1039 1910 humidior
1064 1884 1112 1911 cst
1138 1891 1206 1911 om.
1232 1879 1268 1911 S.
1294 1898 1339 1903 —
1365 1891 1424 1912 eur
1456 1880 1632 1911 calvitium
1657 1891 1728 1921 pa—

185 1920 284 1962 titur]
312 1919 368 1951 Cf.
392 1921 494 1952 Alex.
517 1921 545 1957 l,
567 1923 598 1952 2.
625 1925 660 1953 et
686 1922 731 1961 ll,
760 1925 811 1954 13.
848 1940 891 1946 —-
926 1924 1080 1956 siccitate
1104 1924 1193 1963 (oin.
1220 1924 1277 1963 ex)
1295 1934 1352 1955 va.
1487 1925 1519 1954 3.
1562 1924 1729 1965 Optima

184 1965 225 1996 A.
250 1982 284 1987 —
313 1965 509 2007 illigantur
528 1964 677 2007 AHv-g.
813 1967 844 1997 4.
875 1972 918 1999 ut
941 1968 1132 2008 posteriora
1160 1967 1303 2008 ltSv-g.
1328 1985 1372 1991 —
1395 1967 1574 2009 occipium
1593 1966 1727 2005 [infrm

185 2008 352 2050 occipia‚
390 2009 543 2050 occipit)
582 2009 619 2041 P.
757 2012 788 2041 5.
829 2012 1080 2042 Alclflzicmn‘
1108 2011 1236 2042 Allata
1261 2012 1338 2049 (Mt
1367 2014 1548 2048 Accmz).
1594 2021 1664 2044 om.
1689 2011 1726 2044 S.

184 2047 415 2093 αὗκρασιατη
441 2053 479 2084 Ε.
527 2048 711 2093 ἀκρασίαν
734 2063 809 2086 v-a.
845 2072 889 2077 —
922 2065 1043 2086 vocare
1068 2056 1175 2087 solent
1201 2066 1278 2096 v-g.
1414 2057 1447 2085 6.
1488 2055 1581 2086 Inde
1605 2055 1646 2087 E.
1685 2073 1724 2078 —

185 2173 281 2212 tina,
319 2173 460 2205 Graece
492 2173 630 2215 scripta
662 2174 697 2206 in
725 2175 802 2207 cod.
829 2175 857 2206 A
888 2179 924 2207 et
992 2180 1152 2215 meatus,
1189 2172 1315 2217 πόροι,
1353 2178 1392 2207 ut
1424 2178 1577 2217 apparet
1603 2187 1645 2207 cx
1679 2176 1726 2208 iia

184 2216 220 2249 in
245 2217 383 2248 codicis
405 2216 429 2248 S
454 2218 670 2260 archetypo.
990 2230 1082 2260 quae
1117 2224 1329 2260 sequuntur.
1384 2219 1438 2250 Cf.
1476 2231 1505 2250 c.
1540 2221 1579 2259 4,
1613 2220 1629 2260 §
1668 2223 1724 2252 23.

229 2261 430 2293 consulendi
453 2262 579 2303 locum]
606 2262 660 2293 Cf.
686 2273 715 2293 c.
738 2263 769 2300 4,
793 2262 809 2302 ἕ
839 2264 920 2303 lsq.
990 2263 1166 2295 Alexand.
1220 2263 1401 2295 I’roblem.
1456 2263 1563 2305 phys.
1614 2264 1650 2303 l,
1691 2266 1725 2295 2.

228 2304 279 2344 X,
305 2308 338 2336 2.
386 2305 560 2336 humidior
579 2306 737 2348 occipitio
764 2311 812 2338 est
839 2305 922 2347 eet.]
990 2304 1081 2338 διότι
1103 2304 1247 2348 μαλακὰ
1272 2306 1332 2338 καὶ
1356 2303 1622 2349 ἅραιόπορα.

182 2348 388 2380 Alexander
428 2349 613 2381 Problem.
653 2350 758 2391 phys.
801 2350 834 2389 Ι,
869 2353 919 2381 L:
1028 2352 1144 2391 sumei
1160 2351 1286 2393 status]
1319 2350 1375 2382 Cf.
1406 2362 1434 2382 c.
1460 2353 1498 2390 5,
1529 2351 1545 2392 §
1575 2353 1625 2383 14.
1660 2352 1723 2384 Ce-

172 2387 251 2424 ‘Drt
282 2388 329 2430 ὥς
352 2389 408 2423 ἐπὶ
432 2391 472 2424 τὸ
497 2394 675 2435 πλεῖστον,
702 2390 920 2439 inquituae’v-
989 2396 1123 2426 rebrum
1147 2418 1176 2427 ..
1194 2396 1281 2436 ferit
1301 2395 1416 2435 sumi
1439 2396 1583 2428 calentis
1603 2407 1724 2439 asper-

181 2435 311 2467 τεῦθεν
339 2434 378 2467 αἱ
403 2435 524 2468 πολιαὶ
549 2432 733 2479 ἄρχονται,
754 2437 802 2481 τῷ
828 2441 919 2469 εἰναι
987 2440 1083 2482 gine.

180 2476 225 2510 τὰ
270 2477 476 2521 ἐμπρόσθια
525 2481 590 2523 τῆς
637 2481 795 2523 κεφαλῆς
847 2482 920 2514 τῶν
1032 2486 1065 2514 4.
1123 2484 1314 2524 posteriora
1356 2482 1491 2524 capitis]
1539 2482 1562 2513 ἰ.
1604 2493 1632 2514 e.
1678 2480 1723 2514 τὰ

181 2518 360 2556 ὀπισθίων
383 2520 603 2566 ὑγρότερα
626 2525 700 2558 καὶ
732 2527 919 2568 φλεγμα-
987 2523 1178 2558 ὀπίσθια
1215 2526 1278 2568 τῆς
1314 2526 1480 2568 κεφαλῆς.
1541 2525 1597 2557 Cf.
1634 2527 1654 2566 ς
1690 2529 1722 2558 3.

180 2564 409 2609 τικῶτερα.
984 2576 1136 2613 partes
1153 2572 1323 2613 priores
1345 2572 1468 2612 capitis
1489 2573 1525 2601 et
1543 2570 1720 2610 V‚ll,16.

225 2622 293 2643 non
318 2613 387 2644 nisi
412 2623 451 2644 ex
477 2613 641 2654 siccitate]
679 2612 734 2644 Cf.
767 2624 796 2644 c.
823 2615 863 2651 6,
898 2614 918 2653 §
987 2616 1135 2656 corporis
1152 2625 1347 2657 superna.
1360 2613 1540 2655 Vid.prol.
1559 2624 1721 2654 p.xxx¹x.

183 2656 236 2685 ll.
282 2656 379 2695 Quae
415 2656 626 2695 [calvitium
669 2660 704 2689 et
745 2657 918 2694 canities)
1031 2661 1061 2689 5.
1117 2660 1168 2690 Ex
1204 2659 1266 2690 itta
1299 2659 1453 2689 siccitate
1481 2681 1512 2689 ..
1549 2669 1637 2699 quae
1661 2669 1722 2700 per

181 2709 248 2729 ποη
271 2701 340 2731 uisi
372 2701 524 2742 inopia
556 2702 720 2733 caloris
746 2702 919 2740 eveniunt,
986 2703 1115 2734 malam
1140 2702 1332 2744 temperiem
1359 2725 1391 2732 ..
1420 2702 1603 2744 contingit]
1637 2702 1722 2733 Ale-

182 2745 218 2773 et
242 2741 340 2775 infra
365 2745 385 2784 ς
409 2747 442 2775 8.
986 2747 1125 2778 xander
1159 2746 1181 2776 1.
1217 2757 1244 2775 c.
1284 2744 1374 2776 dicit
1409 2749 1568 2776 tantum:
1610 2741 1653 2777 Ἡ
1684 2743 1722 2778 δὲ

227 2788 413 2831 contingit]
435 2787 491 2819 Cf.
516 2789 559 2827 ξς
584 2790 605 2819 5
629 2791 666 2820 et
688 2790 742 2828 9.‚
769 2791 805 2821 et
829 2801 858 2820 c.
883 2792 916 2829 6,
986 2787 1214 2830 φαλάκρωσις
1247 2786 1312 2829 τὴν
1343 2785 1476 2830 γένξσιν
1503 2786 1540 2820 ἐκ
1571 2786 1721 2831 ξηρότη-

182 2828 198 2869 §
221 2831 252 2860 9.
279 2835 315 2862 et
341 2842 369 2863 e.
393 2836 426 2871 7,
453 2832 469 2872 §
501 2834 550 2863 10.
985 2843 1045 2870 τος
1070 2831 1150 2874 ἔχει.

226 2875 259 2904 3.
307 2876 467 2916 rariores]
491 2886 600 2917 quum
626 2875 750 2917 plures
775 2876 822 2908 iis
844 2875 917 2908 sint
1029 2879 1062 2907 6.
1112 2876 1255 2918 capillos
1288 2876 1403 2919 crispi]
1443 2877 1520 2910 vid.
1550 2877 1718 2920 prolegg.
