1845 3131
227 77 307 117 614
845 69 1120 112 MACROBIl

228 199 309 226 non
339 185 468 226 solum
498 195 578 223 non
607 181 744 222 domat
770 180 875 220 sitim
906 179 974 220 sed
1003 179 1129 233 magis
1163 179 1370 233 magisque
1394 180 1622 235 cupidinem
1652 185 1770 236 potus

166 243 214 284 19
228 241 437 283 accendit?
495 238 599 279 Nota
628 242 701 286 est,
731 236 862 290 inquit
884 235 1080 284 Disarius‚
1111 248 1242 276 causa.
1300 236 1401 278 Nam
1430 236 1577 291 liquori
1609 237 1770 291 quidem

228 297 323 338 nihil
360 294 484 336 officit
524 293 622 348 quin
654 298 839 347 sumptus
866 291 913 332 ad
953 305 1092 332 omnes
1119 290 1299 345 corporis
1328 297 1460 344 partes
1493 307 1658 348 quoquo
1684 306 1769 334 ver-

228 366 295 393 sus
326 355 530 406 permanet
567 356 606 390 et
635 362 755 390 venas
786 348 991 402 conpleat,
1026 353 1066 388 et
1104 347 1193 387 ideo
1231 346 1360 387 inedia
1399 361 1502 401 quae
1540 349 1771 389 inanitatem

226 408 372 448 fecerat
405 411 568 460 accepto
596 410 716 460 potus
748 404 926 446 remedio
958 403 1069 458 quasi
1101 403 1177 443 iam
1206 417 1286 443 non
1322 402 1361 442 in
1396 408 1526 444 totum
1558 418 1680 445 vacua
1711 419 1772 445 re-

227 468 401 504 creatur:
433 462 588 503 eibatus
614 475 726 510 vero,
755 465 896 515 utpote
920 459 1146 500 concretior
1174 464 1213 499 et
1239 458 1442 512 grandior,
1474 459 1512 499 in
1542 473 1660 501 venas
1691 475 1772 501 non

228 519 302 560 nisi
332 518 523 573 paulatim
549 516 753 558 confectus
777 516 1021 561 admittitur;
1066 515 1154 556 idco
1183 514 1289 555 sitim
1317 528 1438 569 quam
1467 515 1643 570 repperit
1663 516 1773 557 nullo

229 575 371 616 solatio
399 574 591 622 sublevat,
624 573 746 614 immo
778 572 970 627 quicquid
1004 571 1101 613 foris
1132 570 1311 612 humoris
1341 576 1479 612 nactus
1510 576 1570 612 est
1600 571 1776 621 exorbet,

162 631 216 672 20
230 636 270 672 et
299 631 390 672 inde
418 629 584 685 penuria
612 629 710 678 eius,
742 643 845 683 quae
875 629 960 669 sitis
990 633 1177 677 vocatur,
1207 632 1387 681 augetur.
1446 627 1529 668 Nec
1560 626 1636 668 hoc
1667 627 1776 677 mihi,

229 688 408 728 Avienus
436 687 510 735 ait,
557 686 781 739 ignoratum
819 684 1027 738 relinquo:
1077 684 1159 725 Cur
1190 683 1317 723 maior
1344 683 1528 737 voluptas
1558 688 1639 733 est,
1685 697 1774 724 eum

229 743 314 784 sitis
346 748 445 797 potu
473 741 740 794 extinguitur,
777 754 898 793 quam
930 754 1019 780 cum
1052 739 1176 780 fames
1205 738 1368 779 sedatur
1396 739 1516 779 cibo?
1575 740 1628 780 Et
1657 739 1776 780 Disa-

163 800 362 854 [2541riusz
391 798 453 838 Ex
481 796 694 851 praedictis
720 796 796 837 hoc
825 809 988 850 quoque
1020 795 1156 849 liquet.
1214 795 1314 835 Nam
1341 794 1514 848 potionis
1539 799 1648 835 totus
1676 794 1775 835 hau-

230 861 315 896 stus
356 854 395 894 in
433 866 553 893 omne
590 866 735 906 corpus
772 851 887 892 simul
920 855 1103 905 penetrat
1139 854 1178 890 ct
1212 849 1391 891 omnium
1432 850 1604 903 partium
1635 864 1775 891 sensus

230 910 322 952 facit
352 924 473 950 unam
506 909 717 949 maximam
748 913 787 947 et
816 907 1043 948 sensibilem
1078 906 1344 959 voluptatem:
1391 905 1504 946 cibus
1533 911 1666 946 autem
1698 906 1777 946 exi·

230 981 310 1021 guo
351 964 658 1006 subministratu
695 963 885 1018 paulatim
923 962 1129 1017 penuriam
1167 961 1415 1007 consolatum
1461 961 1552 1001 ideo
1594 961 1777 1015 voluptas

163 1022 316 1063 Qleius
355 1020 610 1062 multifariam
653 1019 951 1060 comminuitur.
1015 1020 1103 1059 Hoc
1140 1031 1323 1072 quoque,
1372 1017 1403 1058 si
1446 1016 1627 1066 videtur,
1672 1017 1777 1058 addo

230 1077 441 1133 quaesitis:
486 1076 570 1118 Cur
611 1075 679 1130 qui
712 1075 866 1116 avidius
897 1080 1037 1116 vorant
1074 1073 1229 1114 facilius
1261 1072 1380 1114 satias
1413 1073 1517 1127 capit
1551 1086 1669 1127 quam
1707 1073 1776 1127 qui

230 1134 368 1175 eadem
398 1132 574 1186 quietius
602 1131 782 1172 ederint?
841 1130 979 1171 Brevis
1008 1135 1087 1178 est,
1123 1129 1270 1184 inquit,
1305 1129 1369 1169 illa
1397 1128 1617 1182 responsio.
1676 1129 1777 1170 Nam

229 1189 297 1230 ubi
339 1188 452 1230 avide
497 1187 732 1236 devoratur,
789 1192 884 1227 tunc
935 1186 1084 1226 multus
1131 1198 1198 1226 aer
1246 1198 1336 1225 cum
1383 1185 1570 1225 edulibus
1613 1183 1781 1226 infertur

230 1251 394 1300 propter
423 1243 619 1284 hiantium
656 1243 780 1283 rictus
811 1248 850 1283 et
878 1242 1133 1283 crebritatem
1167 1240 1410 1295 respirandi;
1456 1240 1577 1294 igitur
1601 1240 1669 1281 ubi
1708 1255 1776 1281 aer

164 1302 218 1342 22
232 1315 351 1343 venas
380 1299 596 1354 conplevit,
633 1299 682 1339 ad
715 1298 970 1339 obiciendum
1004 1297 1205 1338 fastidium
1240 1310 1311 1350 pro
1346 1297 1437 1337 cibo
1467 1301 1667 1350 pensatur.
1726 1297 1777 1339 Ni

232 1357 425 1398 molestus
453 1355 525 1396 tibi
554 1368 655 1403 sum,
683 1354 829 1402 Disari,
867 1359 1001 1408 patere
1030 1353 1118 1407 plus
1151 1352 1274 1393 nimio
1303 1366 1350 1393 ex
1383 1351 1561 1392 discendi
1591 1351 1779 1406 cupidine

233 1412 495 1466 garrientem,
527 1415 567 1451 et
598 1410 728 1459 dicas,
761 1423 933 1463 quaeso,
965 1422 1036 1450 cur
1063 1408 1194 1449 edulia
1218 1408 1314 1449 satis
1344 1407 1470 1449 calida
1499 1407 1653 1449 facilius
1683 1422 1777 1448 con-

233 1467 445 1523 primimus
487 1479 556 1508 ore
603 1479 723 1520 quam
766 1479 888 1506 manu
924 1465 1187 1514 sustinemus,
1231 1470 1270 1505 et
1305 1464 1337 1504 si
1376 1463 1472 1518 quid
1512 1477 1651 1505 eorum
1691 1464 1779 1519 plus

330 1579 434 1622 [Mss.
460 1577 596 1609 APSH.

231 1634 324 1666 riens
349 1633 468 1665 biberit
493 1631 575 1673 cet.]
600 1631 698 1663 Plut.
724 1630 850 1673 Symp.
877 1631 935 1671 x'l,
961 1635 993 1663 3.
1023 1650 1056 1654 -
1091 1630 1208 1673 magis
1232 1641 1281 1661 ac
1311 1629 1428 1673 magis
1456 1629 1501 1660 11.
1548 1630 1664 1672 magis
1689 1633 1779 1667 (om.

231 1677 434 1721 magisque)
462 1687 541 1717 v-g.
581 1693 626 1698 —
664 1676 914 1718 cupiditatem
942 1676 1071 1719 potius
1097 1675 1189 1713 (del.
1222 1674 1251 1711 i)
1283 1673 1322 1705 A.
1460 1675 1514 1704 19.
1552 1679 1716 1716 permeet
1741 1673 1779 1705 S.

233 1741 277 1747 —-
303 1727 335 1755 et
353 1721 521 1764 compleat
544 1720 634 1760 (om.
658 1723 782 1757 venas)
809 1720 864 1751 ch.
893 1738 935 1743 —
961 1720 1086 1752 solatio
1107 1717 1380 1760 AHSv-gMiea
1408 1717 1529 1759 „quod
1556 1718 1671 1749 multo
1695 1728 1782 1760 gra-

232 1766 345 1799 tius.“
372 1766 486 1797 Gron.
526 1764 603 1796 vid.
630 1768 704 1796 not.
753 1765 945 1796 subsidio
977 1764 1080 1796 s-bP.
1217 1765 1272 1794 20.
1308 1762 1370 1793 hoc
1401 1767 1491 1800 (οιιι.
1518 1766 1667 1805 quoquc)
1702 1773 1782 1804 v-g.

232 1829 274 1834 —-
301 1811 421 1842 totius
446 1808 578 1851 p2-bl'.
714 1809 768 1839 21.
805 1810 915 1840 satias
947 1810 1040 1850 capit
1064 1807 1172 1850 p-bP.
1219 1806 1330 1839 satias
1353 1807 1515 1849 cupiunt
1540 1806 1782 1849 ASHvichgs,

234 1855 432 1887 satietate
461 1853 680 1895 capiuntur
703 1862 737 1883 a.
777 1871 816 1875 —
855 1854 1015 1884 ederunt
1043 1852 1080 1883 S.
1112 1870 1157 1875 —
1193 1851 1306 1893 inquit
1336 1850 1401 1882 ille
1422 1861 1501 1892 c-g.
1530 1869 1563 1873 —
1589 1851 1718 1882 multis
1742 1851 1780 1882 S.

232 1917 276 1923 ——-
302 1899 440 1931 eduliis
465 1908 544 1939 v-g.
571 1915 614 1919 —
640 1896 786 1928 hiatum
812 1908 891 1939 ug.
917 1915 951 1920 ——
978 1897 1213 1929 obiiciendum
1240 1905 1319 1934 v-g.
1456 1897 1511 1927 22.
1553 1895 1608 1927 Im
1620 1895 1783 1927 molestus

232 1948 324 1982 (om.
351 1943 407 1984 ni)
431 1941 470 1974 P.
506 1958 546 1964 —
584 1941 646 1973 tibi
663 1951 733 1972 om.
760 1951 819 1983 vg.
856 1959 897 1965 —
934 1942 1020 1974 satis
1041 1941 1177 1973 calida.-
1201 1939 1315 1972 satis
1332 1938 1480 1980 facilius
1502 1938 1565 1971 Av.
1599 1956 1642 1962 —-
1672 1940 1782 1982 possit

1085 2042 1141 2070 20.
1198 2038 1326 2081 exiguo
1363 2036 1641 2079 subministrata]
1689 2036 1712 2069 i.
1749 2049 1782 2070 c.

1042 2082 1188 2124 exiguis
1216 2082 1381 2124 partibus
1404 2080 1708 2114 subministratis.

1086 2130 1141 2158 21.
1167 2127 1196 2158 si
1216 2124 1366 2165 videtur]
1383 2124 1457 2155 Vid.
1474 2128 1545 2155 not.
1555 2124 1599 2155 ad
1613 2123 1651 2164 V,
1665 2126 1780 2162 13,17.

1094 2172 1163 2202 Cur
1204 2170 1262 2211 qui
1301 2168 1440 2199 avidius
1481 2173 1604 2199 vorant
1632 2169 1782 2208 facilius

1043 2215 1153 2246 satias
1176 2211 1281 2255 capit]
1307 2211 1358 2242 Iis
1384 2211 1444 2252 qui
1469 2211 1698 2252 scripserunt
1722 2223 1782 2244 ca—

234 2050 383 2073 causam
411 2039 615 2079 continent,
654 2051 718 2072 cur
741 2039 887 2082 ponitus
918 2039 970 2071 in-

233 2084 326 2116 fluat
353 2085 465 2127 potio.

282 2131 332 2160 19⁴
381 2129 500 2160 inedia
529 2151 560 2159 ..
595 2127 696 2170 quasi
730 2127 800 2158 iam
834 2139 901 2158 non
939 2127 973 2158 ἰη

233 2177 342 2205 totum
385 2183 497 2203 vacua
536 2171 724 2211 recreatur]
771 2170 974 2202 Dicendum

236 2220 331 2247 crat:
376 2217 425 2247 ab
463 2215 583 2246 inedia
623 2225 776 2256 corpus
817 2219 862 2246 ut
904 2215 973 2246 iam

235 2271 303 2291 non
329 2259 364 2290 in
390 2264 495 2291 lotum
522 2269 680 2290 vacuum
704 2264 891 2289 recreatur.
918 2258 972 2289 Cf.

234 2305 250 2344 ἕ
273 2306 339 2341 16.,
364 2307 399 2334 et
425 2302 536 2333 infra:
564 2303 657 2334 sitim
684 2326 691 2333 .
708 2325 715 2332 .
742 2303 907 2333 subleuat.

278 2347 377 2378 nullo
399 2347 523 2378 solatio
547 2344 717 2386 sublevat]
754 2345 840 2385 „Sic
866 2345 975 2387 paulo

236 2396 320 2432 post
345 2390 380 2433 [ἓ
406 2390 497 2431 20.];
530 2391 631 2422 Cibus
655 2390 782 2432 exiguo
807 2390 974 2421 submini-

235 2440 350 2467 strata
373 2435 547 2476 paulatim
570 2434 753 2476 penuriam
778 2434 974 2465 consola-

235 2485 316 2512 tur.
365 2478 435 2510 Sed
460 2482 495 2509 ct
519 2476 787 2519 posterioribus
811 2478 974 2509 solatium

236 2526 435 2564 usurpatur
481 2533 545 2564 pro
590 2521 768 2553 subsidio.
836 2522 976 2553 Paulus

235 2567 332 2608 apud
360 2566 577 2608 Eutropium
606 2566 669 2597 lib.
698 2564 856 2607 xl1{.[¹e]
891 2567 975 2598 Cum

236 2611 459 2642 barbarorum
481 2610 661 2642 solatiis
693 2619 838 2652 regnum
860 2615 974 2642 tenta·

235 2659 285 2685 ret
310 2655 485 2686 invadere.
533 2653 702 2685 Valerius
729 2664 872 2694 qnoque
899 2654 974 2685 Ma-

236 2698 356 2729 ximus
384 2698 442 2729 lv.
475 2708 553 2739 cap.
586 2698 651 2729 ult.
690 2697 974 2730 Detrimentorum

236 2743 375 2773 incursu
416 2742 591 2784 quassatis
631 2741 802 2774 solatia
847 2752 976 2783 eroga—

236 2786 400 2817 bantur.·‘
443 2785 563 2817 Gnosi.
599 2804 643 2810 —
685 2784 784 2816 Adde
820 2784 895 2817 Cic.
932 2786 976 2816 de

236 2829 310 2869 leg.
333 2839 409 2870 agr.
434 2829 483 2867 11,
508 2832 563 2867 29,
586 2832 641 2861 80.
675 2828 884 2861 solatium
909 2840 976 2861 an-

235 2883 356 2903 nonae.
405 2872 542 2904 Lucan.
566 2873 663 2913 vul,
688 2873 764 2904 469.
789 2874 886 2905 verni
912 2884 969 2905 so-

239 2915 353 2947 latia
379 2916 508 2948 damni.

1040 2259 1163 2300 piunt
1197 2255 1419 2297 imposuisse
1457 2255 1604 2287 videtur
1640 2260 1676 2288 et
1712 2266 1781 2287 vox

1045 2301 1167 2342 prisca
1198 2310 1219 2331 a
1250 2298 1453 2331 serioribus
1483 2298 1682 2340 requisita,
1723 2311 1782 2331 sa·

1044 2346 1125 2385 tias,
1151 2348 1187 2376 et
1209 2343 1389 2375 enuntiati
1415 2342 1652 2382 constructio,
1674 2354 1783 2385 quum

1044 2389 1227 2421 obiectum
1273 2387 1377 2419 verbi
1420 2388 1514 2430 capit
1557 2386 1629 2419 sint
1672 2388 1783 2420 verba

1044 2436 1138 2471 (eos)
1163 2433 1221 2474 qui
1244 2432 1383 2463 avidius
1403 2436 1526 2463 vorant
1546 2435 1581 2463 et
1604 2434 1698 2469 (eos)
1723 2432 1783 2473 qui

1044 2478 1164 2509 eadem
1201 2476 1350 2518 quietius
1390 2476 1540 2515 ederint,
1587 2485 1681 2516 quae
1722 2474 1781 2507 ini

1046 2532 1111 2563 pro
1137 2520 1303 2552 subiecto
1329 2519 1548 2551 habuerunt.

1089 2565 1136 2596 ad
1157 2564 1370 2596 obiciendum
1387 2560 1591 2604 fastidium]
1625 2560 1688 2593 Sic
1710 2561 1782 2594 ali-

1044 2608 1103 2641 cui
1151 2609 1251 2641 obiici
1297 2606 1432 2640 dicitur
1475 2606 1596 2643 furor,
1649 2608 1781 2645 terror,

1044 2664 1140 2694 spes,
1167 2653 1214 2684 al.
1263 2651 1316 2682 Cf.
1341 2650 1417 2681 Cic.
1441 2661 1475 2690 p.
1496 2649 1605 2680 Rosc.
1626 2649 1702 2680 Am.
1729 2651 1782 2691 14,

1043 2698 1106 2736 403
1132 2695 1210 2728 Liv.
1239 2694 1382 2732 XXVII,
1408 2695 1438 2731 l,
1461 2695 1498 2731 63
1524 2692 1583 2731 VI,
1610 2693 1664 2733 14,
1694 2695 1744 2725 12.

1086 2751 1150 2782 pro
1175 2740 1249 2771 cibo
1271 2736 1450 2780 pensatur]
1484 2736 1509 2768 i.
1532 2746 1563 2767 e.
1593 2735 1691 2768 idem
1716 2747 1781 2770 va-

1044 2785 1097 2816 let
1120 2794 1163 2815 ac
1193 2782 1223 2813 si
1252 2782 1334 2823 plus
1360 2780 1432 2811 cibi
1459 2783 1643 2821 sumptum
1669 2779 1730 2813 sit.

1086 2828 1141 2858 22.
1161 2827 1239 2868 plus
1252 2823 1372 2866 nimio]
1387 2823 1465 2855 Vid.
1481 2828 1553 2855 not.
1567 2823 1611 2856 ad
1627 2835 1657 2856 c.
1672 2827 1704 2864 l,
1717 2825 1733 2866 ᾗ
1745 2826 1780 2856 2.

1087 2869 1186 2911 satis]
1211 2867 1289 2900 Vid.
1314 2872 1389 2899 not.
1416 2867 1461 2899 ad
1488 2867 1548 2906 IV,
1572 2870 1605 2904 2,
1630 2871 1661 2899 1.

1086 2913 1166 2956 plus
1184 2911 1313 2954 fervet]
1339 2911 1396 2944 cf.
1421 2911 1550 2945 Horat.
1576 2911 1643 2954 Ep.
1670 2911 1700 2951 1,
1723 2913 1778 2950 10,
