<?xml version="1.0" encoding="UTF-8"?>
<!DOCTYPE html PUBLIC "-//W3C//DTD XHTML 1.0 Transitional//EN"
    "http://www.w3.org/TR/xhtml1/DTD/xhtml1-transitional.dtd">
<html xmlns="http://www.w3.org/1999/xhtml" xml:lang="en" lang="en">
 <head>
  <title>
</title>
<meta http-equiv="Content-Type" content="text/html;charset=utf-8" />
  <meta name='ocr-system' content='tesseract 3.04.00' />
  <meta name='ocr-capabilities' content='ocr_page ocr_carea ocr_par ocr_line ocrx_word'/>
</head>
<body>
  <div class='ocr_page' id='page_1' title='image "./operaquaesupersu02macruoft/operaquaesupersu02macruoft_0672.png"; bbox 0 0 1845 3131; ppageno 0'>
   <div class='ocr_carea' id='block_1_1' title="bbox 108 123 1725 1121">
    <p class='ocr_par' dir='ltr' id='par_1_1' title="bbox 375 123 1141 180">
     <span class='ocr_line' id='line_1_1' title="bbox 375 123 1141 180; baseline 0.001 -14"><span class='ocrx_word' id='word_1_1' title='bbox 375 152 428 157; x_wconf 89' lang='lat'>—</span> <span class='ocrx_word' id='word_1_2' title='bbox 458 125 543 167; x_wconf 75' lang='grc' dir='ltr'><strong>Διὰ</strong></span> <span class='ocrx_word' id='word_1_3' title='bbox 574 123 773 178; x_wconf 80' lang='grc' dir='ltr'><em>λαμπρὸν</em></span> <span class='ocrx_word' id='word_1_4' title='bbox 801 125 936 167; x_wconf 89' lang='grc' dir='ltr'><em>πόλον</em></span> <span class='ocrx_word' id='word_1_5' title='bbox 970 124 1141 180; x_wconf 78' lang='grc' dir='ltr'><em>ἄστρων</em></span> 
     </span>
    </p>

    <p class='ocr_par' dir='ltr' id='par_1_2' title="bbox 377 179 994 230">
     <span class='ocr_line' id='line_1_2' title="bbox 377 179 994 230; baseline -0.002 -7"><span class='ocrx_word' id='word_1_6' title='bbox 377 181 449 223; x_wconf 83' lang='grc' dir='ltr'><strong>διὰ</strong></span> <span class='ocrx_word' id='word_1_7' title='bbox 476 180 509 221; x_wconf 83' lang='grc' dir='ltr'><strong>τ’</strong></span> <span class='ocrx_word' id='word_1_8' title='bbox 536 179 772 222; x_wconf 81' lang='grc' dir='ltr'>ωκυτόκοιο</span> <span class='ocrx_word' id='word_1_9' title='bbox 805 180 994 230; x_wconf 80' lang='grc' dir='ltr'><strong><em>σελάνας.</em></strong></span> 
     </span>
    </p>

    <p class='ocr_par' dir='ltr' id='par_1_3' title="bbox 108 237 1718 447">
     <span class='ocr_line' id='line_1_3' title="bbox 108 237 1718 294; baseline -0.001 -11.986"><span class='ocrx_word' id='word_1_10' title='bbox 108 241 162 281; x_wconf 83' lang='grc'><strong>)9</strong></span> <span class='ocrx_word' id='word_1_11' title='bbox 180 240 261 282; x_wconf 87' lang='lat' dir='ltr'><strong>Nee</strong></span> <span class='ocrx_word' id='word_1_12' title='bbox 292 239 423 280; x_wconf 90' lang='lat' dir='ltr'><strong>minus</strong></span> <span class='ocrx_word' id='word_1_13' title='bbox 455 238 557 278; x_wconf 88' lang='lat' dir='ltr'><strong>circa</strong></span> <span class='ocrx_word' id='word_1_14' title='bbox 584 237 757 278; x_wconf 88' lang='lat' dir='ltr'><strong>inanima</strong></span> <span class='ocrx_word' id='word_1_15' title='bbox 787 238 904 279; x_wconf 88' lang='lat' dir='ltr'><strong>lunae</strong></span> <span class='ocrx_word' id='word_1_16' title='bbox 936 237 1158 292; x_wconf 80' lang='lat' dir='ltr'>proprietas</span> <span class='ocrx_word' id='word_1_17' title='bbox 1189 238 1424 280; x_wconf 81' lang='lat' dir='ltr'><strong>ostenditur.</strong></span> <span class='ocrx_word' id='word_1_18' title='bbox 1482 240 1581 282; x_wconf 87' lang='lat' dir='ltr'><strong>Nam</strong></span> <span class='ocrx_word' id='word_1_19' title='bbox 1613 240 1718 294; x_wconf 80' lang='lat' dir='ltr'><strong>ligna</strong></span> 
     </span>
     <span class='ocr_line' id='line_1_4' title="bbox 177 293 1718 350; baseline 0 -14"><span class='ocrx_word' id='word_1_20' title='bbox 177 308 279 350; x_wconf 86' lang='lat' dir='ltr'><strong>quae</strong></span> <span class='ocrx_word' id='word_1_21' title='bbox 308 295 399 334; x_wconf 89' lang='lat' dir='ltr'><strong>luna</strong></span> <span class='ocrx_word' id='word_1_22' title='bbox 428 293 487 334; x_wconf 89' lang='lat' dir='ltr'><strong>vel</strong></span> <span class='ocrx_word' id='word_1_23' title='bbox 522 294 598 333; x_wconf 89' lang='lat' dir='ltr'><strong>iam</strong></span> <span class='ocrx_word' id='word_1_24' title='bbox 640 294 753 347; x_wconf 91' lang='lat' dir='ltr'><strong>plena</strong></span> <span class='ocrx_word' id='word_1_25' title='bbox 784 295 843 334; x_wconf 77' lang='lat' dir='ltr'><strong>vel</strong></span> <span class='ocrx_word' id='word_1_26' title='bbox 878 294 1008 334; x_wconf 89' lang='lat' dir='ltr'><strong>adhuc</strong></span> <span class='ocrx_word' id='word_1_27' title='bbox 1044 299 1246 334; x_wconf 78' lang='lat' dir='ltr'><strong>crescente</strong></span> <span class='ocrx_word' id='word_1_28' title='bbox 1275 294 1426 335; x_wconf 90' lang='lat' dir='ltr'><strong>deiecta</strong></span> <span class='ocrx_word' id='word_1_29' title='bbox 1457 301 1550 336; x_wconf 89' lang='lat' dir='ltr'><strong>sunt</strong></span> <span class='ocrx_word' id='word_1_30' title='bbox 1586 296 1718 350; x_wconf 90' lang='lat' dir='ltr'><strong>inepta</strong></span> 
     </span>
     <span class='ocr_line' id='line_1_5' title="bbox 179 349 1717 412; baseline 0.001 -21"><span class='ocrx_word' id='word_1_31' title='bbox 179 356 272 391; x_wconf 91' lang='lat' dir='ltr'><strong>sunt</strong></span> <span class='ocrx_word' id='word_1_32' title='bbox 296 349 471 398; x_wconf 78' lang='lat' dir='ltr'><strong>fabricis,</strong></span> <span class='ocrx_word' id='word_1_33' title='bbox 503 349 615 403; x_wconf 80' lang='lat' dir='ltr'>quasi</span> <span class='ocrx_word' id='word_1_34' title='bbox 646 349 820 390; x_wconf 87' lang='lat' dir='ltr'><strong>emollita</strong></span> <span class='ocrx_word' id='word_1_35' title='bbox 851 364 919 404; x_wconf 89' lang='lat' dir='ltr'><strong>per</strong></span> <span class='ocrx_word' id='word_1_36' title='bbox 950 350 1129 390; x_wconf 89' lang='lat' dir='ltr'><strong>humoris</strong></span> <span class='ocrx_word' id='word_1_37' title='bbox 1157 351 1475 412; x_wconf 78' lang='lat' dir='ltr'><strong>conceptionem.</strong></span> <span class='ocrx_word' id='word_1_38' title='bbox 1534 352 1588 392; x_wconf 89' lang='lat' dir='ltr'><strong>Et</strong></span> <span class='ocrx_word' id='word_1_39' title='bbox 1615 365 1717 405; x_wconf 82' lang='lat' dir='ltr'><strong>agri-</strong></span> 
     </span>
     <span class='ocr_line' id='line_1_6' title="bbox 178 405 1717 447; baseline 0.001 -1"><span class='ocrx_word' id='word_1_40' title='bbox 178 406 273 446; x_wconf 91' lang='lat' dir='ltr'><strong>colis</strong></span> <span class='ocrx_word' id='word_1_41' title='bbox 310 418 429 446; x_wconf 86' lang='lat' dir='ltr'><strong>curae</strong></span> <span class='ocrx_word' id='word_1_42' title='bbox 467 410 527 446; x_wconf 90' lang='lat' dir='ltr'><strong>est</strong></span> <span class='ocrx_word' id='word_1_43' title='bbox 556 405 753 446; x_wconf 82' lang='lat' dir='ltr'><strong>frumenta</strong></span> <span class='ocrx_word' id='word_1_44' title='bbox 790 406 838 446; x_wconf 91' lang='lat' dir='ltr'><strong>de</strong></span> <span class='ocrx_word' id='word_1_45' title='bbox 870 406 971 446; x_wconf 89' lang='lat' dir='ltr'><strong>areis</strong></span> <span class='ocrx_word' id='word_1_46' title='bbox 1011 420 1090 446; x_wconf 89' lang='lat' dir='ltr'><strong>non</strong></span> <span class='ocrx_word' id='word_1_47' title='bbox 1126 405 1199 445; x_wconf 83' lang='lat' dir='ltr'><strong>nisi</strong></span> <span class='ocrx_word' id='word_1_48' title='bbox 1237 406 1328 446; x_wconf 85' lang='lat' dir='ltr'><strong>luna</strong></span> <span class='ocrx_word' id='word_1_49' title='bbox 1360 406 1568 446; x_wconf 83' lang='lat' dir='ltr'><strong>deficiente</strong></span> <span class='ocrx_word' id='word_1_50' title='bbox 1607 407 1717 447; x_wconf 88' lang='lat' dir='ltr'><strong>eolli-</strong></span> 
     </span>
    </p>

    <p class='ocr_par' dir='ltr' id='par_1_4' title="bbox 112 461 1720 515">
     <span class='ocr_line' id='line_1_7' title="bbox 112 461 1720 515; baseline 0 -13"><span class='ocrx_word' id='word_1_51' title='bbox 112 462 164 503; x_wconf 89' lang='grc'><strong>30</strong></span> <span class='ocrx_word' id='word_1_52' title='bbox 179 475 290 515; x_wconf 83' lang='lat' dir='ltr'><strong>gere,</strong></span> <span class='ocrx_word' id='word_1_53' title='bbox 336 466 382 501; x_wconf 90' lang='lat' dir='ltr'><strong>ut</strong></span> <span class='ocrx_word' id='word_1_54' title='bbox 411 461 511 501; x_wconf 88' lang='lat' dir='ltr'><strong>sicca</strong></span> <span class='ocrx_word' id='word_1_55' title='bbox 545 466 813 515; x_wconf 88' lang='lat' dir='ltr'><strong>permancant.</strong></span> <span class='ocrx_word' id='word_1_56' title='bbox 872 462 1020 503; x_wconf 79' lang='lat' dir='ltr'><strong>Contra</strong></span> <span class='ocrx_word' id='word_1_57' title='bbox 1053 475 1155 515; x_wconf 89' lang='lat' dir='ltr'><strong>quae</strong></span> <span class='ocrx_word' id='word_1_58' title='bbox 1184 461 1367 501; x_wconf 85' lang='lat' dir='ltr'><strong>humecta</strong></span> <span class='ocrx_word' id='word_1_59' title='bbox 1399 461 1599 501; x_wconf 87' lang='lat' dir='ltr'><strong>desideras</strong></span> <span class='ocrx_word' id='word_1_60' title='bbox 1626 463 1720 502; x_wconf 83' lang='lat' dir='ltr'><strong>luna</strong></span> 
     </span>
    </p>

    <p class='ocr_par' dir='ltr' id='par_1_5' title="bbox 115 516 1719 627">
     <span class='ocr_line' id='line_1_8' title="bbox 115 516 1719 573; baseline -0.001 -15"><span class='ocrx_word' id='word_1_61' title='bbox 115 521 412 573; x_wconf 66' lang='lat' dir='ltr'><strong>[28010rescente</strong></span> <span class='ocrx_word' id='word_1_62' title='bbox 441 516 639 557; x_wconf 83' lang='lat' dir='ltr'><strong>conficies.</strong></span> <span class='ocrx_word' id='word_1_63' title='bbox 700 518 812 558; x_wconf 91' lang='lat' dir='ltr'><strong>Tunc</strong></span> <span class='ocrx_word' id='word_1_64' title='bbox 847 523 885 557; x_wconf 81' lang='lat' dir='ltr'><strong>et</strong></span> <span class='ocrx_word' id='word_1_65' title='bbox 913 518 1073 558; x_wconf 84' lang='lat' dir='ltr'><strong>arbores</strong></span> <span class='ocrx_word' id='word_1_66' title='bbox 1103 517 1233 571; x_wconf 86' lang='lat' dir='ltr'><strong>aptius</strong></span> <span class='ocrx_word' id='word_1_67' title='bbox 1265 531 1390 565; x_wconf 91' lang='lat' dir='ltr'><strong>seres,</strong></span> <span class='ocrx_word' id='word_1_68' title='bbox 1430 517 1598 557; x_wconf 78' lang='lat' dir='ltr'><strong>maxime</strong></span> <span class='ocrx_word' id='word_1_69' title='bbox 1629 531 1719 557; x_wconf 88' lang='lat' dir='ltr'><strong>cum</strong></span> 
     </span>
     <span class='ocr_line' id='line_1_9' title="bbox 181 573 1719 627; baseline -0.001 -13"><span class='ocrx_word' id='word_1_70' title='bbox 181 574 245 615; x_wconf 92' lang='lat' dir='ltr'><strong>illa</strong></span> <span class='ocrx_word' id='word_1_71' title='bbox 283 578 343 613; x_wconf 89' lang='lat' dir='ltr'><strong>est</strong></span> <span class='ocrx_word' id='word_1_72' title='bbox 379 586 500 626; x_wconf 91' lang='lat' dir='ltr'><strong>super</strong></span> <span class='ocrx_word' id='word_1_73' title='bbox 536 578 700 621; x_wconf 89' lang='lat' dir='ltr'><strong>terram,</strong></span> <span class='ocrx_word' id='word_1_74' title='bbox 748 573 840 627; x_wconf 87' lang='lat' dir='ltr'><strong>quia</strong></span> <span class='ocrx_word' id='word_1_75' title='bbox 872 574 918 614; x_wconf 92' lang='lat' dir='ltr'><strong>ad</strong></span> <span class='ocrx_word' id='word_1_76' title='bbox 954 574 1196 614; x_wconf 82' lang='lat' dir='ltr'><strong>incrementa</strong></span> <span class='ocrx_word' id='word_1_77' title='bbox 1230 573 1411 627; x_wconf 82' lang='lat' dir='ltr'><strong>stirpium</strong></span> <span class='ocrx_word' id='word_1_78' title='bbox 1452 573 1719 613; x_wconf 86' lang='lat' dir='ltr'><strong>necessarium</strong></span> 
     </span>
    </p>

    <p class='ocr_par' dir='ltr' id='par_1_6' title="bbox 113 628 1723 850">
     <span class='ocr_line' id='line_1_10' title="bbox 113 628 1721 683; baseline -0.002 -11"><span class='ocrx_word' id='word_1_79' title='bbox 113 631 241 671; x_wconf 79' lang='lat' dir='ltr'><strong>3lest</strong></span> <span class='ocrx_word' id='word_1_80' title='bbox 272 628 453 668; x_wconf 87' lang='lat' dir='ltr'><strong>humoris</strong></span> <span class='ocrx_word' id='word_1_81' title='bbox 490 628 735 668; x_wconf 80' lang='lat' dir='ltr'><strong>alimentum.</strong></span> <span class='ocrx_word' id='word_1_82' title='bbox 805 632 886 669; x_wconf 85' lang='lat' dir='ltr'><strong>Aer</strong></span> <span class='ocrx_word' id='word_1_83' title='bbox 920 629 1003 683; x_wconf 90' lang='lat' dir='ltr'><strong>ipse</strong></span> <span class='ocrx_word' id='word_1_84' title='bbox 1040 629 1355 683; x_wconf 82' lang='lat' dir='ltr'><strong>proprietatem</strong></span> <span class='ocrx_word' id='word_1_85' title='bbox 1360 629 1507 668; x_wconf 85' lang='lat' dir='ltr'><strong>lunaris</strong></span> <span class='ocrx_word' id='word_1_86' title='bbox 1543 628 1721 669; x_wconf 86' lang='lat' dir='ltr'><strong>humoris</strong></span> 
     </span>
     <span class='ocr_line' id='line_1_11' title="bbox 180 683 1723 738; baseline -0.002 -11"><span class='ocrx_word' id='word_1_87' title='bbox 180 691 220 727; x_wconf 88' lang='lat' dir='ltr'><strong>et</strong></span> <span class='ocrx_word' id='word_1_88' title='bbox 254 684 402 738; x_wconf 88' lang='lat' dir='ltr'><strong>patitur</strong></span> <span class='ocrx_word' id='word_1_89' title='bbox 435 689 474 724; x_wconf 89' lang='lat' dir='ltr'><strong>et</strong></span> <span class='ocrx_word' id='word_1_90' title='bbox 511 683 655 737; x_wconf 88' lang='lat' dir='ltr'><strong>prodit.</strong></span> <span class='ocrx_word' id='word_1_91' title='bbox 713 685 811 725; x_wconf 83' lang='lat' dir='ltr'><strong>Nam</strong></span> <span class='ocrx_word' id='word_1_92' title='bbox 847 698 935 725; x_wconf 88' lang='lat' dir='ltr'><strong>eum</strong></span> <span class='ocrx_word' id='word_1_93' title='bbox 968 685 1058 726; x_wconf 90' lang='lat' dir='ltr'><strong>luna</strong></span> <span class='ocrx_word' id='word_1_94' title='bbox 1092 685 1205 738; x_wconf 83' lang='lat' dir='ltr'><strong>plena</strong></span> <span class='ocrx_word' id='word_1_95' title='bbox 1239 690 1298 725; x_wconf 89' lang='lat' dir='ltr'><strong>est</strong></span> <span class='ocrx_word' id='word_1_96' title='bbox 1328 685 1385 725; x_wconf 85' lang='lat' dir='ltr'><strong>vel</strong></span> <span class='ocrx_word' id='word_1_97' title='bbox 1423 698 1511 725; x_wconf 89' lang='lat' dir='ltr'><strong>cum</strong></span> <span class='ocrx_word' id='word_1_98' title='bbox 1546 685 1723 724; x_wconf 88' lang='lat' dir='ltr'><strong>nascitur</strong></span> 
     </span>
     <span class='ocr_line' id='line_1_12' title="bbox 182 739 1722 795; baseline -0.001 -15"><span class='ocrx_word' id='word_1_99' title='bbox 182 741 241 795; x_wconf 87' lang='lat' dir='ltr'><strong>(et</strong></span> <span class='ocrx_word' id='word_1_100' title='bbox 266 745 361 779; x_wconf 87' lang='lat' dir='ltr'><strong>tunc</strong></span> <span class='ocrx_word' id='word_1_101' title='bbox 392 739 494 778; x_wconf 87' lang='lat' dir='ltr'><strong>enim</strong></span> <span class='ocrx_word' id='word_1_102' title='bbox 529 753 549 779; x_wconf 89' lang='lat' dir='ltr'><strong>a</strong></span> <span class='ocrx_word' id='word_1_103' title='bbox 577 744 689 793; x_wconf 87' lang='lat' dir='ltr'><strong>parte</strong></span> <span class='ocrx_word' id='word_1_104' title='bbox 720 753 796 792; x_wconf 89' lang='lat' dir='ltr'><strong>qua</strong></span> <span class='ocrx_word' id='word_1_105' title='bbox 826 753 983 780; x_wconf 88' lang='lat' dir='ltr'><strong>sursum</strong></span> <span class='ocrx_word' id='word_1_106' title='bbox 1012 740 1176 794; x_wconf 83' lang='lat' dir='ltr'><strong>suspicit</strong></span> <span class='ocrx_word' id='word_1_107' title='bbox 1203 741 1316 794; x_wconf 84' lang='lat' dir='ltr'><strong>plena</strong></span> <span class='ocrx_word' id='word_1_108' title='bbox 1344 741 1445 793; x_wconf 89' lang='lat' dir='ltr'><strong>est),</strong></span> <span class='ocrx_word' id='word_1_109' title='bbox 1489 753 1556 780; x_wconf 92' lang='lat' dir='ltr'><strong>aer</strong></span> <span class='ocrx_word' id='word_1_110' title='bbox 1586 746 1655 780; x_wconf 88' lang='lat' dir='ltr'><strong>aut</strong></span> <span class='ocrx_word' id='word_1_111' title='bbox 1684 740 1722 779; x_wconf 92' lang='lat' dir='ltr'><strong>in</strong></span> 
     </span>
     <span class='ocr_line' id='line_1_13' title="bbox 180 794 1722 850; baseline 0 -15"><span class='ocrx_word' id='word_1_112' title='bbox 180 795 353 850; x_wconf 81' lang='lat' dir='ltr'><strong>pluviam</strong></span> <span class='ocrx_word' id='word_1_113' title='bbox 389 794 556 835; x_wconf 64' lang='lat' dir='ltr'><strong>solxitur</strong></span> <span class='ocrx_word' id='word_1_114' title='bbox 595 800 680 842; x_wconf 86' lang='lat' dir='ltr'><strong>aut,</strong></span> <span class='ocrx_word' id='word_1_115' title='bbox 725 810 756 835; x_wconf 89' lang='grc' dir='ltr'><strong>5ι</strong></span> <span class='ocrx_word' id='word_1_116' title='bbox 792 795 915 835; x_wconf 89' lang='lat' dir='ltr'><strong>sudus</strong></span> <span class='ocrx_word' id='word_1_117' title='bbox 949 796 1019 843; x_wconf 90' lang='lat' dir='ltr'><strong>sit,</strong></span> <span class='ocrx_word' id='word_1_118' title='bbox 1066 796 1234 836; x_wconf 89' lang='lat' dir='ltr'><strong>multum</strong></span> <span class='ocrx_word' id='word_1_119' title='bbox 1273 796 1321 836; x_wconf 90' lang='lat' dir='ltr'><strong>de</strong></span> <span class='ocrx_word' id='word_1_120' title='bbox 1352 809 1393 836; x_wconf 92' lang='lat' dir='ltr'><strong>se</strong></span> <span class='ocrx_word' id='word_1_121' title='bbox 1427 796 1528 836; x_wconf 88' lang='lat' dir='ltr'><strong>roris</strong></span> <span class='ocrx_word' id='word_1_122' title='bbox 1559 795 1722 836; x_wconf 85' lang='lat' dir='ltr'><strong>emittit:</strong></span> 
     </span>
    </p>

    <p class='ocr_par' dir='ltr' id='par_1_7' title="bbox 115 850 1725 1015">
     <span class='ocr_line' id='line_1_14' title="bbox 115 850 1724 904; baseline -0.001 -12"><span class='ocrx_word' id='word_1_123' title='bbox 115 852 167 892; x_wconf 73' lang='lat'><strong>32</strong></span> <span class='ocrx_word' id='word_1_124' title='bbox 186 851 294 892; x_wconf 88' lang='lat' dir='ltr'><strong>unde</strong></span> <span class='ocrx_word' id='word_1_125' title='bbox 329 855 367 890; x_wconf 90' lang='lat' dir='ltr'><strong>et</strong></span> <span class='ocrx_word' id='word_1_126' title='bbox 398 850 568 890; x_wconf 83' lang='lat' dir='ltr'><strong>Alcman</strong></span> <span class='ocrx_word' id='word_1_127' title='bbox 602 850 747 904; x_wconf 49' lang='lat' dir='ltr'><strong>lyricus</strong></span> <span class='ocrx_word' id='word_1_128' title='bbox 784 851 882 891; x_wconf 84' lang='lat' dir='ltr'><strong>dixit</strong></span> <span class='ocrx_word' id='word_1_129' title='bbox 919 865 1049 891; x_wconf 82' lang='lat' dir='ltr'><strong>rorem</strong></span> <span class='ocrx_word' id='word_1_130' title='bbox 1089 851 1189 891; x_wconf 85' lang='lat' dir='ltr'><strong>aeris</strong></span> <span class='ocrx_word' id='word_1_131' title='bbox 1226 857 1265 891; x_wconf 88' lang='lat' dir='ltr'><strong>et</strong></span> <span class='ocrx_word' id='word_1_132' title='bbox 1303 851 1419 890; x_wconf 88' lang='lat' dir='ltr'><strong>lunae</strong></span> <span class='ocrx_word' id='word_1_133' title='bbox 1461 851 1596 891; x_wconf 85' lang='lat' dir='ltr'><strong>lilium.</strong></span> <span class='ocrx_word' id='word_1_134' title='bbox 1664 852 1724 891; x_wconf 86' lang='lat' dir='ltr'><strong>lta</strong></span> 
     </span>
     <span class='ocr_line' id='line_1_15' title="bbox 181 906 1725 959; baseline 0 -12"><span class='ocrx_word' id='word_1_135' title='bbox 181 906 361 959; x_wconf 85' lang='lat' dir='ltr'><strong>undique</strong></span> <span class='ocrx_word' id='word_1_136' title='bbox 389 920 546 946; x_wconf 87' lang='lat' dir='ltr'><strong>versum</strong></span> <span class='ocrx_word' id='word_1_137' title='bbox 580 907 773 959; x_wconf 81' lang='lat' dir='ltr'><strong>probatur</strong></span> <span class='ocrx_word' id='word_1_138' title='bbox 803 907 850 946; x_wconf 91' lang='lat' dir='ltr'><strong>ad</strong></span> <span class='ocrx_word' id='word_1_139' title='bbox 882 906 1168 948; x_wconf 84' lang='lat' dir='ltr'><strong>humectandas</strong></span> <span class='ocrx_word' id='word_1_140' title='bbox 1201 906 1556 959; x_wconf 81' lang='lat' dir='ltr'><strong>dissolvendasque</strong></span> <span class='ocrx_word' id='word_1_141' title='bbox 1588 919 1725 947; x_wconf 85' lang='lat' dir='ltr'><strong>carnes</strong></span> 
     </span>
     <span class='ocr_line' id='line_1_16' title="bbox 183 961 1724 1015; baseline 0 -13"><span class='ocrx_word' id='word_1_142' title='bbox 183 962 311 1002; x_wconf 88' lang='lat' dir='ltr'><strong>inesse</strong></span> <span class='ocrx_word' id='word_1_143' title='bbox 346 961 472 1001; x_wconf 89' lang='lat' dir='ltr'><strong>lunari</strong></span> <span class='ocrx_word' id='word_1_144' title='bbox 507 962 646 1002; x_wconf 89' lang='lat' dir='ltr'><strong>lumini</strong></span> <span class='ocrx_word' id='word_1_145' title='bbox 682 962 986 1015; x_wconf 83' lang='lat' dir='ltr'><strong>proprietatem,</strong></span> <span class='ocrx_word' id='word_1_146' title='bbox 1028 976 1145 1015; x_wconf 88' lang='lat' dir='ltr'><strong>quam</strong></span> <span class='ocrx_word' id='word_1_147' title='bbox 1180 962 1304 1015; x_wconf 78' lang='lat' dir='ltr'><strong>magis</strong></span> <span class='ocrx_word' id='word_1_148' title='bbox 1335 975 1432 1001; x_wconf 88' lang='lat' dir='ltr'><strong>usus</strong></span> <span class='ocrx_word' id='word_1_149' title='bbox 1465 975 1583 1015; x_wconf 85' lang='lat' dir='ltr'><strong>quam</strong></span> <span class='ocrx_word' id='word_1_150' title='bbox 1622 962 1724 1002; x_wconf 89' lang='lat' dir='ltr'><strong>ratio</strong></span> 
     </span>
    </p>

    <p class='ocr_par' dir='ltr' id='par_1_8' title="bbox 116 1016 1725 1121">
     <span class='ocr_line' id='line_1_17' title="bbox 116 1016 1724 1071; baseline 0 -14"><span class='ocrx_word' id='word_1_151' title='bbox 116 1017 168 1057; x_wconf 86' lang='grc'><strong>33</strong></span> <span class='ocrx_word' id='word_1_152' title='bbox 184 1016 454 1071; x_wconf 86' lang='lat' dir='ltr'><strong>deprehendit.</strong></span> <span class='ocrx_word' id='word_1_153' title='bbox 514 1017 635 1067; x_wconf 87' lang='lat' dir='ltr'><strong>Quod</strong></span> <span class='ocrx_word' id='word_1_154' title='bbox 668 1023 800 1058; x_wconf 89' lang='lat' dir='ltr'><strong>autem</strong></span> <span class='ocrx_word' id='word_1_155' title='bbox 831 1018 986 1067; x_wconf 83' lang='lat' dir='ltr'><strong>dixisti,</strong></span> <span class='ocrx_word' id='word_1_156' title='bbox 1017 1018 1240 1071; x_wconf 79' lang='lat' dir='ltr'><strong>Evangcle‚</strong></span> <span class='ocrx_word' id='word_1_157' title='bbox 1270 1018 1321 1058; x_wconf 89' lang='lat' dir='ltr'><strong>de</strong></span> <span class='ocrx_word' id='word_1_158' title='bbox 1351 1022 1468 1057; x_wconf 88' lang='lat' dir='ltr'><strong>acuto</strong></span> <span class='ocrx_word' id='word_1_159' title='bbox 1498 1030 1643 1066; x_wconf 87' lang='lat' dir='ltr'><strong>aeneo,</strong></span> <span class='ocrx_word' id='word_1_160' title='bbox 1684 1017 1724 1057; x_wconf 89' lang='lat' dir='ltr'><strong>ni</strong></span> 
     </span>
     <span class='ocr_line' id='line_1_18' title="bbox 182 1072 1725 1121; baseline -0.001 -7"><span class='ocrx_word' id='word_1_161' title='bbox 182 1073 295 1114; x_wconf 86' lang='lat' dir='ltr'><strong>fallor</strong></span> <span class='ocrx_word' id='word_1_162' title='bbox 326 1072 554 1114; x_wconf 88' lang='lat' dir='ltr'><strong>coniectura</strong></span> <span class='ocrx_word' id='word_1_163' title='bbox 592 1087 698 1121; x_wconf 85' lang='lat' dir='ltr'><strong>mea,</strong></span> <span class='ocrx_word' id='word_1_164' title='bbox 736 1088 756 1113; x_wconf 91' lang='lat' dir='ltr'><strong>a</strong></span> <span class='ocrx_word' id='word_1_165' title='bbox 791 1087 882 1114; x_wconf 73' lang='lat' dir='ltr'><strong>vero</strong></span> <span class='ocrx_word' id='word_1_166' title='bbox 917 1088 995 1114; x_wconf 90' lang='lat' dir='ltr'><strong>non</strong></span> <span class='ocrx_word' id='word_1_167' title='bbox 1033 1073 1174 1115; x_wconf 84' lang='lat' dir='ltr'><strong>deviat.</strong></span> <span class='ocrx_word' id='word_1_168' title='bbox 1233 1074 1307 1114; x_wconf 88' lang='lat' dir='ltr'><strong>Est</strong></span> <span class='ocrx_word' id='word_1_169' title='bbox 1332 1073 1435 1113; x_wconf 90' lang='lat' dir='ltr'><strong>enim</strong></span> <span class='ocrx_word' id='word_1_170' title='bbox 1469 1073 1508 1113; x_wconf 92' lang='lat' dir='ltr'><strong>in</strong></span> <span class='ocrx_word' id='word_1_171' title='bbox 1543 1085 1633 1113; x_wconf 83' lang='lat' dir='ltr'><strong>aere</strong></span> <span class='ocrx_word' id='word_1_172' title='bbox 1669 1073 1725 1114; x_wconf 90' lang='lat' dir='ltr'><strong>vis</strong></span> 
     </span>
    </p>
   </div>
   <div class='ocr_carea' id='block_1_2' title="bbox 273 1194 542 1237">
    <p class='ocr_par' dir='ltr' id='par_1_9' title="bbox 273 1194 542 1237">
     <span class='ocr_line' id='line_1_19' title="bbox 273 1194 542 1237; baseline -0.004 -10"><span class='ocrx_word' id='word_1_173' title='bbox 273 1194 380 1237; x_wconf 78' lang='lat' dir='ltr'><strong>[Mss.</strong></span> <span class='ocrx_word' id='word_1_174' title='bbox 405 1194 542 1227; x_wconf 76' lang='lat' dir='ltr'><strong>APSH.</strong></span> 
     </span>
    </p>
   </div>
   <div class='ocr_carea' id='block_1_3' title="bbox 182 1246 1729 1512">
    <p class='ocr_par' dir='ltr' id='par_1_10' title="bbox 182 1246 1729 1512">
     <span class='ocr_line' id='line_1_20' title="bbox 183 1246 1726 1288; baseline -0.001 -6"><span class='ocrx_word' id='word_1_175' title='bbox 183 1250 288 1282; x_wconf 79' lang='lat' dir='ltr'><strong>s-hP.</strong></span> <span class='ocrx_word' id='word_1_176' title='bbox 424 1252 477 1280; x_wconf 80' lang='lat'><strong>28.</strong></span> <span class='ocrx_word' id='word_1_177' title='bbox 510 1246 581 1281; x_wconf 76' lang='grc' dir='ltr'><strong>Διὰ</strong></span> <span class='ocrx_word' id='word_1_178' title='bbox 607 1273 615 1281; x_wconf 94' lang='grc'><strong>.</strong></span> <span class='ocrx_word' id='word_1_179' title='bbox 631 1273 639 1281; x_wconf 93' lang='grc'><em>.</em></span> <span class='ocrx_word' id='word_1_180' title='bbox 667 1247 816 1288; x_wconf 74' lang='grc' dir='ltr'><em>σελάνας</em></span> <span class='ocrx_word' id='word_1_181' title='bbox 840 1262 907 1282; x_wconf 88' lang='grc' dir='ltr'>οιιι.</span> <span class='ocrx_word' id='word_1_182' title='bbox 929 1249 1092 1282; x_wconf 72' lang='lat' dir='ltr'><strong>AStlvic.</strong></span> <span class='ocrx_word' id='word_1_183' title='bbox 1116 1269 1160 1273; x_wconf 82' lang='lat'><strong>—</strong></span> <span class='ocrx_word' id='word_1_184' title='bbox 1182 1247 1252 1281; x_wconf 81' lang='grc' dir='ltr'><strong>Διὰ</strong></span> <span class='ocrx_word' id='word_1_185' title='bbox 1276 1247 1464 1282; x_wconf 75' lang='grc' dir='ltr'><em>κυάνεον</em></span> <span class='ocrx_word' id='word_1_186' title='bbox 1487 1259 1508 1281; x_wconf 81' lang='lat' dir='ltr'><strong>a</strong></span> <span class='ocrx_word' id='word_1_187' title='bbox 1531 1250 1625 1281; x_wconf 84' lang='lat' dir='ltr'><strong>Plut.</strong></span> <span class='ocrx_word' id='word_1_188' title='bbox 1651 1250 1673 1281; x_wconf 82' lang='lat' dir='ltr'><strong>l.</strong></span> <span class='ocrx_word' id='word_1_189' title='bbox 1696 1261 1726 1281; x_wconf 82' lang='lat' dir='ltr'><strong>c.</strong></span> 
     </span>
     <span class='ocr_line' id='line_1_21' title="bbox 183 1290 1726 1336; baseline 0 -11"><span class='ocrx_word' id='word_1_190' title='bbox 183 1290 370 1335; x_wconf 53' lang='lat' dir='ltr'><strong>„nvncvscov</strong></span> <span class='ocrx_word' id='word_1_191' title='bbox 402 1293 493 1335; x_wconf 75' lang='lat' dir='ltr'><strong>legit</strong></span> <span class='ocrx_word' id='word_1_192' title='bbox 520 1294 612 1325; x_wconf 71' lang='lat' dir='ltr'><strong>llud.</strong></span> <span class='ocrx_word' id='word_1_193' title='bbox 646 1294 770 1326; x_wconf 81' lang='lat' dir='ltr'><strong>Iunius</strong></span> <span class='ocrx_word' id='word_1_194' title='bbox 798 1295 861 1325; x_wconf 91' lang='lat' dir='ltr'><strong>lib.</strong></span> <span class='ocrx_word' id='word_1_195' title='bbox 891 1295 948 1334; x_wconf 73' lang='lat' dir='ltr'><strong>lv,</strong></span> <span class='ocrx_word' id='word_1_196' title='bbox 975 1306 1040 1336; x_wconf 78' lang='lat' dir='ltr'><strong>cup</strong></span> <span class='ocrx_word' id='word_1_197' title='bbox 1079 1298 1133 1325; x_wconf 82' lang='lat'><strong>23.</strong></span> <span class='ocrx_word' id='word_1_198' title='bbox 1162 1295 1377 1325; x_wconf 74' lang='lat' dir='ltr'><strong>Animadv.“</strong></span> <span class='ocrx_word' id='word_1_199' title='bbox 1404 1294 1506 1326; x_wconf 84' lang='lat' dir='ltr'><strong>l&#39;out.</strong></span> <span class='ocrx_word' id='word_1_200' title='bbox 1532 1294 1566 1325; x_wconf 88' lang='lat' dir='ltr'><strong>in</strong></span> <span class='ocrx_word' id='word_1_201' title='bbox 1592 1295 1647 1325; x_wconf 82' lang='lat' dir='ltr'><strong>(lz.</strong></span> <span class='ocrx_word' id='word_1_202' title='bbox 1684 1311 1726 1316; x_wconf 95' lang='lat'>—</span> 
     </span>
     <span class='ocr_line' id='line_1_22' title="bbox 182 1338 1726 1380; baseline -0.001 -11"><span class='ocrx_word' id='word_1_203' title='bbox 182 1347 458 1369; x_wconf 60' lang='lat' dir='ltr'><strong>notoxarwmx</strong></span> <span class='ocrx_word' id='word_1_204' title='bbox 483 1338 523 1368; x_wconf 85' lang='lat' dir='ltr'><strong>l‘.</strong></span> <span class='ocrx_word' id='word_1_205' title='bbox 659 1341 713 1369; x_wconf 79' lang='lat'><strong>29.</strong></span> <span class='ocrx_word' id='word_1_206' title='bbox 741 1339 896 1370; x_wconf 82' lang='lat' dir='ltr'><strong>inanima</strong></span> <span class='ocrx_word' id='word_1_207' title='bbox 922 1351 967 1370; x_wconf 85' lang='lat' dir='ltr'><strong>ea</strong></span> <span class='ocrx_word' id='word_1_208' title='bbox 996 1340 1100 1370; x_wconf 76' lang='lat' dir='ltr'><strong>[unae</strong></span> <span class='ocrx_word' id='word_1_209' title='bbox 1122 1338 1152 1369; x_wconf 86' lang='lat' dir='ltr'>H</span> <span class='ocrx_word' id='word_1_210' title='bbox 1175 1349 1195 1369; x_wconf 87' lang='lat' dir='ltr'><strong>a</strong></span> <span class='ocrx_word' id='word_1_211' title='bbox 1222 1349 1293 1369; x_wconf 85' lang='lat' dir='ltr'><strong>sec.</strong></span> <span class='ocrx_word' id='word_1_212' title='bbox 1322 1349 1368 1369; x_wconf 91' lang='grc' dir='ltr'>ιιι.</span> <span class='ocrx_word' id='word_1_213' title='bbox 1394 1357 1431 1361; x_wconf 89' lang='grc'><strong>-</strong></span> <span class='ocrx_word' id='word_1_214' title='bbox 1461 1349 1548 1380; x_wconf 83' lang='lat' dir='ltr'><strong>quae</strong></span> <span class='ocrx_word' id='word_1_215' title='bbox 1566 1339 1620 1369; x_wconf 85' lang='lat' dir='ltr'><strong>vel</strong></span> <span class='ocrx_word' id='word_1_216' title='bbox 1636 1339 1726 1378; x_wconf 86' lang='lat' dir='ltr'><strong>(om.</strong></span> 
     </span>
     <span class='ocr_line' id='line_1_23' title="bbox 183 1382 1728 1424; baseline -0.001 -11"><span class='ocrx_word' id='word_1_217' title='bbox 183 1383 288 1419; x_wconf 80' lang='lat' dir='ltr'><strong>tuna)</strong></span> <span class='ocrx_word' id='word_1_218' title='bbox 315 1391 347 1413; x_wconf 89' lang='lat' dir='ltr'><strong>v.</strong></span> <span class='ocrx_word' id='word_1_219' title='bbox 395 1393 482 1422; x_wconf 81' lang='lat' dir='ltr'><strong>quae</strong></span> <span class='ocrx_word' id='word_1_220' title='bbox 510 1382 561 1413; x_wconf 73' lang='lat' dir='ltr'><strong>vel</strong></span> <span class='ocrx_word' id='word_1_221' title='bbox 583 1382 666 1413; x_wconf 80' lang='lat' dir='ltr'><strong>luna</strong></span> <span class='ocrx_word' id='word_1_222' title='bbox 691 1383 759 1424; x_wconf 79' lang='lat' dir='ltr'><strong>i-g.</strong></span> <span class='ocrx_word' id='word_1_223' title='bbox 783 1400 823 1405; x_wconf 88' lang='lat'><strong>-——</strong></span> <span class='ocrx_word' id='word_1_224' title='bbox 842 1384 992 1423; x_wconf 76' lang='lat' dir='ltr'><strong>fabricis</strong></span> <span class='ocrx_word' id='word_1_225' title='bbox 1022 1388 1100 1414; x_wconf 83' lang='lat' dir='ltr'><strong>sunt</strong></span> <span class='ocrx_word' id='word_1_226' title='bbox 1124 1382 1255 1414; x_wconf 76' lang='lat' dir='ltr'><strong>s-bPS.</strong></span> <span class='ocrx_word' id='word_1_227' title='bbox 1280 1400 1324 1404; x_wconf 89' lang='lat'><strong>——</strong></span> <span class='ocrx_word' id='word_1_228' title='bbox 1349 1394 1456 1414; x_wconf 82' lang='lat' dir='ltr'><strong>curae</strong></span> <span class='ocrx_word' id='word_1_229' title='bbox 1480 1388 1527 1414; x_wconf 86' lang='lat' dir='ltr'><strong>est</strong></span> <span class='ocrx_word' id='word_1_230' title='bbox 1554 1383 1659 1424; x_wconf 77' lang='lat' dir='ltr'><strong>v—gh.</strong></span> <span class='ocrx_word' id='word_1_231' title='bbox 1687 1399 1728 1404; x_wconf 90' lang='lat'>—</span> 
     </span>
     <span class='ocr_line' id='line_1_24' title="bbox 185 1425 1729 1468; baseline 0 -11"><span class='ocrx_word' id='word_1_232' title='bbox 185 1427 226 1457; x_wconf 74' lang='lat' dir='ltr'><strong>(Ie</strong></span> <span class='ocrx_word' id='word_1_233' title='bbox 250 1426 358 1468; x_wconf 79' lang='lat' dir='ltr'><strong>agris</strong></span> <span class='ocrx_word' id='word_1_234' title='bbox 383 1425 482 1467; x_wconf 82' lang='lat' dir='ltr'><strong>Si-g.</strong></span> <span class='ocrx_word' id='word_1_235' title='bbox 531 1427 648 1464; x_wconf 72' lang='lat' dir='ltr'><strong>„aeris</strong></span> <span class='ocrx_word' id='word_1_236' title='bbox 674 1427 756 1468; x_wconf 79' lang='lat' dir='ltr'><strong>lego</strong></span> <span class='ocrx_word' id='word_1_237' title='bbox 784 1428 914 1458; x_wconf 73' lang='lat' dir='ltr'><strong>areis.‘&#39;·</strong></span> <span class='ocrx_word' id='word_1_238' title='bbox 943 1428 985 1458; x_wconf 87' lang='grc' dir='ltr'><strong>ΙΙ.</strong></span> <span class='ocrx_word' id='word_1_239' title='bbox 1121 1428 1174 1457; x_wconf 86' lang='grc'><strong>31.</strong></span> <span class='ocrx_word' id='word_1_240' title='bbox 1213 1427 1383 1468; x_wconf 73' lang='lat' dir='ltr'><strong>suscipit</strong></span> <span class='ocrx_word' id='word_1_241' title='bbox 1410 1425 1499 1468; x_wconf 66' lang='lat' dir='ltr'><strong>sing.</strong></span> <span class='ocrx_word' id='word_1_242' title='bbox 1542 1444 1574 1449; x_wconf 91' lang='lat'>—</span> <span class='ocrx_word' id='word_1_243' title='bbox 1617 1426 1729 1458; x_wconf 81' lang='lat' dir='ltr'><strong>sidus</strong></span> 
     </span>
     <span class='ocr_line' id='line_1_25' title="bbox 185 1469 1727 1512; baseline 0 -11"><span class='ocrx_word' id='word_1_244' title='bbox 185 1471 283 1511; x_wconf 82' lang='lat' dir='ltr'><strong>(sup.</strong></span> <span class='ocrx_word' id='word_1_245' title='bbox 311 1472 351 1506; x_wconf 79' lang='grc' dir='ltr'><strong>ιι)</strong></span> <span class='ocrx_word' id='word_1_246' title='bbox 379 1470 415 1501; x_wconf 84' lang='grc' dir='ltr'><strong>Α.</strong></span> <span class='ocrx_word' id='word_1_247' title='bbox 466 1470 584 1512; x_wconf 80' lang='lat' dir='ltr'><strong>sydus</strong></span> <span class='ocrx_word' id='word_1_248' title='bbox 607 1473 661 1503; x_wconf 82' lang='lat' dir='ltr'><strong>vl.</strong></span> <span class='ocrx_word' id='word_1_249' title='bbox 711 1472 855 1502; x_wconf 81' lang='lat' dir='ltr'><strong>surdus</strong></span> <span class='ocrx_word' id='word_1_250' title='bbox 883 1475 934 1502; x_wconf 82' lang='lat' dir='ltr'><strong>vl.</strong></span> <span class='ocrx_word' id='word_1_251' title='bbox 960 1490 998 1494; x_wconf 96' lang='lat'><strong>—</strong></span> <span class='ocrx_word' id='word_1_252' title='bbox 1027 1471 1118 1502; x_wconf 78' lang='lat' dir='ltr'><strong>unde</strong></span> <span class='ocrx_word' id='word_1_253' title='bbox 1144 1471 1230 1511; x_wconf 89' lang='lat' dir='ltr'><strong>(om.</strong></span> <span class='ocrx_word' id='word_1_254' title='bbox 1259 1476 1308 1507; x_wconf 79' lang='lat' dir='ltr'><strong>et)</strong></span> <span class='ocrx_word' id='word_1_255' title='bbox 1335 1470 1478 1512; x_wconf 55' lang='lat' dir='ltr'><strong>Sili-g.</strong></span> <span class='ocrx_word' id='word_1_256' title='bbox 1505 1488 1535 1492; x_wconf 90' lang='lat'>-</span> <span class='ocrx_word' id='word_1_257' title='bbox 1568 1469 1727 1512; x_wconf 82' lang='lat' dir='ltr'><strong>Alcman]</strong></span> 
     </span>
    </p>
   </div>
   <div class='ocr_carea' id='block_1_4' title="bbox 172 1583 929 2891">
    <p class='ocr_par' dir='ltr' id='par_1_11' title="bbox 184 1583 922 1801">
     <span class='ocr_line' id='line_1_26' title="bbox 184 1583 920 1636; baseline 0 -20"><span class='ocrx_word' id='word_1_258' title='bbox 184 1595 271 1616; x_wconf 85' lang='lat' dir='ltr'><strong>usus</strong></span> <span class='ocrx_word' id='word_1_259' title='bbox 301 1583 367 1624; x_wconf 78' lang='lat' dir='ltr'><strong>sit,</strong></span> <span class='ocrx_word' id='word_1_260' title='bbox 404 1595 620 1636; x_wconf 77' lang='lat' dir='ltr'><strong>quamquam</strong></span> <span class='ocrx_word' id='word_1_261' title='bbox 648 1584 871 1616; x_wconf 83' lang='lat' dir='ltr'><strong>Plutarchus</strong></span> <span class='ocrx_word' id='word_1_262' title='bbox 898 1586 920 1616; x_wconf 94' lang='lat' dir='ltr'><strong>l.</strong></span> 
     </span>
     <span class='ocr_line' id='line_1_27' title="bbox 186 1625 922 1670; baseline 0 -11"><span class='ocrx_word' id='word_1_263' title='bbox 186 1640 236 1660; x_wconf 83' lang='lat' dir='ltr'><strong>c.:</strong></span> <span class='ocrx_word' id='word_1_264' title='bbox 274 1625 438 1669; x_wconf 70' lang='grc' dir='ltr'>4εἷγεται,</span> <span class='ocrx_word' id='word_1_265' title='bbox 477 1628 613 1669; x_wconf 75' lang='lat' dir='ltr'><strong>inquit,</strong></span> <span class='ocrx_word' id='word_1_266' title='bbox 651 1626 687 1659; x_wconf 75' lang='grc' dir='ltr'><strong>ὸὲ</strong></span> <span class='ocrx_word' id='word_1_267' title='bbox 720 1639 779 1659; x_wconf 74' lang='grc' dir='ltr'><strong>και</strong></span> <span class='ocrx_word' id='word_1_268' title='bbox 791 1627 922 1670; x_wconf 80' lang='grc' dir='ltr'><em>πρὸς</em></span> 
     </span>
     <span class='ocr_line' id='line_1_28' title="bbox 186 1667 922 1724; baseline 0.001 -21"><span class='ocrx_word' id='word_1_269' title='bbox 186 1668 396 1703; x_wconf 75' lang='grc' dir='ltr'><em>εὐτοκίαν</em></span> <span class='ocrx_word' id='word_1_270' title='bbox 422 1674 622 1724; x_wconf 74' lang='grc' dir='ltr'><em>συνεργεῖν,</em></span> <span class='ocrx_word' id='word_1_271' title='bbox 662 1667 750 1703; x_wconf 79' lang='grc' dir='ltr'><em>όταν</em></span> <span class='ocrx_word' id='word_1_272' title='bbox 780 1671 800 1714; x_wconf 69' lang='grc' dir='ltr'><em>ᾖ</em></span> <span class='ocrx_word' id='word_1_273' title='bbox 829 1671 922 1713; x_wconf 76' lang='grc' dir='ltr'>διχό-</span> 
     </span>
     <span class='ocr_line' id='line_1_29' title="bbox 184 1697 921 1767; baseline 0.004 -22"><span class='ocrx_word' id='word_1_274' title='bbox 184 1726 294 1756; x_wconf 79' lang='grc' dir='ltr'><em>μηνος</em></span> <span class='ocrx_word' id='word_1_275' title='bbox 307 1739 316 1757; x_wconf 83' lang='grc'>,</span> <span class='ocrx_word' id='word_1_276' title='bbox 346 1711 462 1747; x_wconf 68' lang='grc' dir='ltr'>ἀνέσει</span> <span class='ocrx_word' id='word_1_277' title='bbox 486 1716 558 1747; x_wconf 75' lang='grc' dir='ltr'><em>τῶν</em></span> <span class='ocrx_word' id='word_1_278' title='bbox 576 1697 701 1767; x_wconf 74' lang='grc' dir='ltr'><em>ὑγρῶν</em></span> <span class='ocrx_word' id='word_1_279' title='bbox 725 1717 921 1756; x_wconf 75' lang='grc' dir='ltr'><em>μαλθακω-</em></span> 
     </span>
     <span class='ocr_line' id='line_1_30' title="bbox 185 1755 778 1801; baseline 0.002 -12"><span class='ocrx_word' id='word_1_280' title='bbox 185 1757 289 1800; x_wconf 75' lang='grc' dir='ltr'><strong>τέρας</strong></span> <span class='ocrx_word' id='word_1_281' title='bbox 312 1757 522 1801; x_wconf 75' lang='grc' dir='ltr'><em>παρέχουσα</em></span> <span class='ocrx_word' id='word_1_282' title='bbox 545 1771 610 1797; x_wconf 73' lang='grc' dir='ltr'><strong>τας</strong></span> <span class='ocrx_word' id='word_1_283' title='bbox 634 1755 778 1797; x_wconf 76' lang='grc' dir='ltr'><em>ωὸὶνας.</em></span> 
     </span>
    </p>

    <p class='ocr_par' dir='ltr' id='par_1_12' title="bbox 172 1803 904 1847">
     <span class='ocr_line' id='line_1_31' title="bbox 172 1803 904 1847; baseline -0.001 -11"><span class='ocrx_word' id='word_1_284' title='bbox 172 1832 176 1836; x_wconf 85' lang='grc'><strong>.</strong></span> <span class='ocrx_word' id='word_1_285' title='bbox 229 1806 286 1833; x_wconf 77' lang='grc'><strong>28.</strong></span> <span class='ocrx_word' id='word_1_286' title='bbox 335 1803 527 1847; x_wconf 70' lang='lat' dir='ltr'><strong>eleganter]</strong></span> <span class='ocrx_word' id='word_1_287' title='bbox 567 1804 787 1835; x_wconf 54' lang='lat' dir='ltr'><strong>Plutarchus</strong></span> <span class='ocrx_word' id='word_1_288' title='bbox 822 1804 842 1835; x_wconf 93' lang='lat' dir='ltr'><strong>l</strong></span> <span class='ocrx_word' id='word_1_289' title='bbox 876 1816 904 1835; x_wconf 77' lang='lat' dir='ltr'><strong>r.</strong></span> 
     </span>
    </p>

    <p class='ocr_par' dir='ltr' id='par_1_13' title="bbox 186 1842 367 1887">
     <span class='ocr_line' id='line_1_32' title="bbox 186 1842 367 1887; baseline 0 -10"><span class='ocrx_word' id='word_1_290' title='bbox 186 1842 367 1887; x_wconf 70' lang='grc' dir='ltr'>ἄντικρυς.</span> 
     </span>
    </p>

    <p class='ocr_par' dir='ltr' id='par_1_14' title="bbox 187 1889 924 2063">
     <span class='ocr_line' id='line_1_33' title="bbox 228 1889 923 1932; baseline 0 -10"><span class='ocrx_word' id='word_1_291' title='bbox 228 1897 332 1932; x_wconf 81' lang='lat' dir='ltr'><strong>poeta</strong></span> <span class='ocrx_word' id='word_1_292' title='bbox 361 1889 570 1932; x_wconf 80' lang='lat' dir='ltr'><strong>Timotheus]</strong></span> <span class='ocrx_word' id='word_1_293' title='bbox 601 1890 807 1922; x_wconf 81' lang='lat' dir='ltr'><strong>Meinckius</strong></span> <span class='ocrx_word' id='word_1_294' title='bbox 834 1890 923 1922; x_wconf 81' lang='lat' dir='ltr'><strong>haec</strong></span> 
     </span>
     <span class='ocr_line' id='line_1_34' title="bbox 187 1934 923 1976; baseline 0.001 -11"><span class='ocrx_word' id='word_1_295' title='bbox 187 1945 256 1966; x_wconf 90' lang='lat' dir='ltr'><strong>non</strong></span> <span class='ocrx_word' id='word_1_296' title='bbox 285 1934 425 1976; x_wconf 87' lang='lat' dir='ltr'><strong>recepit</strong></span> <span class='ocrx_word' id='word_1_297' title='bbox 447 1934 542 1966; x_wconf 87' lang='lat' dir='ltr'><strong>inter</strong></span> <span class='ocrx_word' id='word_1_298' title='bbox 567 1934 754 1966; x_wconf 82' lang='lat' dir='ltr'><strong>Timothei</strong></span> <span class='ocrx_word' id='word_1_299' title='bbox 784 1935 923 1966; x_wconf 79' lang='lat' dir='ltr'><strong>Comici</strong></span> 
     </span>
     <span class='ocr_line' id='line_1_35' title="bbox 187 1978 924 2021; baseline 0.001 -12"><span class='ocrx_word' id='word_1_300' title='bbox 187 1979 396 2020; x_wconf 76' lang='lat' dir='ltr'><strong>fragmenta</strong></span> <span class='ocrx_word' id='word_1_301' title='bbox 435 1978 734 2021; x_wconf 69' lang='lat' dir='ltr'><strong>(Frag=n.co1n.</strong></span> <span class='ocrx_word' id='word_1_302' title='bbox 769 1979 831 2010; x_wconf 91' lang='lat' dir='ltr'><strong>Gr.</strong></span> <span class='ocrx_word' id='word_1_303' title='bbox 858 1979 924 2018; x_wconf 77' lang='grc' dir='ltr'>ΙΙΙ,</span> 
     </span>
     <span class='ocr_line' id='line_1_36' title="bbox 188 2024 358 2063; baseline -0.006 -10"><span class='ocrx_word' id='word_1_304' title='bbox 188 2034 221 2063; x_wconf 88' lang='lat' dir='ltr'><strong>p.</strong></span> <span class='ocrx_word' id='word_1_305' title='bbox 245 2024 358 2059; x_wconf 78' lang='lat'><strong>589..)</strong></span> 
     </span>
    </p>

    <p class='ocr_par' dir='ltr' id='par_1_15' title="bbox 186 2061 927 2314">
     <span class='ocr_line' id='line_1_37' title="bbox 233 2061 927 2107; baseline 0.001 -11"><span class='ocrx_word' id='word_1_306' title='bbox 233 2064 305 2096; x_wconf 81' lang='grc' dir='ltr'><strong>Διὰ</strong></span> <span class='ocrx_word' id='word_1_307' title='bbox 346 2061 511 2106; x_wconf 75' lang='grc' dir='ltr'><em>λαμπρὸν</em></span> <span class='ocrx_word' id='word_1_308' title='bbox 545 2062 669 2107; x_wconf 80' lang='grc' dir='ltr'><em>πόλον]</em></span> <span class='ocrx_word' id='word_1_309' title='bbox 709 2065 771 2096; x_wconf 90' lang='lat' dir='ltr'><strong>Sic</strong></span> <span class='ocrx_word' id='word_1_310' title='bbox 808 2069 927 2107; x_wconf 87' lang='lat' dir='ltr'><strong>potest</strong></span> 
     </span>
     <span class='ocr_line' id='line_1_38' title="bbox 186 2108 927 2151; baseline 0.001 -11"><span class='ocrx_word' id='word_1_311' title='bbox 186 2108 248 2140; x_wconf 89' lang='lat' dir='ltr'><strong>hic</strong></span> <span class='ocrx_word' id='word_1_312' title='bbox 273 2120 400 2141; x_wconf 85' lang='lat' dir='ltr'><strong>versus</strong></span> <span class='ocrx_word' id='word_1_313' title='bbox 426 2120 506 2140; x_wconf 85' lang='lat' dir='ltr'><strong>esse</strong></span> <span class='ocrx_word' id='word_1_314' title='bbox 532 2108 689 2140; x_wconf 84' lang='lat' dir='ltr'><strong>dimeter</strong></span> <span class='ocrx_word' id='word_1_315' title='bbox 719 2110 927 2151; x_wconf 81' lang='lat' dir='ltr'><strong>anapaesti-</strong></span> 
     </span>
     <span class='ocr_line' id='line_1_39' title="bbox 186 2152 926 2194; baseline 0.003 -11"><span class='ocrx_word' id='word_1_316' title='bbox 186 2163 250 2184; x_wconf 86' lang='lat' dir='ltr'><strong>cus</strong></span> <span class='ocrx_word' id='word_1_317' title='bbox 275 2153 410 2184; x_wconf 89' lang='lat' dir='ltr'><strong>omisso</strong></span> <span class='ocrx_word' id='word_1_318' title='bbox 439 2152 555 2193; x_wconf 85' lang='lat' dir='ltr'><strong>primo</strong></span> <span class='ocrx_word' id='word_1_319' title='bbox 581 2152 686 2194; x_wconf 84' lang='lat' dir='ltr'><strong>pede:</strong></span> <span class='ocrx_word' id='word_1_320' title='bbox 720 2155 780 2183; x_wconf 82' lang='lat' dir='ltr'><strong>sed</strong></span> <span class='ocrx_word' id='word_1_321' title='bbox 807 2153 858 2194; x_wconf 83' lang='lat' dir='ltr'><strong>si,</strong></span> <span class='ocrx_word' id='word_1_322' title='bbox 889 2157 926 2185; x_wconf 88' lang='lat' dir='ltr'><strong>ut</strong></span> 
     </span>
     <span class='ocr_line' id='line_1_40' title="bbox 187 2177 926 2237; baseline 0 -10"><span class='ocrx_word' id='word_1_323' title='bbox 187 2196 283 2237; x_wconf 86' lang='lat' dir='ltr'><strong>apud</strong></span> <span class='ocrx_word' id='word_1_324' title='bbox 309 2196 563 2233; x_wconf 81' lang='lat' dir='ltr'><strong>Plutarchum</strong></span> <span class='ocrx_word' id='word_1_325' title='bbox 593 2197 652 2226; x_wconf 69' lang='lat' dir='ltr'><strong>le«r</strong></span> <span class='ocrx_word' id='word_1_326' title='bbox 629 2196 729 2235; x_wconf 65' lang='lat' dir='ltr'><strong>‚gitm</strong></span> <span class='ocrx_word' id='word_1_327' title='bbox 756 2193 813 2227; x_wconf 63' lang='lat' dir='ltr'><strong>&amp;td</strong></span> <span class='ocrx_word' id='word_1_328' title='bbox 841 2177 926 2228; x_wconf 76' lang='grc' dir='ltr'><em>κυά-</em></span> 
     </span>
     <span class='ocr_line' id='line_1_41' title="bbox 187 2237 927 2282; baseline 0.001 -12"><span class='ocrx_word' id='word_1_329' title='bbox 187 2249 268 2271; x_wconf 83' lang='grc' dir='ltr'><em>νεον</em></span> <span class='ocrx_word' id='word_1_330' title='bbox 299 2237 425 2279; x_wconf 80' lang='grc' dir='ltr'><em>πόλον,</em></span> <span class='ocrx_word' id='word_1_331' title='bbox 452 2244 603 2279; x_wconf 84' lang='lat' dir='ltr'><strong>uterque</strong></span> <span class='ocrx_word' id='word_1_332' title='bbox 629 2251 755 2270; x_wconf 65' lang='lat' dir='ltr'><strong>xer-sus</strong></span> <span class='ocrx_word' id='word_1_333' title='bbox 783 2245 837 2271; x_wconf 82' lang='lat' dir='ltr'><strong>est</strong></span> <span class='ocrx_word' id='word_1_334' title='bbox 864 2251 927 2282; x_wconf 82' lang='lat' dir='ltr'><strong>pa-</strong></span> 
     </span>
     <span class='ocr_line' id='line_1_42' title="bbox 197 2282 417 2314; baseline -0.009 0"><span class='ocrx_word' id='word_1_335' title='bbox 197 2282 417 2314; x_wconf 78' lang='lat' dir='ltr'><strong>rocmiacus.</strong></span> 
     </span>
    </p>

    <p class='ocr_par' dir='ltr' id='par_1_16' title="bbox 190 2326 926 2455">
     <span class='ocr_line' id='line_1_43' title="bbox 239 2326 926 2367; baseline 0.001 -11"><span class='ocrx_word' id='word_1_336' title='bbox 239 2328 294 2357; x_wconf 80' lang='lat'><strong>29.</strong></span> <span class='ocrx_word' id='word_1_337' title='bbox 344 2327 427 2357; x_wconf 84' lang='lat' dir='ltr'><strong>luna</strong></span> <span class='ocrx_word' id='word_1_338' title='bbox 464 2327 516 2356; x_wconf 86' lang='lat' dir='ltr'><strong>vel</strong></span> <span class='ocrx_word' id='word_1_339' title='bbox 555 2326 621 2357; x_wconf 78' lang='lat' dir='ltr'><strong>iam</strong></span> <span class='ocrx_word' id='word_1_340' title='bbox 654 2327 759 2367; x_wconf 84' lang='lat' dir='ltr'><strong>plena</strong></span> <span class='ocrx_word' id='word_1_341' title='bbox 785 2327 835 2357; x_wconf 81' lang='lat' dir='ltr'><strong>vel</strong></span> <span class='ocrx_word' id='word_1_342' title='bbox 860 2327 926 2358; x_wconf 81' lang='lat' dir='ltr'><strong>ad-</strong></span> 
     </span>
     <span class='ocr_line' id='line_1_44' title="bbox 190 2369 926 2410; baseline 0.001 -10"><span class='ocrx_word' id='word_1_343' title='bbox 190 2370 255 2401; x_wconf 81' lang='lat' dir='ltr'><strong>huc</strong></span> <span class='ocrx_word' id='word_1_344' title='bbox 278 2369 458 2410; x_wconf 82' lang='lat' dir='ltr'><strong>crescente]</strong></span> <span class='ocrx_word' id='word_1_345' title='bbox 487 2369 707 2400; x_wconf 80' lang='lat' dir='ltr'><strong>Plutarchus</strong></span> <span class='ocrx_word' id='word_1_346' title='bbox 731 2382 763 2410; x_wconf 90' lang='lat' dir='ltr'><strong>p.</strong></span> <span class='ocrx_word' id='word_1_347' title='bbox 790 2373 866 2401; x_wconf 78' lang='lat'><strong>659.</strong></span> <span class='ocrx_word' id='word_1_348' title='bbox 890 2371 926 2401; x_wconf 76' lang='lat' dir='ltr'><strong>A.</strong></span> 
     </span>
     <span class='ocr_line' id='line_1_45' title="bbox 191 2412 926 2455; baseline 0.003 -12"><span class='ocrx_word' id='word_1_349' title='bbox 191 2414 304 2445; x_wconf 82' lang='lat' dir='ltr'><strong>hahet</strong></span> <span class='ocrx_word' id='word_1_350' title='bbox 329 2418 466 2445; x_wconf 88' lang='lat' dir='ltr'><strong>tantum</strong></span> <span class='ocrx_word' id='word_1_351' title='bbox 494 2415 572 2450; x_wconf 78' lang='grc' dir='ltr'><em>ταῖς</em></span> <span class='ocrx_word' id='word_1_352' title='bbox 596 2412 838 2455; x_wconf 76' lang='grc' dir='ltr'><em>πανσελήνοις.</em></span> <span class='ocrx_word' id='word_1_353' title='bbox 871 2413 926 2446; x_wconf 79' lang='lat' dir='ltr'><strong>Cf.</strong></span> 
     </span>
    </p>

    <p class='ocr_par' dir='ltr' id='par_1_17' title="bbox 192 2500 926 2586">
     <span class='ocr_line' id='line_1_46' title="bbox 234 2500 926 2542; baseline 0 -10"><span class='ocrx_word' id='word_1_354' title='bbox 234 2501 365 2532; x_wconf 78' lang='lat' dir='ltr'><strong>deiecta</strong></span> <span class='ocrx_word' id='word_1_355' title='bbox 391 2500 482 2542; x_wconf 79' lang='lat' dir='ltr'><strong>snut]</strong></span> <span class='ocrx_word' id='word_1_356' title='bbox 515 2502 708 2542; x_wconf 78' lang='lat' dir='ltr'><strong>respondet</strong></span> <span class='ocrx_word' id='word_1_357' title='bbox 733 2500 926 2532; x_wconf 81' lang='lat' dir='ltr'><strong>Plutarchi</strong></span> 
     </span>
     <span class='ocr_line' id='line_1_47' title="bbox 192 2540 926 2586; baseline 0.003 -12"><span class='ocrx_word' id='word_1_358' title='bbox 192 2544 332 2576; x_wconf 66' lang='lat' dir='ltr'><strong>uubis:</strong></span> <span class='ocrx_word' id='word_1_359' title='bbox 351 2540 686 2586; x_wconf 70' lang='grc' dir='ltr'><em>ἀποβάλλουσιν</em></span> <span class='ocrx_word' id='word_1_360' title='bbox 709 2542 926 2582; x_wconf 28' lang='grc' dir='ltr'>οἱτέκτοιῌες</span> 
     </span>
    </p>

    <p class='ocr_par' dir='ltr' id='par_1_18' title="bbox 191 2588 929 2801">
     <span class='ocr_line' id='line_1_48' title="bbox 235 2588 927 2639; baseline 0.003 -21"><span class='ocrx_word' id='word_1_361' title='bbox 235 2589 319 2619; x_wconf 84' lang='lat' dir='ltr'><strong>luna</strong></span> <span class='ocrx_word' id='word_1_362' title='bbox 343 2588 531 2639; x_wconf 77' lang='lat' dir='ltr'><strong>deficiente]</strong></span> <span class='ocrx_word' id='word_1_363' title='bbox 569 2588 808 2619; x_wconf 84' lang='lat' dir='ltr'><strong>Plutarchus.</strong></span> <span class='ocrx_word' id='word_1_364' title='bbox 840 2588 927 2629; x_wconf 77' lang='grc' dir='ltr'><em>φθί-</em></span> 
     </span>
     <span class='ocr_line' id='line_1_49' title="bbox 191 2629 929 2673; baseline 0.003 -12"><span class='ocrx_word' id='word_1_365' title='bbox 191 2641 315 2667; x_wconf 80' lang='grc' dir='ltr'><em>νοντος</em></span> <span class='ocrx_word' id='word_1_366' title='bbox 336 2631 400 2662; x_wconf 82' lang='grc' dir='ltr'><em>τοῦ</em></span> <span class='ocrx_word' id='word_1_367' title='bbox 424 2629 547 2673; x_wconf 75' lang='grc' dir='ltr'><em>μηνός.</em></span> <span class='ocrx_word' id='word_1_368' title='bbox 589 2631 643 2663; x_wconf 81' lang='lat' dir='ltr'><strong>Cf.</strong></span> <span class='ocrx_word' id='word_1_369' title='bbox 671 2633 766 2663; x_wconf 81' lang='lat' dir='ltr'><strong>Gell.</strong></span> <span class='ocrx_word' id='word_1_370' title='bbox 796 2632 872 2671; x_wconf 59' lang='lat' dir='ltr'><strong>XX,</strong></span> <span class='ocrx_word' id='word_1_371' title='bbox 895 2636 929 2670; x_wconf 80' lang='grc'><strong>8,</strong></span> 
     </span>
     <span class='ocr_line' id='line_1_50' title="bbox 192 2675 929 2717; baseline 0.004 -13"><span class='ocrx_word' id='word_1_372' title='bbox 192 2677 222 2704; x_wconf 82' lang='grc'>5.</span> <span class='ocrx_word' id='word_1_373' title='bbox 265 2675 397 2706; x_wconf 68' lang='lat' dir='ltr'><strong>[cadem</strong></span> <span class='ocrx_word' id='word_1_374' title='bbox 439 2699 470 2706; x_wconf 92' lang='lat'><strong>..</strong></span> <span class='ocrx_word' id='word_1_375' title='bbox 510 2686 598 2717; x_wconf 80' lang='lat' dir='ltr'><strong>quae</strong></span> <span class='ocrx_word' id='word_1_376' title='bbox 639 2681 805 2708; x_wconf 76' lang='lat' dir='ltr'><strong>crescente</strong></span> <span class='ocrx_word' id='word_1_377' title='bbox 844 2677 929 2707; x_wconf 79' lang='lat' dir='ltr'><strong>tuna</strong></span> 
     </span>
     <span class='ocr_line' id='line_1_51' title="bbox 191 2718 929 2759; baseline 0.005 -12"><span class='ocrx_word' id='word_1_378' title='bbox 191 2718 364 2758; x_wconf 79' lang='lat' dir='ltr'><strong>gliscunt,</strong></span> <span class='ocrx_word' id='word_1_379' title='bbox 402 2719 648 2759; x_wconf 77' lang='lat' dir='ltr'><strong>deficiente</strong></span> <span class='ocrx_word' id='word_1_380' title='bbox 676 2725 796 2752; x_wconf 84' lang='lat' dir='ltr'><strong>contra</strong></span> <span class='ocrx_word' id='word_1_381' title='bbox 823 2721 929 2751; x_wconf 84' lang='lat' dir='ltr'><strong>luna</strong></span> 
     </span>
     <span class='ocr_line' id='line_1_52' title="bbox 194 2761 334 2801; baseline 0.014 -11"><span class='ocrx_word' id='word_1_382' title='bbox 194 2761 334 2801; x_wconf 64' lang='lat' dir='ltr'><strong>‹lesimut-</strong></span> 
     </span>
    </p>

    <p class='ocr_par' dir='ltr' id='par_1_19' title="bbox 193 2806 929 2891">
     <span class='ocr_line' id='line_1_53' title="bbox 238 2806 929 2846; baseline 0.007 -14"><span class='ocrx_word' id='word_1_383' title='bbox 238 2807 289 2833; x_wconf 77' lang='lat'><strong>30.</strong></span> <span class='ocrx_word' id='word_1_384' title='bbox 340 2815 429 2846; x_wconf 80' lang='lat' dir='ltr'><strong>qnae</strong></span> <span class='ocrx_word' id='word_1_385' title='bbox 454 2806 610 2838; x_wconf 83' lang='lat' dir='ltr'><strong>humecta</strong></span> <span class='ocrx_word' id='word_1_386' title='bbox 639 2807 814 2838; x_wconf 73' lang='lat' dir='ltr'><strong>desideras</strong></span> <span class='ocrx_word' id='word_1_387' title='bbox 844 2807 929 2838; x_wconf 83' lang='lat' dir='ltr'><strong>luna</strong></span> 
     </span>
     <span class='ocr_line' id='line_1_54' title="bbox 193 2849 929 2891; baseline 0.008 -15"><span class='ocrx_word' id='word_1_388' title='bbox 193 2853 361 2880; x_wconf 80' lang='lat' dir='ltr'><strong>crescente</strong></span> <span class='ocrx_word' id='word_1_389' title='bbox 401 2849 573 2890; x_wconf 70' lang='lat' dir='ltr'><strong>conficies]</strong></span> <span class='ocrx_word' id='word_1_390' title='bbox 623 2850 724 2882; x_wconf 85' lang='lat' dir='ltr'><strong>Haec</strong></span> <span class='ocrx_word' id='word_1_391' title='bbox 761 2855 797 2882; x_wconf 86' lang='lat' dir='ltr'><strong>et</strong></span> <span class='ocrx_word' id='word_1_392' title='bbox 837 2860 929 2891; x_wconf 82' lang='lat' dir='ltr'><strong>quae</strong></span> 
     </span>
    </p>
   </div>
   <div class='ocr_carea' id='block_1_5' title="bbox 989 1582 1731 2283">
    <p class='ocr_par' dir='ltr' id='par_1_20' title="bbox 989 1582 1728 1704">
     <span class='ocr_line' id='line_1_55' title="bbox 990 1582 1728 1624; baseline 0.001 -10"><span class='ocrx_word' id='word_1_393' title='bbox 990 1586 1209 1624; x_wconf 68' lang='lat' dir='ltr'><strong>sequuntur,</strong></span> <span class='ocrx_word' id='word_1_394' title='bbox 1249 1583 1292 1614; x_wconf 86' lang='lat' dir='ltr'><strong>de</strong></span> <span class='ocrx_word' id='word_1_395' title='bbox 1324 1582 1489 1614; x_wconf 81' lang='lat' dir='ltr'><strong>serendis</strong></span> <span class='ocrx_word' id='word_1_396' title='bbox 1520 1583 1728 1624; x_wconf 80' lang='lat' dir='ltr'><strong>arboribus,</strong></span> 
     </span>
     <span class='ocr_line' id='line_1_56' title="bbox 989 1627 1728 1669; baseline 0.003 -11"><span class='ocrx_word' id='word_1_397' title='bbox 989 1629 1081 1669; x_wconf 87' lang='lat' dir='ltr'><strong>apud</strong></span> <span class='ocrx_word' id='word_1_398' title='bbox 1110 1627 1349 1659; x_wconf 82' lang='lat' dir='ltr'><strong>Plutarchum</strong></span> <span class='ocrx_word' id='word_1_399' title='bbox 1386 1628 1520 1659; x_wconf 78' lang='lat' dir='ltr'><strong>frustra</strong></span> <span class='ocrx_word' id='word_1_400' title='bbox 1552 1639 1728 1669; x_wconf 79' lang='lat' dir='ltr'><strong>quaeres:</strong></span> 
     </span>
     <span class='ocr_line' id='line_1_57' title="bbox 992 1671 1728 1704; baseline 0.001 -1"><span class='ocrx_word' id='word_1_401' title='bbox 992 1683 1055 1703; x_wconf 87' lang='lat' dir='ltr'><strong>nec</strong></span> <span class='ocrx_word' id='word_1_402' title='bbox 1074 1672 1262 1702; x_wconf 85' lang='lat' dir='ltr'><strong>commode</strong></span> <span class='ocrx_word' id='word_1_403' title='bbox 1282 1672 1372 1703; x_wconf 81' lang='lat' dir='ltr'><strong>haec</strong></span> <span class='ocrx_word' id='word_1_404' title='bbox 1396 1671 1456 1702; x_wconf 86' lang='lat' dir='ltr'><strong>hic</strong></span> <span class='ocrx_word' id='word_1_405' title='bbox 1479 1678 1561 1702; x_wconf 84' lang='lat' dir='ltr'><strong>sunt</strong></span> <span class='ocrx_word' id='word_1_406' title='bbox 1580 1673 1728 1704; x_wconf 84' lang='lat' dir='ltr'><strong>inserta.</strong></span> 
     </span>
    </p>

    <p class='ocr_par' dir='ltr' id='par_1_21' title="bbox 992 1716 1730 1934">
     <span class='ocr_line' id='line_1_58' title="bbox 1034 1716 1729 1756; baseline 0.003 -10"><span class='ocrx_word' id='word_1_407' title='bbox 1034 1718 1089 1747; x_wconf 82' lang='lat'><strong>31.</strong></span> <span class='ocrx_word' id='word_1_408' title='bbox 1136 1719 1190 1747; x_wconf 84' lang='lat' dir='ltr'><strong>vet</strong></span> <span class='ocrx_word' id='word_1_409' title='bbox 1215 1727 1289 1747; x_wconf 84' lang='lat' dir='ltr'><strong>cum</strong></span> <span class='ocrx_word' id='word_1_410' title='bbox 1310 1716 1479 1756; x_wconf 81' lang='lat' dir='ltr'><strong>nascitur]</strong></span> <span class='ocrx_word' id='word_1_411' title='bbox 1505 1716 1605 1747; x_wconf 84' lang='lat' dir='ltr'><strong>Ilaec</strong></span> <span class='ocrx_word' id='word_1_412' title='bbox 1627 1717 1729 1748; x_wconf 82' lang='lat' dir='ltr'><strong>adie-</strong></span> 
     </span>
     <span class='ocr_line' id='line_1_59' title="bbox 994 1760 1730 1801; baseline 0.004 -11"><span class='ocrx_word' id='word_1_413' title='bbox 994 1760 1043 1791; x_wconf 78' lang='lat' dir='ltr'><strong>cit</strong></span> <span class='ocrx_word' id='word_1_414' title='bbox 1071 1760 1298 1799; x_wconf 74' lang='lat' dir='ltr'><strong>Macrobius,</strong></span> <span class='ocrx_word' id='word_1_415' title='bbox 1338 1766 1375 1791; x_wconf 81' lang='lat' dir='ltr'><strong>ut</strong></span> <span class='ocrx_word' id='word_1_416' title='bbox 1405 1760 1420 1801; x_wconf 83' lang='lat'><strong>§</strong></span> <span class='ocrx_word' id='word_1_417' title='bbox 1447 1763 1502 1790; x_wconf 78' lang='lat'><strong>29.</strong></span> <span class='ocrx_word' id='word_1_418' title='bbox 1534 1762 1585 1791; x_wconf 85' lang='lat' dir='ltr'><strong>vel</strong></span> <span class='ocrx_word' id='word_1_419' title='bbox 1617 1761 1730 1793; x_wconf 84' lang='lat' dir='ltr'><strong>adhuc</strong></span> 
     </span>
     <span class='ocr_line' id='line_1_60' title="bbox 992 1803 1729 1846; baseline 0.001 -11"><span class='ocrx_word' id='word_1_420' title='bbox 992 1810 1168 1836; x_wconf 81' lang='lat' dir='ltr'><strong>crescente.</strong></span> <span class='ocrx_word' id='word_1_421' title='bbox 1220 1803 1292 1834; x_wconf 90' lang='lat' dir='ltr'><strong>Cur</strong></span> <span class='ocrx_word' id='word_1_422' title='bbox 1319 1804 1388 1835; x_wconf 88' lang='lat' dir='ltr'><strong>hoc</strong></span> <span class='ocrx_word' id='word_1_423' title='bbox 1425 1804 1571 1844; x_wconf 74' lang='lat' dir='ltr'><strong>fecerit,</strong></span> <span class='ocrx_word' id='word_1_424' title='bbox 1612 1804 1729 1846; x_wconf 80' lang='lat' dir='ltr'><strong>signi-</strong></span> 
     </span>
     <span class='ocr_line' id='line_1_61' title="bbox 992 1847 1729 1890; baseline 0.003 -12"><span class='ocrx_word' id='word_1_425' title='bbox 992 1847 1078 1879; x_wconf 78' lang='lat' dir='ltr'><strong>ficat</strong></span> <span class='ocrx_word' id='word_1_426' title='bbox 1105 1848 1149 1879; x_wconf 87' lang='lat' dir='ltr'><strong>iis</strong></span> <span class='ocrx_word' id='word_1_427' title='bbox 1175 1859 1266 1889; x_wconf 83' lang='lat' dir='ltr'><strong>quae</strong></span> <span class='ocrx_word' id='word_1_428' title='bbox 1292 1853 1505 1889; x_wconf 85' lang='lat' dir='ltr'><strong>sequuntur,</strong></span> <span class='ocrx_word' id='word_1_429' title='bbox 1531 1859 1623 1890; x_wconf 86' lang='lat' dir='ltr'><strong>quae</strong></span> <span class='ocrx_word' id='word_1_430' title='bbox 1649 1849 1729 1890; x_wconf 89' lang='lat' dir='ltr'><strong>qui-</strong></span> 
     </span>
     <span class='ocr_line' id='line_1_62' title="bbox 993 1892 1528 1934; baseline 0 -11"><span class='ocrx_word' id='word_1_431' title='bbox 993 1893 1073 1923; x_wconf 81' lang='lat' dir='ltr'><strong>dem</strong></span> <span class='ocrx_word' id='word_1_432' title='bbox 1101 1892 1195 1923; x_wconf 83' lang='lat' dir='ltr'><strong>haud</strong></span> <span class='ocrx_word' id='word_1_433' title='bbox 1225 1893 1409 1934; x_wconf 81' lang='lat' dir='ltr'><strong>probanda</strong></span> <span class='ocrx_word' id='word_1_434' title='bbox 1435 1897 1528 1923; x_wconf 79' lang='lat' dir='ltr'><strong>sunt.</strong></span> 
     </span>
    </p>

    <p class='ocr_par' dir='ltr' id='par_1_22' title="bbox 993 1936 1730 2012">
     <span class='ocr_line' id='line_1_63' title="bbox 1037 1936 1730 1978; baseline -0.001 -10"><span class='ocrx_word' id='word_1_435' title='bbox 1037 1947 1171 1968; x_wconf 80' lang='lat' dir='ltr'><strong>sursum</strong></span> <span class='ocrx_word' id='word_1_436' title='bbox 1204 1936 1359 1978; x_wconf 78' lang='lat' dir='ltr'><strong>suspicit]</strong></span> <span class='ocrx_word' id='word_1_437' title='bbox 1402 1936 1457 1967; x_wconf 86' lang='lat' dir='ltr'><strong>Cf.</strong></span> <span class='ocrx_word' id='word_1_438' title='bbox 1484 1947 1511 1967; x_wconf 83' lang='lat' dir='ltr'><strong>c.</strong></span> <span class='ocrx_word' id='word_1_439' title='bbox 1545 1937 1602 1975; x_wconf 77' lang='lat'><strong>14,</strong></span> <span class='ocrx_word' id='word_1_440' title='bbox 1633 1936 1648 1976; x_wconf 63' lang='grc' dir='ltr'><strong><em>ξ</em></strong></span> <span class='ocrx_word' id='word_1_441' title='bbox 1678 1939 1730 1968; x_wconf 82' lang='grc'><strong>16.</strong></span> 
     </span>
     <span class='ocr_line' id='line_1_64' title="bbox 993 1981 1548 2012; baseline 0 -1"><span class='ocrx_word' id='word_1_442' title='bbox 993 1991 1051 2011; x_wconf 80' lang='lat' dir='ltr'><strong>sen</strong></span> <span class='ocrx_word' id='word_1_443' title='bbox 1076 1985 1307 2012; x_wconf 79' lang='lat' dir='ltr'><strong>retrorsum</strong></span> <span class='ocrx_word' id='word_1_444' title='bbox 1343 1981 1548 2012; x_wconf 75' lang='lat' dir='ltr'><strong>recesserit.</strong></span> 
     </span>
    </p>

    <p class='ocr_par' dir='ltr' id='par_1_23' title="bbox 994 2024 1731 2152">
     <span class='ocr_line' id='line_1_65' title="bbox 1039 2024 1730 2066; baseline 0.001 -11"><span class='ocrx_word' id='word_1_445' title='bbox 1039 2029 1099 2055; x_wconf 78' lang='lat' dir='ltr'><strong>ant</strong></span> <span class='ocrx_word' id='word_1_446' title='bbox 1140 2024 1175 2055; x_wconf 84' lang='lat' dir='ltr'><strong>in</strong></span> <span class='ocrx_word' id='word_1_447' title='bbox 1217 2025 1374 2066; x_wconf 73' lang='lat' dir='ltr'><strong>pluviam</strong></span> <span class='ocrx_word' id='word_1_448' title='bbox 1412 2025 1558 2055; x_wconf 74' lang='lat' dir='ltr'><strong>solvitur</strong></span> <span class='ocrx_word' id='word_1_449' title='bbox 1598 2029 1660 2056; x_wconf 78' lang='lat' dir='ltr'><strong>aut</strong></span> <span class='ocrx_word' id='word_1_450' title='bbox 1698 2047 1730 2056; x_wconf 91' lang='lat'><strong>..</strong></span> 
     </span>
     <span class='ocr_line' id='line_1_66' title="bbox 994 2066 1731 2108; baseline -0.001 -9"><span class='ocrx_word' id='word_1_451' title='bbox 994 2066 1130 2108; x_wconf 77' lang='lat' dir='ltr'><strong>emittit]</strong></span> <span class='ocrx_word' id='word_1_452' title='bbox 1169 2068 1389 2098; x_wconf 83' lang='lat' dir='ltr'><strong>Plutarchus</strong></span> <span class='ocrx_word' id='word_1_453' title='bbox 1426 2079 1455 2108; x_wconf 89' lang='lat' dir='ltr'><strong>p.</strong></span> <span class='ocrx_word' id='word_1_454' title='bbox 1487 2070 1563 2099; x_wconf 84' lang='lat'><strong>659.</strong></span> <span class='ocrx_word' id='word_1_455' title='bbox 1588 2067 1631 2098; x_wconf 87' lang='lat' dir='ltr'><strong>B.</strong></span> <span class='ocrx_word' id='word_1_456' title='bbox 1666 2068 1731 2099; x_wconf 86' lang='lat' dir='ltr'><strong>ha-</strong></span> 
     </span>
     <span class='ocr_line' id='line_1_67' title="bbox 996 2110 1465 2152; baseline -0.004 -9"><span class='ocrx_word' id='word_1_457' title='bbox 996 2113 1055 2143; x_wconf 82' lang='lat' dir='ltr'><strong>bet</strong></span> <span class='ocrx_word' id='word_1_458' title='bbox 1081 2115 1218 2142; x_wconf 76' lang='lat' dir='ltr'><strong>tantuin</strong></span> <span class='ocrx_word' id='word_1_459' title='bbox 1244 2110 1465 2152; x_wconf 78' lang='grc' dir='ltr'><em>δροσοβολεῖ.</em></span> 
     </span>
    </p>

    <p class='ocr_par' dir='ltr' id='par_1_24' title="bbox 996 2153 1731 2283">
     <span class='ocr_line' id='line_1_68' title="bbox 1039 2153 1730 2195; baseline -0.001 -9"><span class='ocrx_word' id='word_1_460' title='bbox 1039 2156 1130 2186; x_wconf 78' lang='lat' dir='ltr'><strong>acris</strong></span> <span class='ocrx_word' id='word_1_461' title='bbox 1165 2160 1196 2186; x_wconf 86' lang='lat' dir='ltr'><strong>et</strong></span> <span class='ocrx_word' id='word_1_462' title='bbox 1231 2154 1346 2195; x_wconf 83' lang='lat' dir='ltr'><strong>lunae]</strong></span> <span class='ocrx_word' id='word_1_463' title='bbox 1392 2153 1576 2185; x_wconf 81' lang='lat' dir='ltr'><strong>Alcmanis</strong></span> <span class='ocrx_word' id='word_1_464' title='bbox 1619 2154 1730 2185; x_wconf 80' lang='lat' dir='ltr'><strong>verba</strong></span> 
     </span>
     <span class='ocr_line' id='line_1_69' title="bbox 998 2197 1730 2239; baseline -0.001 -10"><span class='ocrx_word' id='word_1_465' title='bbox 998 2199 1110 2239; x_wconf 73' lang='lat' dir='ltr'><strong>(apud</strong></span> <span class='ocrx_word' id='word_1_466' title='bbox 1133 2197 1401 2229; x_wconf 64' lang='lat' dir='ltr'><strong>Schneidewin.</strong></span> <span class='ocrx_word' id='word_1_467' title='bbox 1430 2198 1570 2228; x_wconf 72' lang='lat' dir='ltr'><strong>Delect.</strong></span> <span class='ocrx_word' id='word_1_468' title='bbox 1595 2209 1629 2239; x_wconf 83' lang='lat' dir='ltr'><strong>p.</strong></span> <span class='ocrx_word' id='word_1_469' title='bbox 1652 2199 1730 2237; x_wconf 71' lang='lat'><strong>249,</strong></span> 
     </span>
     <span class='ocr_line' id='line_1_70' title="bbox 996 2223 1731 2283; baseline -0.001 -11"><span class='ocrx_word' id='word_1_470' title='bbox 996 2245 1069 2278; x_wconf 81' lang='grc'><strong>32.)</strong></span> <span class='ocrx_word' id='word_1_471' title='bbox 1096 2241 1186 2273; x_wconf 79' lang='lat' dir='ltr'><strong>haec</strong></span> <span class='ocrx_word' id='word_1_472' title='bbox 1206 2246 1309 2272; x_wconf 88' lang='lat' dir='ltr'><strong>sunt.</strong></span> <span class='ocrx_word' id='word_1_473' title='bbox 1340 2238 1412 2272; x_wconf 67' lang='lat' dir='ltr'><strong>Osa</strong></span> <span class='ocrx_word' id='word_1_474' title='bbox 1432 2238 1543 2278; x_wconf 79' lang='grc' dir='ltr'>Διὸς</span> <span class='ocrx_word' id='word_1_475' title='bbox 1565 2223 1731 2283; x_wconf 78' lang='grc' dir='ltr'><em>θυγάτηρ</em></span> 
     </span>
    </p>
   </div>
   <div class='ocr_carea' id='block_1_6' title="bbox 988 2281 1693 2326">
    <p class='ocr_par' dir='ltr' id='par_1_25' title="bbox 988 2281 1693 2326">
     <span class='ocr_line' id='line_1_71' title="bbox 988 2281 1693 2326; baseline 0 -11"><span class='ocrx_word' id='word_1_476' title='bbox 988 2282 1101 2325; x_wconf 71' lang='grc' dir='ltr'><em>’Έρσα</em></span> <span class='ocrx_word' id='word_1_477' title='bbox 1125 2282 1245 2326; x_wconf 77' lang='grc' dir='ltr'>τρέφει</span> <span class='ocrx_word' id='word_1_478' title='bbox 1268 2295 1339 2315; x_wconf 76' lang='grc' dir='ltr'><strong>και</strong></span> <span class='ocrx_word' id='word_1_479' title='bbox 1367 2281 1573 2321; x_wconf 72' lang='grc' dir='ltr'><em>Σελάνας</em></span> <span class='ocrx_word' id='word_1_480' title='bbox 1602 2284 1693 2322; x_wconf 72' lang='lat' dir='ltr'><strong>Mag.</strong></span> 
     </span>
    </p>
   </div>
   <div class='ocr_carea' id='block_1_7' title="bbox 992 2328 1732 2893">
    <p class='ocr_par' dir='ltr' id='par_1_26' title="bbox 1039 2328 1641 2370">
     <span class='ocr_line' id='line_1_72' title="bbox 1039 2328 1641 2370; baseline 0 -11"><span class='ocrx_word' id='word_1_481' title='bbox 1039 2331 1093 2360; x_wconf 77' lang='lat'><strong>32</strong></span> <span class='ocrx_word' id='word_1_482' title='bbox 1142 2330 1293 2370; x_wconf 81' lang='lat' dir='ltr'><strong>undique</strong></span> <span class='ocrx_word' id='word_1_483' title='bbox 1317 2329 1462 2369; x_wconf 69' lang='lat' dir='ltr'><strong>veisum]</strong></span> <span class='ocrx_word' id='word_1_484' title='bbox 1489 2328 1543 2359; x_wconf 78' lang='lat' dir='ltr'><strong>Cf.</strong></span> <span class='ocrx_word' id='word_1_485' title='bbox 1563 2330 1583 2367; x_wconf 60' lang='lat' dir='ltr'>S</span> <span class='ocrx_word' id='word_1_486' title='bbox 1609 2331 1641 2359; x_wconf 78' lang='lat'><strong>4.</strong></span> 
     </span>
    </p>

    <p class='ocr_par' dir='ltr' id='par_1_27' title="bbox 992 2372 1732 2457">
     <span class='ocr_line' id='line_1_73' title="bbox 1041 2372 1729 2414; baseline 0 -11"><span class='ocrx_word' id='word_1_487' title='bbox 1041 2384 1142 2413; x_wconf 80' lang='lat' dir='ltr'><strong>quam</strong></span> <span class='ocrx_word' id='word_1_488' title='bbox 1170 2374 1286 2414; x_wconf 79' lang='lat' dir='ltr'><strong>magis</strong></span> <span class='ocrx_word' id='word_1_489' title='bbox 1312 2383 1394 2403; x_wconf 83' lang='lat' dir='ltr'><strong>usus</strong></span> <span class='ocrx_word' id='word_1_490' title='bbox 1419 2383 1521 2414; x_wconf 82' lang='lat' dir='ltr'><strong>qnam</strong></span> <span class='ocrx_word' id='word_1_491' title='bbox 1552 2373 1642 2404; x_wconf 83' lang='lat' dir='ltr'><strong>ratio</strong></span> <span class='ocrx_word' id='word_1_492' title='bbox 1669 2372 1729 2403; x_wconf 77' lang='lat' dir='ltr'><strong>‹Ie-</strong></span> 
     </span>
     <span class='ocr_line' id='line_1_74' title="bbox 992 2415 1732 2457; baseline 0.004 -12"><span class='ocrx_word' id='word_1_493' title='bbox 992 2416 1188 2457; x_wconf 75' lang='lat' dir='ltr'><strong>prehendit]</strong></span> <span class='ocrx_word' id='word_1_494' title='bbox 1205 2415 1258 2447; x_wconf 75' lang='lat' dir='ltr'><strong>Cf.</strong></span> <span class='ocrx_word' id='word_1_495' title='bbox 1282 2428 1310 2447; x_wconf 93' lang='lat' dir='ltr'><strong>c.</strong></span> <span class='ocrx_word' id='word_1_496' title='bbox 1328 2418 1380 2455; x_wconf 72' lang='lat'><strong>14,</strong></span> <span class='ocrx_word' id='word_1_497' title='bbox 1407 2417 1426 2455; x_wconf 66' lang='grc' dir='ltr'><strong>ἓ</strong></span> <span class='ocrx_word' id='word_1_498' title='bbox 1458 2419 1507 2446; x_wconf 80' lang='lat'><strong>15.</strong></span> <span class='ocrx_word' id='word_1_499' title='bbox 1534 2421 1569 2448; x_wconf 81' lang='lat' dir='ltr'><strong>et</strong></span> <span class='ocrx_word' id='word_1_500' title='bbox 1597 2418 1649 2456; x_wconf 81' lang='lat'><strong>15,</strong></span> <span class='ocrx_word' id='word_1_501' title='bbox 1666 2417 1732 2455; x_wconf 76' lang='lat'><strong>§3-</strong></span> 
     </span>
    </p>

    <p class='ocr_par' dir='ltr' id='par_1_28' title="bbox 1038 2459 1649 2501">
     <span class='ocr_line' id='line_1_75' title="bbox 1038 2459 1649 2501; baseline -0.002 -10"><span class='ocrx_word' id='word_1_502' title='bbox 1038 2462 1092 2491; x_wconf 86' lang='lat'><strong>33.</strong></span> <span class='ocrx_word' id='word_1_503' title='bbox 1142 2460 1182 2491; x_wconf 87' lang='lat' dir='ltr'><strong>de</strong></span> <span class='ocrx_word' id='word_1_504' title='bbox 1205 2465 1305 2492; x_wconf 86' lang='lat' dir='ltr'><strong>acuto</strong></span> <span class='ocrx_word' id='word_1_505' title='bbox 1330 2459 1446 2501; x_wconf 80' lang='lat' dir='ltr'><strong>aeneo]</strong></span> <span class='ocrx_word' id='word_1_506' title='bbox 1474 2459 1528 2491; x_wconf 76' lang='lat' dir='ltr'><strong>Cf.</strong></span> <span class='ocrx_word' id='word_1_507' title='bbox 1549 2462 1569 2499; x_wconf 65' lang='grc' dir='ltr'><strong>ἓ</strong></span> <span class='ocrx_word' id='word_1_508' title='bbox 1598 2462 1649 2490; x_wconf 88' lang='grc'><strong>16.</strong></span> 
     </span>
    </p>

    <p class='ocr_par' dir='ltr' id='par_1_29' title="bbox 996 2502 1732 2893">
     <span class='ocr_line' id='line_1_76' title="bbox 1038 2502 1732 2545; baseline -0.001 -11"><span class='ocrx_word' id='word_1_509' title='bbox 1038 2504 1075 2535; x_wconf 75' lang='lat' dir='ltr'><strong>ni</strong></span> <span class='ocrx_word' id='word_1_510' title='bbox 1095 2504 1209 2543; x_wconf 85' lang='lat' dir='ltr'><strong>fallor</strong></span> <span class='ocrx_word' id='word_1_511' title='bbox 1234 2504 1427 2535; x_wconf 80' lang='lat' dir='ltr'><strong>coniectura</strong></span> <span class='ocrx_word' id='word_1_512' title='bbox 1452 2503 1538 2545; x_wconf 83' lang='lat' dir='ltr'><strong>mea]</strong></span> <span class='ocrx_word' id='word_1_513' title='bbox 1568 2502 1732 2535; x_wconf 77' lang='lat' dir='ltr'><strong>offendit</strong></span> 
     </span>
     <span class='ocr_line' id='line_1_77' title="bbox 996 2546 1731 2588; baseline 0 -11"><span class='ocrx_word' id='word_1_514' title='bbox 996 2558 1051 2578; x_wconf 84' lang='lat' dir='ltr'><strong>me</strong></span> <span class='ocrx_word' id='word_1_515' title='bbox 1083 2558 1278 2588; x_wconf 76' lang='lat' dir='ltr'><strong>pronomen</strong></span> <span class='ocrx_word' id='word_1_516' title='bbox 1310 2558 1404 2586; x_wconf 63' lang='lat' dir='ltr'><strong>mea,</strong></span> <span class='ocrx_word' id='word_1_517' title='bbox 1444 2546 1596 2587; x_wconf 86' lang='lat' dir='ltr'><strong>ideoque</strong></span> <span class='ocrx_word' id='word_1_518' title='bbox 1629 2546 1731 2587; x_wconf 76' lang='lat' dir='ltr'><strong>cogi-</strong></span> 
     </span>
     <span class='ocr_line' id='line_1_78' title="bbox 997 2589 1731 2631; baseline 0 -10"><span class='ocrx_word' id='word_1_519' title='bbox 997 2590 1084 2631; x_wconf 70' lang='lat' dir='ltr'><strong>tavi,</strong></span> <span class='ocrx_word' id='word_1_520' title='bbox 1110 2602 1191 2622; x_wconf 86' lang='lat' dir='ltr'><strong>num</strong></span> <span class='ocrx_word' id='word_1_521' title='bbox 1217 2591 1311 2622; x_wconf 81' lang='lat' dir='ltr'><strong>forte</strong></span> <span class='ocrx_word' id='word_1_522' title='bbox 1333 2591 1385 2622; x_wconf 89' lang='lat' dir='ltr'><strong>sic</strong></span> <span class='ocrx_word' id='word_1_523' title='bbox 1412 2590 1503 2622; x_wconf 86' lang='lat' dir='ltr'><strong>haec</strong></span> <span class='ocrx_word' id='word_1_524' title='bbox 1528 2595 1650 2621; x_wconf 80' lang='lat' dir='ltr'><strong>essent</strong></span> <span class='ocrx_word' id='word_1_525' title='bbox 1674 2589 1731 2621; x_wconf 91' lang='lat' dir='ltr'><strong>di-</strong></span> 
     </span>
     <span class='ocr_line' id='line_1_79' title="bbox 997 2634 1731 2676; baseline -0.003 -10"><span class='ocrx_word' id='word_1_526' title='bbox 997 2635 1234 2676; x_wconf 77' lang='lat' dir='ltr'><strong>stinguenda:</strong></span> <span class='ocrx_word' id='word_1_527' title='bbox 1280 2634 1317 2666; x_wconf 77' lang='lat' dir='ltr'><strong>ni</strong></span> <span class='ocrx_word' id='word_1_528' title='bbox 1359 2635 1486 2673; x_wconf 77' lang='lat' dir='ltr'><strong>fallor,</strong></span> <span class='ocrx_word' id='word_1_529' title='bbox 1535 2634 1731 2665; x_wconf 82' lang='lat' dir='ltr'><strong>coniectura</strong></span> 
     </span>
     <span class='ocr_line' id='line_1_80' title="bbox 997 2678 1729 2715; baseline -0.001 -6"><span class='ocrx_word' id='word_1_530' title='bbox 997 2690 1071 2709; x_wconf 82' lang='lat' dir='ltr'><strong>mea</strong></span> <span class='ocrx_word' id='word_1_531' title='bbox 1096 2690 1118 2709; x_wconf 87' lang='lat' dir='ltr'><strong>a</strong></span> <span class='ocrx_word' id='word_1_532' title='bbox 1140 2689 1218 2710; x_wconf 84' lang='lat' dir='ltr'><strong>vero</strong></span> <span class='ocrx_word' id='word_1_533' title='bbox 1248 2689 1315 2710; x_wconf 85' lang='lat' dir='ltr'><strong>non</strong></span> <span class='ocrx_word' id='word_1_534' title='bbox 1340 2678 1467 2715; x_wconf 79' lang='lat' dir='ltr'><strong>deviat,</strong></span> <span class='ocrx_word' id='word_1_535' title='bbox 1494 2681 1532 2708; x_wconf 79' lang='lat' dir='ltr'><strong>ut</strong></span> <span class='ocrx_word' id='word_1_536' title='bbox 1556 2678 1729 2709; x_wconf 79' lang='lat' dir='ltr'><strong>coniectu.-</strong></span> 
     </span>
     <span class='ocr_line' id='line_1_81' title="bbox 996 2720 1732 2753; baseline 0 0"><span class='ocrx_word' id='word_1_537' title='bbox 996 2732 1036 2753; x_wconf 85' lang='lat' dir='ltr'><strong>ra</strong></span> <span class='ocrx_word' id='word_1_538' title='bbox 1064 2733 1140 2753; x_wconf 80' lang='lat' dir='ltr'><strong>mea</strong></span> <span class='ocrx_word' id='word_1_539' title='bbox 1174 2725 1270 2753; x_wconf 86' lang='lat' dir='ltr'><strong>esset</strong></span> <span class='ocrx_word' id='word_1_540' title='bbox 1300 2720 1543 2751; x_wconf 82' lang='lat' dir='ltr'><strong>nominativus</strong></span> <span class='ocrx_word' id='word_1_541' title='bbox 1578 2725 1613 2752; x_wconf 84' lang='lat' dir='ltr'><strong>et</strong></span> <span class='ocrx_word' id='word_1_542' title='bbox 1650 2732 1732 2753; x_wconf 83' lang='lat' dir='ltr'><strong>ver-</strong></span> 
     </span>
     <span class='ocr_line' id='line_1_82' title="bbox 998 2763 1732 2805; baseline 0.001 -9"><span class='ocrx_word' id='word_1_543' title='bbox 998 2766 1043 2797; x_wconf 76' lang='lat' dir='ltr'><strong>ba</strong></span> <span class='ocrx_word' id='word_1_544' title='bbox 1081 2766 1180 2805; x_wconf 76' lang='lat' dir='ltr'><strong>Quod</strong></span> <span class='ocrx_word' id='word_1_545' title='bbox 1210 2769 1324 2795; x_wconf 83' lang='lat' dir='ltr'><strong>autem</strong></span> <span class='ocrx_word' id='word_1_546' title='bbox 1355 2764 1474 2795; x_wconf 74' lang='lat' dir='ltr'><strong>dixisti</strong></span> <span class='ocrx_word' id='word_1_547' title='bbox 1505 2763 1599 2795; x_wconf 81' lang='lat' dir='ltr'><strong>idem</strong></span> <span class='ocrx_word' id='word_1_548' title='bbox 1631 2765 1732 2797; x_wconf 82' lang='lat' dir='ltr'><strong>vale-</strong></span> 
     </span>
     <span class='ocr_line' id='line_1_83' title="bbox 999 2807 1732 2851; baseline 0.001 -11"><span class='ocrx_word' id='word_1_549' title='bbox 999 2812 1079 2840; x_wconf 89' lang='lat' dir='ltr'><strong>rent</strong></span> <span class='ocrx_word' id='word_1_550' title='bbox 1113 2818 1156 2839; x_wconf 83' lang='lat' dir='ltr'><strong>ac</strong></span> <span class='ocrx_word' id='word_1_551' title='bbox 1197 2807 1294 2847; x_wconf 76' lang='lat' dir='ltr'><strong>Quod</strong></span> <span class='ocrx_word' id='word_1_552' title='bbox 1326 2808 1447 2839; x_wconf 78' lang='lat' dir='ltr'><strong>attinet</strong></span> <span class='ocrx_word' id='word_1_553' title='bbox 1484 2808 1531 2839; x_wconf 81' lang='lat' dir='ltr'><strong>ad</strong></span> <span class='ocrx_word' id='word_1_554' title='bbox 1570 2809 1607 2840; x_wconf 84' lang='lat' dir='ltr'><strong>id</strong></span> <span class='ocrx_word' id='word_1_555' title='bbox 1640 2809 1732 2851; x_wconf 79' lang='lat' dir='ltr'><strong>quod</strong></span> 
     </span>
     <span class='ocr_line' id='line_1_84' title="bbox 999 2850 1732 2893; baseline 0.001 -9"><span class='ocrx_word' id='word_1_556' title='bbox 999 2852 1130 2884; x_wconf 77' lang='lat' dir='ltr'><strong>dixisti.</strong></span> <span class='ocrx_word' id='word_1_557' title='bbox 1178 2850 1249 2883; x_wconf 87' lang='lat' dir='ltr'><strong>Sed</strong></span> <span class='ocrx_word' id='word_1_558' title='bbox 1281 2854 1355 2883; x_wconf 87' lang='lat' dir='ltr'><strong>tum</strong></span> <span class='ocrx_word' id='word_1_559' title='bbox 1393 2861 1457 2893; x_wconf 76' lang='lat' dir='ltr'><strong>pro</strong></span> <span class='ocrx_word' id='word_1_560' title='bbox 1492 2856 1594 2884; x_wconf 76' lang='lat' dir='ltr'><strong>acuto</strong></span> <span class='ocrx_word' id='word_1_561' title='bbox 1627 2863 1732 2885; x_wconf 81' lang='lat' dir='ltr'><strong>aeneo</strong></span> 
     </span>
    </p>
   </div>
  </div>
 </body>
</html>
