<?xml version="1.0" encoding="UTF-8"?>
<!DOCTYPE html PUBLIC "-//W3C//DTD XHTML 1.0 Transitional//EN"
    "http://www.w3.org/TR/xhtml1/DTD/xhtml1-transitional.dtd">
<html xmlns="http://www.w3.org/1999/xhtml" xml:lang="en" lang="en">
 <head>
  <title>
</title>
<meta http-equiv="Content-Type" content="text/html;charset=utf-8" />
  <meta name='ocr-system' content='tesseract 3.04.00' />
  <meta name='ocr-capabilities' content='ocr_page ocr_carea ocr_par ocr_line ocrx_word'/>
</head>
<body>
  <div class='ocr_page' id='page_1' title='image "./operaquaesupersu02macruoft/operaquaesupersu02macruoft_0119.png"; bbox 0 0 1844 3168; ppageno 0'>
   <div class='ocr_carea' id='block_1_1' title="bbox 332 35 1635 81">
    <p class='ocr_par' dir='ltr' id='par_1_1' title="bbox 332 35 1635 81">
     <span class='ocr_line' id='line_1_1' title="bbox 332 35 1635 81; baseline -0.002 -1"><span class='ocrx_word' id='word_1_1' title='bbox 332 36 802 81; x_wconf 81' lang='lat' dir='ltr'>SATURNALIORUM</span> <span class='ocrx_word' id='word_1_2' title='bbox 838 35 936 77; x_wconf 89' lang='lat' dir='ltr'>LIB.</span> <span class='ocrx_word' id='word_1_3' title='bbox 976 36 1004 76; x_wconf 86' lang='lat'>1.</span> <span class='ocrx_word' id='word_1_4' title='bbox 1045 35 1162 78; x_wconf 74' lang='lat' dir='ltr'>CAP.</span> <span class='ocrx_word' id='word_1_5' title='bbox 1199 35 1270 77; x_wconf 84' lang='lat' dir='ltr'>xl.</span> <span class='ocrx_word' id='word_1_6' title='bbox 1310 35 1403 77; x_wconf 86' lang='lat' dir='ltr'>xu.</span> <span class='ocrx_word' id='word_1_7' title='bbox 1582 37 1635 77; x_wconf 75' lang='lat'>95</span> 
     </span>
    </p>
   </div>
   <div class='ocr_carea' id='block_1_2' title="bbox 96 150 180 192">
    <p class='ocr_par' dir='ltr' id='par_1_2' title="bbox 96 150 180 192">
     <span class='ocr_line' id='line_1_2' title="bbox 96 150 180 192; baseline 0.014 -2"><span class='ocrx_word' id='word_1_8' title='bbox 96 150 180 192; x_wconf 88' lang='lat' dir='ltr'>luit.</span> 
     </span>
    </p>
   </div>
   <div class='ocr_carea' id='block_1_3' title="bbox 239 147 1637 204">
    <p class='ocr_par' dir='ltr' id='par_1_3' title="bbox 239 147 1637 204">
     <span class='ocr_line' id='line_1_3' title="bbox 239 147 1637 204; baseline -0.004 -13"><span class='ocrx_word' id='word_1_9' title='bbox 239 149 418 191; x_wconf 83' lang='lat' dir='ltr'>Aliarum</span> <span class='ocrx_word' id='word_1_10' title='bbox 456 149 634 204; x_wconf 83' lang='lat' dir='ltr'>gentium</span> <span class='ocrx_word' id='word_1_11' title='bbox 672 148 820 203; x_wconf 82' lang='lat' dir='ltr'>dispari</span> <span class='ocrx_word' id='word_1_12' title='bbox 860 161 1029 189; x_wconf 89' lang='lat' dir='ltr'>numero</span> <span class='ocrx_word' id='word_1_13' title='bbox 1062 147 1146 202; x_wconf 88' lang='lat' dir='ltr'>pari</span> <span class='ocrx_word' id='word_1_14' title='bbox 1183 160 1318 188; x_wconf 89' lang='lat' dir='ltr'>errore</span> <span class='ocrx_word' id='word_1_15' title='bbox 1359 147 1541 189; x_wconf 83' lang='lat' dir='ltr'>nutabat:</span> <span class='ocrx_word' id='word_1_16' title='bbox 1585 153 1637 197; x_wconf 89' lang='lat' dir='ltr'>et,</span> 
     </span>
    </p>
   </div>
   <div class='ocr_carea' id='block_1_4' title="bbox 95 203 1635 259">
    <p class='ocr_par' dir='ltr' id='par_1_4' title="bbox 95 203 1635 259">
     <span class='ocr_line' id='line_1_4' title="bbox 95 203 1635 259; baseline -0.003 -11"><span class='ocrx_word' id='word_1_17' title='bbox 95 213 140 248; x_wconf 90' lang='lat' dir='ltr'>ut</span> <span class='ocrx_word' id='word_1_18' title='bbox 168 211 380 247; x_wconf 86' lang='lat' dir='ltr'>contentus</span> <span class='ocrx_word' id='word_1_19' title='bbox 412 206 485 247; x_wconf 80' lang='lat' dir='ltr'>siin</span> <span class='ocrx_word' id='word_1_20' title='bbox 518 205 723 247; x_wconf 79' lang='lat' dir='ltr'>referendo</span> <span class='ocrx_word' id='word_1_21' title='bbox 754 219 866 259; x_wconf 66' lang='lat' dir='ltr'>pauc.</span> <span class='ocrx_word' id='word_1_22' title='bbox 859 218 970 245; x_wconf 85' lang='lat' dir='ltr'>.·nnm</span> <span class='ocrx_word' id='word_1_23' title='bbox 1005 218 1154 245; x_wconf 81' lang='lat' dir='ltr'>rnorem</span> <span class='ocrx_word' id='word_1_24' title='bbox 1188 204 1418 254; x_wconf 54' lang='lat' dir='ltr'>redonum,</span> <span class='ocrx_word' id='word_1_25' title='bbox 1458 203 1635 245; x_wconf 79' lang='lat' dir='ltr'>Arcades</span> 
     </span>
    </p>
   </div>
   <div class='ocr_carea' id='block_1_5' title="bbox 94 261 1075 315">
    <p class='ocr_par' dir='ltr' id='par_1_5' title="bbox 94 261 1075 315">
     <span class='ocr_line' id='line_1_5' title="bbox 94 261 1075 315; baseline -0.001 -13.987"><span class='ocrx_word' id='word_1_26' title='bbox 94 277 241 303; x_wconf 62' lang='lat' dir='ltr'>annun]</span> <span class='ocrx_word' id='word_1_27' title='bbox 274 277 388 303; x_wconf 73' lang='lat' dir='ltr'>suurn</span> <span class='ocrx_word' id='word_1_28' title='bbox 421 263 546 302; x_wconf 74' lang='lat' dir='ltr'>tribus</span> <span class='ocrx_word' id='word_1_29' title='bbox 576 262 777 302; x_wconf 73' lang='lat' dir='ltr'>mensibus</span> <span class='ocrx_word' id='word_1_30' title='bbox 805 261 1075 315; x_wconf 34' lang='grc' dir='ltr'>(ἩκΙιΙῐιῃΙιΜιηί</span> 
     </span>
    </p>
   </div>
   <div class='ocr_carea' id='block_1_6' title="bbox 1119 260 1633 309">
    <p class='ocr_par' dir='ltr' id='par_1_6' title="bbox 1119 260 1633 309">
     <span class='ocr_line' id='line_1_6' title="bbox 1119 260 1633 309; baseline 0 -9"><span class='ocrx_word' id='word_1_31' title='bbox 1119 264 1185 301; x_wconf 80' lang='lat' dir='ltr'>Ac·</span> <span class='ocrx_word' id='word_1_32' title='bbox 1189 275 1258 300; x_wconf 77' lang='grc' dir='ltr'><strong>ιΓιιε</strong></span> <span class='ocrx_word' id='word_1_33' title='bbox 1261 275 1345 300; x_wconf 73' lang='lat' dir='ltr'>ines</span> <span class='ocrx_word' id='word_1_34' title='bbox 1371 275 1458 309; x_wconf 76' lang='lat' dir='ltr'>sex,</span> <span class='ocrx_word' id='word_1_35' title='bbox 1491 260 1633 301; x_wconf 69' lang='lat' dir='ltr'>Graeci</span> 
     </span>
    </p>
   </div>
   <div class='ocr_carea' id='block_1_7' title="bbox 96 294 1631 373">
    <p class='ocr_par' dir='ltr' id='par_1_7' title="bbox 96 294 1631 373">
     <span class='ocr_line' id='line_1_7' title="bbox 96 294 1631 373; baseline -0.002 -14"><span class='ocrx_word' id='word_1_36' title='bbox 96 319 235 373; x_wconf 76' lang='lat' dir='ltr'>reliqui</span> <span class='ocrx_word' id='word_1_37' title='bbox 270 319 456 359; x_wconf 68' lang='lat' dir='ltr'>trecentis</span> <span class='ocrx_word' id='word_1_38' title='bbox 496 319 783 372; x_wconf 61' lang='lat' dir='ltr'>quinquaginta</span> <span class='ocrx_word' id='word_1_39' title='bbox 826 324 1017 371; x_wconf 76' lang='lat' dir='ltr'>‹pinttnor</span> <span class='ocrx_word' id='word_1_40' title='bbox 1051 294 1190 356; x_wconf 74' lang='lat' dir='ltr'>diebus</span> <span class='ocrx_word' id='word_1_41' title='bbox 1236 331 1382 356; x_wconf 79' lang='lat' dir='ltr'>annnin</span> <span class='ocrx_word' id='word_1_42' title='bbox 1428 317 1631 371; x_wconf 76' lang='lat' dir='ltr'>proprium</span> 
     </span>
    </p>
   </div>
   <div class='ocr_carea' id='block_1_8' title="bbox 93 376 376 429">
    <p class='ocr_par' dir='ltr' id='par_1_8' title="bbox 93 376 376 429">
     <span class='ocr_line' id='line_1_8' title="bbox 93 376 376 429; baseline 0.004 -15"><span class='ocrx_word' id='word_1_43' title='bbox 93 376 376 429; x_wconf 70' lang='lat' dir='ltr'>conputabzmt.</span> 
     </span>
    </p>
   </div>
   <div class='ocr_carea' id='block_1_9' title="bbox 442 373 1672 426">
    <p class='ocr_par' dir='ltr' id='par_1_9' title="bbox 442 373 1672 426">
     <span class='ocr_line' id='line_1_9' title="bbox 442 373 1672 426; baseline -0.005 -10"><span class='ocrx_word' id='word_1_44' title='bbox 442 376 529 416; x_wconf 71' lang='lat' dir='ltr'>Non</span> <span class='ocrx_word' id='word_1_45' title='bbox 571 375 689 425; x_wconf 62' lang='lat' dir='ltr'>igitur</span> <span class='ocrx_word' id='word_1_46' title='bbox 720 375 864 414; x_wconf 78' lang='lat' dir='ltr'>niirurn</span> <span class='ocrx_word' id='word_1_47' title='bbox 898 374 935 414; x_wconf 86' lang='lat' dir='ltr'>in</span> <span class='ocrx_word' id='word_1_48' title='bbox 976 373 1046 413; x_wconf 69' lang='lat' dir='ltr'>bai·</span> <span class='ocrx_word' id='word_1_49' title='bbox 1078 373 1266 413; x_wconf 64' lang='lat' dir='ltr'>varietate</span> <span class='ocrx_word' id='word_1_50' title='bbox 1297 374 1499 413; x_wconf 70' lang='lat' dir='ltr'>Romanos</span> <span class='ocrx_word' id='word_1_51' title='bbox 1531 376 1672 426; x_wconf 77' lang='lat' dir='ltr'>quo-3</span> 
     </span>
    </p>
   </div>
   <div class='ocr_carea' id='block_1_10' title="bbox 92 429 1633 543">
    <p class='ocr_par' dir='ltr' id='par_1_10' title="bbox 92 429 1633 543">
     <span class='ocr_line' id='line_1_10' title="bbox 94 429 1633 485; baseline -0.001 -14"><span class='ocrx_word' id='word_1_52' title='bbox 94 446 171 485; x_wconf 83' lang='lat' dir='ltr'>que</span> <span class='ocrx_word' id='word_1_53' title='bbox 203 432 295 472; x_wconf 80' lang='lat' dir='ltr'>oliin</span> <span class='ocrx_word' id='word_1_54' title='bbox 319 437 482 472; x_wconf 68' lang='lat' dir='ltr'>{··=u‹toie</span> <span class='ocrx_word' id='word_1_55' title='bbox 514 432 686 471; x_wconf 78' lang='lat' dir='ltr'>Romulo</span> <span class='ocrx_word' id='word_1_56' title='bbox 718 445 865 470; x_wconf 76' lang='lat' dir='ltr'>annum</span> <span class='ocrx_word' id='word_1_57' title='bbox 897 444 1013 470; x_wconf 84' lang='lat' dir='ltr'>sunm</span> <span class='ocrx_word' id='word_1_58' title='bbox 1049 429 1185 469; x_wconf 68' lang='lat' dir='ltr'>deceni</span> <span class='ocrx_word' id='word_1_59' title='bbox 1215 429 1402 469; x_wconf 68' lang='lat' dir='ltr'>habuisse</span> <span class='ocrx_word' id='word_1_60' title='bbox 1431 430 1633 469; x_wconf 75' lang='lat' dir='ltr'>nnnsibus</span> 
     </span>
     <span class='ocr_line' id='line_1_11' title="bbox 92 485 1633 543; baseline -0.001 -16"><span class='ocrx_word' id='word_1_61' title='bbox 92 488 341 535; x_wconf 64' lang='lat' dir='ltr'>ordinatum,</span> <span class='ocrx_word' id='word_1_62' title='bbox 377 488 444 543; x_wconf 83' lang='lat' dir='ltr'>qui</span> <span class='ocrx_word' id='word_1_63' title='bbox 474 502 600 528; x_wconf 68' lang='lat' dir='ltr'>annus</span> <span class='ocrx_word' id='word_1_64' title='bbox 632 487 845 541; x_wconf 78' lang='lat' dir='ltr'>incipiebat</span> <span class='ocrx_word' id='word_1_65' title='bbox 875 500 896 526; x_wconf 85' lang='lat' dir='ltr'>a</span> <span class='ocrx_word' id='word_1_66' title='bbox 927 485 1073 525; x_wconf 61' lang='lat' dir='ltr'>Martio</span> <span class='ocrx_word' id='word_1_67' title='bbox 1105 490 1144 525; x_wconf 91' lang='lat' dir='ltr'>et</span> <span class='ocrx_word' id='word_1_68' title='bbox 1178 485 1463 525; x_wconf 64' lang='lat' dir='ltr'>conlichbatur</span> <span class='ocrx_word' id='word_1_69' title='bbox 1493 486 1633 526; x_wconf 65' lang='lat' dir='ltr'>diibus</span> 
     </span>
    </p>
   </div>
   <div class='ocr_carea' id='block_1_11' title="bbox 92 544 518 597">
    <p class='ocr_par' dir='ltr' id='par_1_11' title="bbox 92 544 518 597">
     <span class='ocr_line' id='line_1_12' title="bbox 92 544 518 597; baseline 0 -13"><span class='ocrx_word' id='word_1_70' title='bbox 92 544 276 585; x_wconf 53' lang='lat' dir='ltr'>trementis</span> <span class='ocrx_word' id='word_1_71' title='bbox 307 547 518 597; x_wconf 82' lang='lat' dir='ltr'>quattuor,</span> 
     </span>
    </p>
   </div>
   <div class='ocr_carea' id='block_1_12' title="bbox 566 539 1634 597">
    <p class='ocr_par' dir='ltr' id='par_1_12' title="bbox 566 539 1634 597">
     <span class='ocr_line' id='line_1_13' title="bbox 566 539 1634 597; baseline -0.003 -14"><span class='ocrx_word' id='word_1_72' title='bbox 566 548 611 584; x_wconf 85' lang='lat' dir='ltr'>ut</span> <span class='ocrx_word' id='word_1_73' title='bbox 641 558 707 583; x_wconf 82' lang='lat' dir='ltr'>sex</span> <span class='ocrx_word' id='word_1_74' title='bbox 738 542 897 597; x_wconf 86' lang='lat' dir='ltr'>quidem</span> <span class='ocrx_word' id='word_1_75' title='bbox 931 555 1108 589; x_wconf 87' lang='lat' dir='ltr'>menses,</span> <span class='ocrx_word' id='word_1_76' title='bbox 1154 539 1191 581; x_wconf 89' lang='lat' dir='ltr'>id</span> <span class='ocrx_word' id='word_1_77' title='bbox 1225 547 1285 582; x_wconf 86' lang='lat' dir='ltr'>est</span> <span class='ocrx_word' id='word_1_78' title='bbox 1316 541 1463 595; x_wconf 76' lang='lat' dir='ltr'>Aprilis</span> <span class='ocrx_word' id='word_1_79' title='bbox 1497 542 1634 581; x_wconf 79' lang='lat' dir='ltr'>lunius</span> 
     </span>
    </p>
   </div>
   <div class='ocr_carea' id='block_1_13' title="bbox 92 597 1633 710">
    <p class='ocr_par' dir='ltr' id='par_1_13' title="bbox 92 597 1633 710">
     <span class='ocr_line' id='line_1_14' title="bbox 93 597 1633 654; baseline -0.003 -12.997"><span class='ocrx_word' id='word_1_80' title='bbox 93 600 251 641; x_wconf 76' lang='lat' dir='ltr'>Sextilis</span> <span class='ocrx_word' id='word_1_81' title='bbox 284 600 518 654; x_wconf 77' lang='lat' dir='ltr'>September</span> <span class='ocrx_word' id='word_1_82' title='bbox 546 599 773 641; x_wconf 66' lang='lat' dir='ltr'>Noxeinber</span> <span class='ocrx_word' id='word_1_83' title='bbox 801 599 1043 646; x_wconf 82' lang='lat' dir='ltr'>December,</span> <span class='ocrx_word' id='word_1_84' title='bbox 1077 597 1272 638; x_wconf 86' lang='lat' dir='ltr'>tricenum</span> <span class='ocrx_word' id='word_1_85' title='bbox 1304 604 1435 638; x_wconf 82' lang='lat' dir='ltr'>essent</span> <span class='ocrx_word' id='word_1_86' title='bbox 1465 597 1633 645; x_wconf 83' lang='lat' dir='ltr'>dierum,</span> 
     </span>
     <span class='ocr_line' id='line_1_15' title="bbox 92 653 1633 710; baseline -0.002 -14"><span class='ocrx_word' id='word_1_87' title='bbox 92 662 283 710; x_wconf 81' lang='lat' dir='ltr'>quattuor</span> <span class='ocrx_word' id='word_1_88' title='bbox 310 670 414 705; x_wconf 76' lang='lat' dir='ltr'>vero,</span> <span class='ocrx_word' id='word_1_89' title='bbox 442 656 612 697; x_wconf 87' lang='lat' dir='ltr'>Martius</span> <span class='ocrx_word' id='word_1_90' title='bbox 638 655 768 696; x_wconf 88' lang='lat' dir='ltr'>Maius</span> <span class='ocrx_word' id='word_1_91' title='bbox 802 654 994 705; x_wconf 84' lang='lat' dir='ltr'>Quintilis</span> <span class='ocrx_word' id='word_1_92' title='bbox 1023 654 1211 703; x_wconf 75' lang='lat' dir='ltr'>October,</span> <span class='ocrx_word' id='word_1_93' title='bbox 1243 653 1402 694; x_wconf 74' lang='lat' dir='ltr'>tricenis</span> <span class='ocrx_word' id='word_1_94' title='bbox 1431 659 1470 694; x_wconf 92' lang='lat' dir='ltr'>et</span> <span class='ocrx_word' id='word_1_95' title='bbox 1499 654 1633 707; x_wconf 71' lang='lat' dir='ltr'>singu-</span> 
     </span>
    </p>
   </div>
   <div class='ocr_carea' id='block_1_14' title="bbox 91 712 464 823">
    <p class='ocr_par' dir='ltr' id='par_1_14' title="bbox 91 712 464 823">
     <span class='ocr_line' id='line_1_16' title="bbox 91 712 464 767; baseline 0 -15"><span class='ocrx_word' id='word_1_96' title='bbox 91 713 136 753; x_wconf 89' lang='lat' dir='ltr'>lis</span> <span class='ocrx_word' id='word_1_97' title='bbox 167 712 464 767; x_wconf 79' lang='lat' dir='ltr'>expedirentur:</span> 
     </span>
     <span class='ocr_line' id='line_1_17' title="bbox 91 768 313 823; baseline 0.005 -15"><span class='ocrx_word' id='word_1_98' title='bbox 91 768 313 823; x_wconf 78' lang='lat' dir='ltr'>quintanas.</span> 
     </span>
    </p>
   </div>
   <div class='ocr_carea' id='block_1_15' title="bbox 89 952 313 1030">
    <p class='ocr_par' dir='ltr' id='par_1_15' title="bbox 89 952 313 1030">
     <span class='ocr_line' id='line_1_18' title="bbox 89 952 175 985; baseline -0.012 0"><span class='ocrx_word' id='word_1_99' title='bbox 89 952 175 985; x_wconf 77' lang='lat'>8112</span> 
     </span>
     <span class='ocr_line' id='line_1_19' title="bbox 89 997 313 1030; baseline 0.004 -2"><span class='ocrx_word' id='word_1_100' title='bbox 89 997 180 1030; x_wconf 81' lang='lat' dir='ltr'>alii“</span> <span class='ocrx_word' id='word_1_101' title='bbox 203 998 313 1029; x_wconf 90' lang='lat' dir='ltr'>Gron.</span> 
     </span>
    </p>
   </div>
   <div class='ocr_carea' id='block_1_16' title="bbox 209 952 512 990">
    <p class='ocr_par' dir='ltr' id='par_1_16' title="bbox 209 952 512 990">
     <span class='ocr_line' id='line_1_20' title="bbox 209 952 512 990; baseline 0.003 -7"><span class='ocrx_word' id='word_1_102' title='bbox 209 952 374 990; x_wconf 75' lang='lat' dir='ltr'>„vetus“</span> <span class='ocrx_word' id='word_1_103' title='bbox 408 953 512 985; x_wconf 88' lang='lat' dir='ltr'>Pont.</span> 
     </span>
    </p>
   </div>
   <div class='ocr_carea' id='block_1_17' title="bbox 80 1152 827 2178">
    <p class='ocr_par' dir='ltr' id='par_1_17' title="bbox 80 1152 827 2178">
     <span class='ocr_line' id='line_1_21' title="bbox 87 1152 825 1209; baseline 0 -20"><span class='ocrx_word' id='word_1_104' title='bbox 87 1160 120 1190; x_wconf 88' lang='lat'>3.</span> <span class='ocrx_word' id='word_1_105' title='bbox 167 1157 486 1209; x_wconf 75' lang='lat' dir='ltr'>Herodot.11,4.</span> <span class='ocrx_word' id='word_1_106' title='bbox 524 1152 825 1210; x_wconf 51' lang='lat' dir='ltr'>Hodtochly-IJ</span> 
     </span>
     <span class='ocr_line' id='line_1_22' title="bbox 86 1181 827 1243; baseline -0.001 -10"><span class='ocrx_word' id='word_1_107' title='bbox 86 1201 212 1239; x_wconf 85' lang='grc' dir='ltr'><em>πτιόυς</em></span> <span class='ocrx_word' id='word_1_108' title='bbox 234 1198 442 1243; x_wconf 68' lang='grc' dir='ltr'><em>ἀνθρώπων</em></span> <span class='ocrx_word' id='word_1_109' title='bbox 464 1197 634 1233; x_wconf 74' lang='grc' dir='ltr'><em>ἁπάντων</em></span> <span class='ocrx_word' id='word_1_110' title='bbox 657 1181 827 1242; x_wconf 70' lang='grc' dir='ltr'><em>ἐξευρεειν</em></span> 
     </span>
     <span class='ocr_line' id='line_1_23' title="bbox 86 1242 825 1287; baseline -0.001 -9"><span class='ocrx_word' id='word_1_111' title='bbox 86 1244 150 1278; x_wconf 87' lang='grc' dir='ltr'>τὸν</span> <span class='ocrx_word' id='word_1_112' title='bbox 171 1242 356 1285; x_wconf 74' lang='grc' dir='ltr'><em>ἐνιαυτὸν,</em></span> <span class='ocrx_word' id='word_1_113' title='bbox 393 1244 557 1278; x_wconf 73' lang='grc' dir='ltr'><em>δυώδεκα</em></span> <span class='ocrx_word' id='word_1_114' title='bbox 581 1243 689 1287; x_wconf 76' lang='grc' dir='ltr'><em>μέρεα</em></span> <span class='ocrx_word' id='word_1_115' title='bbox 713 1245 825 1277; x_wconf 74' lang='grc' dir='ltr'><em>δασα-</em></span> 
     </span>
     <span class='ocr_line' id='line_1_24' title="bbox 84 1286 825 1342; baseline -0.001 -19"><span class='ocrx_word' id='word_1_116' title='bbox 84 1289 215 1342; x_wconf 80' lang='grc' dir='ltr'>μένους</span> <span class='ocrx_word' id='word_1_117' title='bbox 238 1289 310 1322; x_wconf 78' lang='grc' dir='ltr'>τῶν</span> <span class='ocrx_word' id='word_1_118' title='bbox 336 1286 455 1332; x_wconf 78' lang='grc' dir='ltr'><em>ωρέων</em></span> <span class='ocrx_word' id='word_1_119' title='bbox 479 1288 514 1328; x_wconf 74' lang='grc' dir='ltr'>ἐς</span> <span class='ocrx_word' id='word_1_120' title='bbox 537 1288 662 1323; x_wconf 78' lang='grc' dir='ltr'><em>αὐτόν.</em></span> <span class='ocrx_word' id='word_1_121' title='bbox 685 1313 692 1321; x_wconf 92' lang='grc'>.</span> <span class='ocrx_word' id='word_1_122' title='bbox 735 1289 825 1322; x_wconf 86' lang='grc' dir='ltr'><strong>.Λί-</strong></span> 
     </span>
     <span class='ocr_line' id='line_1_25' title="bbox 84 1330 824 1387; baseline 0 -21"><span class='ocrx_word' id='word_1_123' title='bbox 84 1331 227 1386; x_wconf 76' lang='grc' dir='ltr'><em>γύπτιοι</em></span> <span class='ocrx_word' id='word_1_124' title='bbox 259 1331 296 1365; x_wconf 73' lang='grc' dir='ltr'>δὲ</span> <span class='ocrx_word' id='word_1_125' title='bbox 323 1333 646 1386; x_wconf 68' lang='grc' dir='ltr'><em>τριηκοντημέρους</em></span> <span class='ocrx_word' id='word_1_126' title='bbox 678 1330 824 1387; x_wconf 49' lang='lat' dir='ltr'>&amp;oms</span> 
     </span>
     <span class='ocr_line' id='line_1_26' title="bbox 84 1375 823 1430; baseline 0 -20"><span class='ocrx_word' id='word_1_127' title='bbox 84 1389 170 1416; x_wconf 78' lang='grc' dir='ltr'><em>τους</em></span> <span class='ocrx_word' id='word_1_128' title='bbox 201 1375 366 1410; x_wconf 77' lang='grc' dir='ltr'><em>δυώδεκα</em></span> <span class='ocrx_word' id='word_1_129' title='bbox 397 1378 515 1430; x_wconf 80' lang='grc' dir='ltr'><em>μῆνας</em></span> <span class='ocrx_word' id='word_1_130' title='bbox 546 1375 718 1429; x_wconf 52' lang='grc' dir='ltr'><em>ἐπάῃουσι</em></span> <span class='ocrx_word' id='word_1_131' title='bbox 752 1375 823 1410; x_wconf 68' lang='grc' dir='ltr'><em>τινὰ</em></span> 
     </span>
     <span class='ocr_line' id='line_1_27' title="bbox 84 1418 823 1465; baseline 0 -11"><span class='ocrx_word' id='word_1_132' title='bbox 84 1422 158 1454; x_wconf 77' lang='grc' dir='ltr'><em>πᾶν</em></span> <span class='ocrx_word' id='word_1_133' title='bbox 192 1419 270 1461; x_wconf 83' lang='grc' dir='ltr'><em>ε’τος</em></span> <span class='ocrx_word' id='word_1_134' title='bbox 305 1419 406 1455; x_wconf 84' lang='grc' dir='ltr'><em>πέντε</em></span> <span class='ocrx_word' id='word_1_135' title='bbox 441 1418 575 1465; x_wconf 79' lang='grc' dir='ltr'><em>ἡμέρας</em></span> <span class='ocrx_word' id='word_1_136' title='bbox 613 1434 663 1454; x_wconf 75' lang='grc' dir='ltr'>πα</span> <span class='ocrx_word' id='word_1_137' title='bbox 656 1419 725 1464; x_wconf 74' lang='grc' dir='ltr'><em>’ρεξ</em></span> <span class='ocrx_word' id='word_1_138' title='bbox 757 1421 823 1455; x_wconf 83' lang='grc' dir='ltr'>τοῦ</span> 
     </span>
     <span class='ocr_line' id='line_1_28' title="bbox 83 1463 823 1509; baseline 0 -11"><span class='ocrx_word' id='word_1_139' title='bbox 83 1463 258 1508; x_wconf 74' lang='grc' dir='ltr'>ἀριθμοῦ.</span> <span class='ocrx_word' id='word_1_140' title='bbox 306 1467 488 1509; x_wconf 82' lang='lat' dir='ltr'>Forbiger</span> <span class='ocrx_word' id='word_1_141' title='bbox 515 1468 660 1500; x_wconf 83' lang='lat' dir='ltr'>Handb.</span> <span class='ocrx_word' id='word_1_142' title='bbox 693 1468 724 1499; x_wconf 90' lang='lat' dir='ltr'>d.</span> <span class='ocrx_word' id='word_1_143' title='bbox 758 1467 823 1499; x_wconf 86' lang='lat' dir='ltr'>alt.</span> 
     </span>
     <span class='ocr_line' id='line_1_29' title="bbox 85 1511 824 1554; baseline -0.001 -10"><span class='ocrx_word' id='word_1_144' title='bbox 85 1511 188 1553; x_wconf 61' lang='lat' dir='ltr'>Geog„</span> <span class='ocrx_word' id='word_1_145' title='bbox 178 1522 223 1543; x_wconf 90' lang='lat' dir='ltr'>r.</span> <span class='ocrx_word' id='word_1_146' title='bbox 249 1511 275 1543; x_wconf 88' lang='lat'>1.</span> <span class='ocrx_word' id='word_1_147' title='bbox 310 1523 343 1554; x_wconf 88' lang='lat' dir='ltr'>p.</span> <span class='ocrx_word' id='word_1_148' title='bbox 375 1514 453 1543; x_wconf 75' lang='lat'>525.</span> <span class='ocrx_word' id='word_1_149' title='bbox 489 1517 682 1554; x_wconf 77' lang='lat' dir='ltr'>praeterea</span> <span class='ocrx_word' id='word_1_150' title='bbox 715 1511 824 1544; x_wconf 79' lang='lat' dir='ltr'>ass&#39;ert</span> 
     </span>
     <span class='ocr_line' id='line_1_30' title="bbox 86 1555 822 1595; baseline 0.001 -8"><span class='ocrx_word' id='word_1_151' title='bbox 86 1555 191 1587; x_wconf 83' lang='lat' dir='ltr'>Diod.</span> <span class='ocrx_word' id='word_1_152' title='bbox 232 1555 304 1588; x_wconf 82' lang='lat' dir='ltr'>Sic.</span> <span class='ocrx_word' id='word_1_153' title='bbox 346 1556 380 1595; x_wconf 89' lang='grc' dir='ltr'>Ι,</span> <span class='ocrx_word' id='word_1_154' title='bbox 416 1558 472 1589; x_wconf 88' lang='lat'>50.</span> <span class='ocrx_word' id='word_1_155' title='bbox 526 1557 669 1589; x_wconf 88' lang='lat' dir='ltr'>Gemin.</span> <span class='ocrx_word' id='word_1_156' title='bbox 705 1557 822 1589; x_wconf 81' lang='lat' dir='ltr'>Elem.</span> 
     </span>
     <span class='ocr_line' id='line_1_31' title="bbox 83 1601 823 1634; baseline 0 -2"><span class='ocrx_word' id='word_1_157' title='bbox 83 1605 218 1632; x_wconf 80' lang='lat' dir='ltr'>astron.</span> <span class='ocrx_word' id='word_1_158' title='bbox 244 1612 272 1631; x_wconf 86' lang='lat' dir='ltr'>e.</span> <span class='ocrx_word' id='word_1_159' title='bbox 297 1604 328 1632; x_wconf 86' lang='lat'>6.</span> <span class='ocrx_word' id='word_1_160' title='bbox 369 1601 441 1633; x_wconf 80' lang='lat' dir='ltr'>Alii</span> <span class='ocrx_word' id='word_1_161' title='bbox 467 1601 543 1633; x_wconf 85' lang='lat' dir='ltr'>alia</span> <span class='ocrx_word' id='word_1_162' title='bbox 567 1603 709 1634; x_wconf 82' lang='lat' dir='ltr'>docent.</span> <span class='ocrx_word' id='word_1_163' title='bbox 756 1601 823 1633; x_wconf 92' lang='lat' dir='ltr'>So—</span> 
     </span>
     <span class='ocr_line' id='line_1_32' title="bbox 86 1645 823 1687; baseline 0.003 -12"><span class='ocrx_word' id='word_1_164' title='bbox 86 1645 182 1677; x_wconf 85' lang='lat' dir='ltr'>linus</span> <span class='ocrx_word' id='word_1_165' title='bbox 197 1645 327 1687; x_wconf 65' lang='lat' dir='ltr'>Polyb.</span> <span class='ocrx_word' id='word_1_166' title='bbox 350 1656 379 1675; x_wconf 91' lang='lat' dir='ltr'>c.</span> <span class='ocrx_word' id='word_1_167' title='bbox 400 1647 425 1676; x_wconf 85' lang='lat'>1.</span> <span class='ocrx_word' id='word_1_168' title='bbox 453 1657 484 1687; x_wconf 88' lang='lat' dir='ltr'>p.</span> <span class='ocrx_word' id='word_1_169' title='bbox 501 1648 521 1676; x_wconf 89' lang='grc'><strong>3</strong></span> <span class='ocrx_word' id='word_1_170' title='bbox 544 1646 603 1678; x_wconf 88' lang='lat' dir='ltr'>D.:</span> <span class='ocrx_word' id='word_1_171' title='bbox 630 1646 722 1678; x_wconf 60' lang='lat' dir='ltr'>Nam</span> <span class='ocrx_word' id='word_1_172' title='bbox 742 1650 823 1677; x_wconf 90' lang='lat' dir='ltr'>ante</span> 
     </span>
     <span class='ocr_line' id='line_1_33' title="bbox 85 1690 822 1732; baseline 0 -11"><span class='ocrx_word' id='word_1_173' title='bbox 85 1691 285 1732; x_wconf 79' lang='lat' dir='ltr'>Augustum</span> <span class='ocrx_word' id='word_1_174' title='bbox 331 1690 511 1722; x_wconf 81' lang='lat' dir='ltr'>Caesarem</span> <span class='ocrx_word' id='word_1_175' title='bbox 551 1691 678 1722; x_wconf 87' lang='lat' dir='ltr'>incerto</span> <span class='ocrx_word' id='word_1_176' title='bbox 721 1690 822 1722; x_wconf 86' lang='lat' dir='ltr'>modo</span> 
     </span>
     <span class='ocr_line' id='line_1_34' title="bbox 85 1734 822 1777; baseline 0.001 -12"><span class='ocrx_word' id='word_1_177' title='bbox 85 1745 212 1765; x_wconf 71' lang='lat' dir='ltr'>amnem</span> <span class='ocrx_word' id='word_1_178' title='bbox 241 1735 503 1775; x_wconf 76' lang='lat' dir='ltr'>computabant,</span> <span class='ocrx_word' id='word_1_179' title='bbox 542 1736 602 1777; x_wconf 84' lang='lat' dir='ltr'>qui</span> <span class='ocrx_word' id='word_1_180' title='bbox 632 1734 727 1776; x_wconf 79' lang='lat' dir='ltr'>apud</span> <span class='ocrx_word' id='word_1_181' title='bbox 756 1736 822 1766; x_wconf 86' lang='lat' dir='ltr'>Ae-</span> 
     </span>
     <span class='ocr_line' id='line_1_35' title="bbox 83 1778 816 1821; baseline 0 -12"><span class='ocrx_word' id='word_1_182' title='bbox 83 1778 223 1821; x_wconf 78' lang='lat' dir='ltr'>gyptios</span> <span class='ocrx_word' id='word_1_183' title='bbox 245 1784 392 1820; x_wconf 83' lang='lat' dir='ltr'>quotuor</span> <span class='ocrx_word' id='word_1_184' title='bbox 413 1779 584 1811; x_wconf 83' lang='lat' dir='ltr'>mensibus</span> <span class='ocrx_word' id='word_1_185' title='bbox 608 1779 816 1810; x_wconf 84' lang='lat' dir='ltr'>terminaba-</span> 
     </span>
     <span class='ocr_line' id='line_1_36' title="bbox 83 1822 823 1855; baseline -0.001 0"><span class='ocrx_word' id='word_1_186' title='bbox 83 1828 149 1855; x_wconf 85' lang='lat' dir='ltr'>tur.</span> <span class='ocrx_word' id='word_1_187' title='bbox 197 1822 414 1854; x_wconf 73' lang='lat' dir='ltr'>Accuratins</span> <span class='ocrx_word' id='word_1_188' title='bbox 440 1822 662 1855; x_wconf 84' lang='lat' dir='ltr'>Censorinus</span> <span class='ocrx_word' id='word_1_189' title='bbox 688 1823 731 1854; x_wconf 87' lang='lat' dir='ltr'>de</span> <span class='ocrx_word' id='word_1_190' title='bbox 763 1822 823 1854; x_wconf 79' lang='lat' dir='ltr'>die</span> 
     </span>
     <span class='ocr_line' id='line_1_37' title="bbox 83 1867 821 1911; baseline 0 -13"><span class='ocrx_word' id='word_1_191' title='bbox 83 1870 155 1898; x_wconf 87' lang='lat' dir='ltr'>nat.</span> <span class='ocrx_word' id='word_1_192' title='bbox 186 1869 243 1906; x_wconf 81' lang='lat'>19,</span> <span class='ocrx_word' id='word_1_193' title='bbox 269 1869 323 1899; x_wconf 74' lang='lat'>4.:</span> <span class='ocrx_word' id='word_1_194' title='bbox 363 1869 409 1900; x_wconf 73' lang='lat' dir='ltr'>Et</span> <span class='ocrx_word' id='word_1_195' title='bbox 441 1869 477 1899; x_wconf 87' lang='lat' dir='ltr'>in</span> <span class='ocrx_word' id='word_1_196' title='bbox 504 1871 662 1911; x_wconf 76' lang='lat' dir='ltr'>Aegypto</span> <span class='ocrx_word' id='word_1_197' title='bbox 685 1867 821 1910; x_wconf 82' lang='lat' dir='ltr'>quidem</span> 
     </span>
     <span class='ocr_line' id='line_1_38' title="bbox 82 1912 821 1954; baseline 0 -12"><span class='ocrx_word' id='word_1_198' title='bbox 82 1912 361 1954; x_wconf 78' lang='lat' dir='ltr'>antiquissimum</span> <span class='ocrx_word' id='word_1_199' title='bbox 395 1915 513 1951; x_wconf 78' lang='lat' dir='ltr'>ferunt</span> <span class='ocrx_word' id='word_1_200' title='bbox 550 1923 680 1944; x_wconf 88' lang='lat' dir='ltr'>annum</span> <span class='ocrx_word' id='word_1_201' title='bbox 715 1912 821 1943; x_wconf 86' lang='lat' dir='ltr'>bime-</span> 
     </span>
     <span class='ocr_line' id='line_1_39' title="bbox 80 1956 823 1999; baseline 0 -12"><span class='ocrx_word' id='word_1_202' title='bbox 80 1961 181 1988; x_wconf 87' lang='lat' dir='ltr'>strem</span> <span class='ocrx_word' id='word_1_203' title='bbox 210 1956 344 1996; x_wconf 84' lang='lat' dir='ltr'>fuisse‚·</span> <span class='ocrx_word' id='word_1_204' title='bbox 378 1962 455 1999; x_wconf 83' lang='lat' dir='ltr'>post</span> <span class='ocrx_word' id='word_1_205' title='bbox 490 1957 614 1989; x_wconf 84' lang='lat' dir='ltr'>deinde</span> <span class='ocrx_word' id='word_1_206' title='bbox 649 1957 692 1988; x_wconf 82' lang='lat' dir='ltr'>ab</span> <span class='ocrx_word' id='word_1_207' title='bbox 725 1957 823 1987; x_wconf 87' lang='lat' dir='ltr'>Isone</span> 
     </span>
     <span class='ocr_line' id='line_1_40' title="bbox 80 2001 819 2043; baseline 0.001 -12"><span class='ocrx_word' id='word_1_208' title='bbox 80 2011 164 2043; x_wconf 78' lang='lat' dir='ltr'>rege</span> <span class='ocrx_word' id='word_1_209' title='bbox 197 2001 480 2043; x_wconf 82' lang='lat' dir='ltr'>quadrimestrem</span> <span class='ocrx_word' id='word_1_210' title='bbox 516 2003 668 2038; x_wconf 72' lang='lat' dir='ltr'>facturn.-</span> <span class='ocrx_word' id='word_1_211' title='bbox 701 2001 819 2032; x_wconf 83' lang='lat' dir='ltr'>novis-</span> 
     </span>
     <span class='ocr_line' id='line_1_41' title="bbox 81 2046 821 2078; baseline 0 -2"><span class='ocrx_word' id='word_1_212' title='bbox 81 2046 165 2077; x_wconf 83' lang='lat' dir='ltr'>sime</span> <span class='ocrx_word' id='word_1_213' title='bbox 190 2046 355 2077; x_wconf 79' lang='lat' dir='ltr'>Arminon</span> <span class='ocrx_word' id='word_1_214' title='bbox 379 2046 425 2077; x_wconf 90' lang='lat' dir='ltr'>ad</span> <span class='ocrx_word' id='word_1_215' title='bbox 452 2046 614 2078; x_wconf 78' lang='lat' dir='ltr'>tredecim</span> <span class='ocrx_word' id='word_1_216' title='bbox 634 2056 766 2077; x_wconf 86' lang='lat' dir='ltr'>menses</span> <span class='ocrx_word' id='word_1_217' title='bbox 789 2049 821 2076; x_wconf 88' lang='lat' dir='ltr'>et</span> 
     </span>
     <span class='ocr_line' id='line_1_42' title="bbox 81 2090 820 2132; baseline -0.001 -11"><span class='ocrx_word' id='word_1_218' title='bbox 81 2090 154 2121; x_wconf 83' lang='lat' dir='ltr'>dies</span> <span class='ocrx_word' id='word_1_219' title='bbox 187 2090 336 2131; x_wconf 81' lang='lat' dir='ltr'>quinque</span> <span class='ocrx_word' id='word_1_220' title='bbox 369 2091 583 2132; x_wconf 73' lang='lat' dir='ltr'>perduxisse.</span> <span class='ocrx_word' id='word_1_221' title='bbox 630 2090 732 2121; x_wconf 88' lang='lat' dir='ltr'>Idem</span> <span class='ocrx_word' id='word_1_222' title='bbox 767 2092 820 2128; x_wconf 86' lang='grc'>18,</span> 
     </span>
     <span class='ocr_line' id='line_1_43' title="bbox 82 2134 820 2178; baseline 0 -13"><span class='ocrx_word' id='word_1_223' title='bbox 82 2137 154 2165; x_wconf 90' lang='grc'><strong>10..</strong></span> <span class='ocrx_word' id='word_1_224' title='bbox 185 2134 277 2166; x_wconf 57' lang='lat' dir='ltr'>Ram</span> <span class='ocrx_word' id='word_1_225' title='bbox 301 2145 414 2166; x_wconf 80' lang='lat' dir='ltr'>eorum</span> <span class='ocrx_word' id='word_1_226' title='bbox 430 2134 734 2178; x_wconf 57' lang='lat' dir='ltr'>(Aegyptiorum)</span> <span class='ocrx_word' id='word_1_227' title='bbox 753 2145 820 2165; x_wconf 83' lang='lat' dir='ltr'>an·</span> 
     </span>
    </p>
   </div>
   <div class='ocr_carea' id='block_1_18' title="bbox 79 2178 825 2213">
    <p class='ocr_par' dir='ltr' id='par_1_18' title="bbox 79 2178 825 2213">
     <span class='ocr_line' id='line_1_44' title="bbox 79 2178 825 2213; baseline -0.001 -3"><span class='ocrx_word' id='word_1_228' title='bbox 79 2189 144 2210; x_wconf 84' lang='lat' dir='ltr'>nus</span> <span class='ocrx_word' id='word_1_229' title='bbox 163 2178 275 2210; x_wconf 79' lang='lat' dir='ltr'>civilis</span> <span class='ocrx_word' id='word_1_230' title='bbox 298 2179 390 2210; x_wconf 85' lang='lat' dir='ltr'>solus</span> <span class='ocrx_word' id='word_1_231' title='bbox 405 2179 506 2213; x_wconf 82' lang='lat' dir='ltr'>habet</span> <span class='ocrx_word' id='word_1_232' title='bbox 527 2181 600 2211; x_wconf 82' lang='lat' dir='ltr'>dics</span> <span class='ocrx_word' id='word_1_233' title='bbox 625 2178 825 2211; x_wconf 78' lang='lat' dir='ltr'><em>CCCLXV</em></span> 
     </span>
    </p>
   </div>
   <div class='ocr_carea' id='block_1_19' title="bbox 75 2222 822 2971">
    <p class='ocr_par' dir='ltr' id='par_1_19' title="bbox 77 2222 822 2653">
     <span class='ocr_line' id='line_1_45' title="bbox 79 2222 822 2256; baseline 0 -2"><span class='ocrx_word' id='word_1_234' title='bbox 79 2223 151 2254; x_wconf 83' lang='lat' dir='ltr'>sine</span> <span class='ocrx_word' id='word_1_235' title='bbox 173 2223 245 2254; x_wconf 82' lang='lat' dir='ltr'>ullo</span> <span class='ocrx_word' id='word_1_236' title='bbox 266 2223 477 2256; x_wconf 79' lang='lat' dir='ltr'>intercalari.</span> <span class='ocrx_word' id='word_1_237' title='bbox 524 2224 659 2256; x_wconf 83' lang='lat' dir='ltr'>Contra</span> <span class='ocrx_word' id='word_1_238' title='bbox 678 2222 822 2254; x_wconf 81' lang='lat' dir='ltr'>Plinius</span> 
     </span>
     <span class='ocr_line' id='line_1_46' title="bbox 80 2266 818 2309; baseline 0 -11"><span class='ocrx_word' id='word_1_239' title='bbox 80 2266 122 2298; x_wconf 91' lang='lat' dir='ltr'>N.</span> <span class='ocrx_word' id='word_1_240' title='bbox 159 2267 205 2299; x_wconf 86' lang='lat'>11.</span> <span class='ocrx_word' id='word_1_241' title='bbox 240 2267 323 2307; x_wconf 59' lang='lat'>311,</span> <span class='ocrx_word' id='word_1_242' title='bbox 353 2269 398 2299; x_wconf 80' lang='lat'>48</span> <span class='ocrx_word' id='word_1_243' title='bbox 427 2279 455 2300; x_wconf 89' lang='grc'>5.</span> <span class='ocrx_word' id='word_1_244' title='bbox 487 2270 542 2300; x_wconf 77' lang='grc'>49.</span> <span class='ocrx_word' id='word_1_245' title='bbox 573 2270 593 2309; x_wconf 82' lang='lat'><strong>§</strong></span> <span class='ocrx_word' id='word_1_246' title='bbox 625 2270 688 2299; x_wconf 89' lang='grc'>155</span> <span class='ocrx_word' id='word_1_247' title='bbox 713 2267 818 2299; x_wconf 78' lang='grc' dir='ltr'><strong>8ἰΙΙ.;</strong></span> 
     </span>
     <span class='ocr_line' id='line_1_47' title="bbox 81 2311 819 2353; baseline 0 -11"><span class='ocrx_word' id='word_1_248' title='bbox 81 2311 223 2353; x_wconf 82' lang='lat' dir='ltr'>quidam</span> <span class='ocrx_word' id='word_1_249' title='bbox 254 2312 358 2343; x_wconf 88' lang='lat' dir='ltr'>lunae</span> <span class='ocrx_word' id='word_1_250' title='bbox 387 2314 481 2345; x_wconf 84' lang='lat' dir='ltr'>senio</span> <span class='ocrx_word' id='word_1_251' title='bbox 516 2316 668 2351; x_wconf 84' lang='lat' dir='ltr'>(annum</span> <span class='ocrx_word' id='word_1_252' title='bbox 698 2312 819 2343; x_wconf 86' lang='lat' dir='ltr'>deter-</span> 
     </span>
     <span class='ocr_line' id='line_1_48' title="bbox 80 2355 818 2400; baseline 0.003 -15"><span class='ocrx_word' id='word_1_253' title='bbox 80 2355 309 2395; x_wconf 79' lang='lat' dir='ltr'>minabant),</span> <span class='ocrx_word' id='word_1_254' title='bbox 347 2360 384 2388; x_wconf 87' lang='lat' dir='ltr'>ut</span> <span class='ocrx_word' id='word_1_255' title='bbox 411 2358 589 2400; x_wconf 79' lang='lat' dir='ltr'>Aegyptii.</span> <span class='ocrx_word' id='word_1_256' title='bbox 637 2356 749 2388; x_wconf 84' lang='lat' dir='ltr'>Plinii</span> <span class='ocrx_word' id='word_1_257' title='bbox 782 2359 818 2387; x_wconf 86' lang='lat' dir='ltr'>et</span> 
     </span>
     <span class='ocr_line' id='line_1_49' title="bbox 78 2398 818 2443; baseline 0.004 -14"><span class='ocrx_word' id='word_1_258' title='bbox 78 2398 268 2430; x_wconf 80' lang='lat' dir='ltr'>Censorini</span> <span class='ocrx_word' id='word_1_259' title='bbox 295 2401 498 2432; x_wconf 84' lang='lat' dir='ltr'>sententias</span> <span class='ocrx_word' id='word_1_260' title='bbox 519 2400 709 2443; x_wconf 82' lang='lat' dir='ltr'>coniungit</span> <span class='ocrx_word' id='word_1_261' title='bbox 732 2400 818 2432; x_wconf 91' lang='lat' dir='ltr'>Plu-</span> 
     </span>
     <span class='ocr_line' id='line_1_50' title="bbox 80 2427 819 2496; baseline 0.001 -22"><span class='ocrx_word' id='word_1_262' title='bbox 80 2427 675 2497; x_wconf 57' lang='lat' dir='ltr'>tan-chusxum18.:A?yvm[⁰019</span> <span class='ocrx_word' id='word_1_263' title='bbox 687 2441 724 2475; x_wconf 71' lang='grc' dir='ltr'>δὲ</span> <span class='ocrx_word' id='word_1_264' title='bbox 747 2455 819 2485; x_wconf 85' lang='grc' dir='ltr'>μη-</span> 
     </span>
     <span class='ocr_line' id='line_1_51' title="bbox 77 2483 818 2538; baseline 0 -19"><span class='ocrx_word' id='word_1_265' title='bbox 77 2489 223 2525; x_wconf 78' lang='grc' dir='ltr'><em>νιαῖος</em></span> <span class='ocrx_word' id='word_1_266' title='bbox 245 2486 291 2538; x_wconf 79' lang='grc' dir='ltr'><em>ἠν</em></span> <span class='ocrx_word' id='word_1_267' title='bbox 317 2483 336 2519; x_wconf 87' lang='grc' dir='ltr'>ὁ</span> <span class='ocrx_word' id='word_1_268' title='bbox 363 2485 537 2528; x_wconf 78' lang='grc' dir='ltr'><em>ἐνιαυτὸς,</em></span> <span class='ocrx_word' id='word_1_269' title='bbox 562 2491 638 2520; x_wconf 71' lang='grc' dir='ltr'><em>εἷτα</em></span> <span class='ocrx_word' id='word_1_270' title='bbox 664 2486 818 2528; x_wconf 72' lang='grc' dir='ltr'><em>τετρά-</em></span> 
     </span>
     <span class='ocr_line' id='line_1_52' title="bbox 77 2526 815 2574; baseline 0.001 -11"><span class='ocrx_word' id='word_1_271' title='bbox 77 2542 225 2574; x_wconf 86' lang='grc' dir='ltr'><em>μηνος,</em></span> <span class='ocrx_word' id='word_1_272' title='bbox 249 2526 300 2569; x_wconf 67' lang='lat'>(5¹9</span> <span class='ocrx_word' id='word_1_273' title='bbox 321 2541 420 2574; x_wconf 81' lang='grc' dir='ltr'><strong>φασι.</strong></span> <span class='ocrx_word' id='word_1_274' title='bbox 452 2533 566 2564; x_wconf 92' lang='lat' dir='ltr'>Solin.</span> <span class='ocrx_word' id='word_1_275' title='bbox 596 2535 624 2563; x_wconf 93' lang='grc'>1.</span> <span class='ocrx_word' id='word_1_276' title='bbox 652 2543 685 2574; x_wconf 87' lang='lat' dir='ltr'>p.</span> <span class='ocrx_word' id='word_1_277' title='bbox 710 2534 730 2562; x_wconf 88' lang='lat'><strong>3</strong></span> <span class='ocrx_word' id='word_1_278' title='bbox 756 2533 815 2564; x_wconf 88' lang='lat' dir='ltr'>C:</span> 
     </span>
     <span class='ocr_line' id='line_1_53' title="bbox 79 2577 815 2620; baseline 0 -12"><span class='ocrx_word' id='word_1_279' title='bbox 79 2578 137 2618; x_wconf 83' lang='lat' dir='ltr'>qui</span> <span class='ocrx_word' id='word_1_280' title='bbox 166 2578 320 2617; x_wconf 87' lang='lat' dir='ltr'>(annus)</span> <span class='ocrx_word' id='word_1_281' title='bbox 359 2578 454 2619; x_wconf 84' lang='lat' dir='ltr'>apud</span> <span class='ocrx_word' id='word_1_282' title='bbox 490 2577 681 2620; x_wconf 80' lang='lat' dir='ltr'>Aegyptios</span> <span class='ocrx_word' id='word_1_283' title='bbox 713 2588 815 2619; x_wconf 83' lang='lat' dir='ltr'>qna-</span> 
     </span>
     <span class='ocr_line' id='line_1_54' title="bbox 79 2622 702 2653; baseline 0 -1"><span class='ocrx_word' id='word_1_284' title='bbox 79 2626 174 2652; x_wconf 83' lang='lat' dir='ltr'>tuor</span> <span class='ocrx_word' id='word_1_285' title='bbox 197 2622 414 2653; x_wconf 83' lang='lat' dir='ltr'>mensibus</span> <span class='ocrx_word' id='word_1_286' title='bbox 440 2623 702 2653; x_wconf 77' lang='lat' dir='ltr'>terminabatur.</span> 
     </span>
    </p>

    <p class='ocr_par' dir='ltr' id='par_1_20' title="bbox 75 2663 817 2971">
     <span class='ocr_line' id='line_1_55' title="bbox 122 2663 814 2707; baseline -0.001 -11"><span class='ocrx_word' id='word_1_287' title='bbox 122 2670 159 2697; x_wconf 86' lang='lat' dir='ltr'>ut</span> <span class='ocrx_word' id='word_1_288' title='bbox 186 2671 364 2697; x_wconf 81' lang='lat' dir='ltr'>contentus</span> <span class='ocrx_word' id='word_1_289' title='bbox 396 2667 459 2698; x_wconf 88' lang='lat' dir='ltr'>sim</span> <span class='ocrx_word' id='word_1_290' title='bbox 484 2665 676 2707; x_wconf 82' lang='lat' dir='ltr'>referendo]</span> <span class='ocrx_word' id='word_1_291' title='bbox 713 2663 814 2696; x_wconf 82' lang='lat' dir='ltr'>Alias</span> 
     </span>
     <span class='ocr_line' id='line_1_56' title="bbox 76 2709 815 2752; baseline 0 -12"><span class='ocrx_word' id='word_1_292' title='bbox 76 2709 309 2747; x_wconf 73' lang='lat' dir='ltr'>Macrobius.</span> <span class='ocrx_word' id='word_1_293' title='bbox 353 2714 393 2741; x_wconf 87' lang='lat' dir='ltr'>ut</span> <span class='ocrx_word' id='word_1_294' title='bbox 425 2711 592 2752; x_wconf 83' lang='lat' dir='ltr'>plerique</span> <span class='ocrx_word' id='word_1_295' title='bbox 627 2709 815 2741; x_wconf 82' lang='lat' dir='ltr'>inferioris</span> 
     </span>
     <span class='ocr_line' id='line_1_57' title="bbox 75 2753 817 2795; baseline 0.001 -11"><span class='ocrx_word' id='word_1_296' title='bbox 75 2753 210 2785; x_wconf 84' lang='lat' dir='ltr'>aetatis</span> <span class='ocrx_word' id='word_1_297' title='bbox 234 2754 454 2795; x_wconf 71' lang='lat' dir='ltr'>scriptores,</span> <span class='ocrx_word' id='word_1_298' title='bbox 485 2754 708 2786; x_wconf 77' lang='lat' dir='ltr'>adiectivum</span> <span class='ocrx_word' id='word_1_299' title='bbox 736 2766 817 2786; x_wconf 87' lang='lat' dir='ltr'>con-</span> 
     </span>
     <span class='ocr_line' id='line_1_58' title="bbox 75 2798 813 2840; baseline 0.003 -12"><span class='ocrx_word' id='word_1_300' title='bbox 75 2802 188 2829; x_wconf 80' lang='lat' dir='ltr'>tentus</span> <span class='ocrx_word' id='word_1_301' title='bbox 233 2798 354 2840; x_wconf 78' lang='lat' dir='ltr'>iungit</span> <span class='ocrx_word' id='word_1_302' title='bbox 398 2810 478 2830; x_wconf 90' lang='lat' dir='ltr'>cum</span> <span class='ocrx_word' id='word_1_303' title='bbox 521 2798 704 2830; x_wconf 72' lang='lat' dir='ltr'>infinitivo</span> <span class='ocrx_word' id='word_1_304' title='bbox 750 2801 813 2830; x_wconf 88' lang='lat' dir='ltr'>ant</span> 
     </span>
     <span class='ocr_line' id='line_1_59' title="bbox 77 2842 810 2885; baseline 0.003 -14"><span class='ocrx_word' id='word_1_305' title='bbox 77 2842 281 2881; x_wconf 82' lang='lat' dir='ltr'>praesentis</span> <span class='ocrx_word' id='word_1_306' title='bbox 311 2843 503 2885; x_wconf 81' lang='lat' dir='ltr'>temporis,</span> <span class='ocrx_word' id='word_1_307' title='bbox 536 2849 575 2875; x_wconf 87' lang='lat' dir='ltr'>ut</span> <span class='ocrx_word' id='word_1_308' title='bbox 599 2843 736 2874; x_wconf 89' lang='lat' dir='ltr'>Comm.</span> <span class='ocrx_word' id='word_1_309' title='bbox 762 2843 810 2881; x_wconf 68' lang='lat'>11,</span> 
     </span>
     <span class='ocr_line' id='line_1_60' title="bbox 78 2887 811 2928; baseline 0.004 -14"><span class='ocrx_word' id='word_1_310' title='bbox 78 2887 131 2923; x_wconf 71' lang='lat'>1⁴,</span> <span class='ocrx_word' id='word_1_311' title='bbox 144 2887 197 2917; x_wconf 73' lang='lat'>2⁴.</span> <span class='ocrx_word' id='word_1_312' title='bbox 218 2888 426 2928; x_wconf 78' lang='lat' dir='ltr'>persuadere</span> <span class='ocrx_word' id='word_1_313' title='bbox 442 2892 630 2928; x_wconf 71' lang='lat' dir='ltr'>contentus,</span> <span class='ocrx_word' id='word_1_314' title='bbox 648 2891 711 2920; x_wconf 83' lang='lat' dir='ltr'>aut</span> <span class='ocrx_word' id='word_1_315' title='bbox 728 2898 811 2928; x_wconf 86' lang='lat' dir='ltr'>per—</span> 
     </span>
     <span class='ocr_line' id='line_1_61' title="bbox 78 2928 809 2971; baseline 0.004 -12"><span class='ocrx_word' id='word_1_316' title='bbox 78 2928 185 2963; x_wconf 83' lang='lat' dir='ltr'>fecti.</span> <span class='ocrx_word' id='word_1_317' title='bbox 212 2935 250 2961; x_wconf 89' lang='lat' dir='ltr'>ut</span> <span class='ocrx_word' id='word_1_318' title='bbox 278 2942 305 2961; x_wconf 75' lang='lat' dir='ltr'>c.</span> <span class='ocrx_word' id='word_1_319' title='bbox 336 2933 391 2970; x_wconf 81' lang='grc'>11,</span> <span class='ocrx_word' id='word_1_320' title='bbox 421 2931 436 2971; x_wconf 85' lang='lat'><strong>§</strong></span> <span class='ocrx_word' id='word_1_321' title='bbox 467 2934 521 2963; x_wconf 79' lang='lat'>29.</span> <span class='ocrx_word' id='word_1_322' title='bbox 556 2932 809 2964; x_wconf 80' lang='lat' dir='ltr'>commendasse</span> 
     </span>
    </p>
   </div>
   <div class='ocr_carea' id='block_1_20' title="bbox 88 952 1069 1086">
    <p class='ocr_par' dir='ltr' id='par_1_21' title="bbox 88 952 1069 1086">
     <span class='ocr_line' id='line_1_62' title="bbox 566 952 984 986; baseline 0.002 -2"><span class='ocrx_word' id='word_1_323' title='bbox 566 953 729 986; x_wconf 73' lang='lat' dir='ltr'>contexit</span> <span class='ocrx_word' id='word_1_324' title='bbox 761 953 786 985; x_wconf 83' lang='grc' dir='ltr'>Α</span> <span class='ocrx_word' id='word_1_325' title='bbox 819 952 909 985; x_wconf 71' lang='grc' dir='ltr'><strong>Ειῖᾶ.</strong></span> <span class='ocrx_word' id='word_1_326' title='bbox 945 953 984 985; x_wconf 87' lang='grc' dir='ltr'>Ρ.</span> 
     </span>
     <span class='ocr_line' id='line_1_63' title="bbox 451 998 911 1039; baseline 0 -10"><span class='ocrx_word' id='word_1_327' title='bbox 451 1000 483 1029; x_wconf 84' lang='grc'><strong>3.</strong></span> <span class='ocrx_word' id='word_1_328' title='bbox 529 998 621 1039; x_wconf 78' lang='lat' dir='ltr'>quia</span> <span class='ocrx_word' id='word_1_329' title='bbox 646 1009 758 1029; x_wconf 78' lang='lat' dir='ltr'>armus</span> <span class='ocrx_word' id='word_1_330' title='bbox 784 998 911 1039; x_wconf 78' lang='lat' dir='ltr'>A*v-g.</span> 
     </span>
     <span class='ocr_line' id='line_1_64' title="bbox 88 1042 1069 1086; baseline 0 -13"><span class='ocrx_word' id='word_1_331' title='bbox 88 1047 126 1076; x_wconf 82' lang='lat' dir='ltr'>ut</span> <span class='ocrx_word' id='word_1_332' title='bbox 156 1043 293 1085; x_wconf 81' lang='lat' dir='ltr'>quidem</span> <span class='ocrx_word' id='word_1_333' title='bbox 317 1053 373 1074; x_wconf 74' lang='lat' dir='ltr'>sex</span> <span class='ocrx_word' id='word_1_334' title='bbox 399 1042 442 1074; x_wconf 90' lang='lat' dir='ltr'>G.</span> <span class='ocrx_word' id='word_1_335' title='bbox 471 1061 508 1066; x_wconf 94' lang='lat'>—-</span> <span class='ocrx_word' id='word_1_336' title='bbox 545 1043 737 1085; x_wconf 80' lang='lat' dir='ltr'>trigenum</span> <span class='ocrx_word' id='word_1_337' title='bbox 762 1042 806 1074; x_wconf 89' lang='lat' dir='ltr'>G.</span> <span class='ocrx_word' id='word_1_338' title='bbox 835 1061 880 1068; x_wconf 93' lang='lat'>—-</span> <span class='ocrx_word' id='word_1_339' title='bbox 905 1042 1069 1086; x_wconf 80' lang='lat' dir='ltr'>trigenis</span> 
     </span>
    </p>
   </div>
   <div class='ocr_carea' id='block_1_21' title="bbox 375 710 1671 824">
    <p class='ocr_par' dir='ltr' id='par_1_22' title="bbox 375 710 1671 824">
     <span class='ocr_line' id='line_1_65' title="bbox 512 710 1633 766; baseline -0.002 -14"><span class='ocrx_word' id='word_1_340' title='bbox 512 712 580 766; x_wconf 87' lang='lat' dir='ltr'>qui</span> <span class='ocrx_word' id='word_1_341' title='bbox 620 711 819 765; x_wconf 85' lang='lat' dir='ltr'>hodieque</span> <span class='ocrx_word' id='word_1_342' title='bbox 851 711 1092 766; x_wconf 88' lang='lat' dir='ltr'>septimanas</span> <span class='ocrx_word' id='word_1_343' title='bbox 1131 710 1278 751; x_wconf 85' lang='lat' dir='ltr'>habent</span> <span class='ocrx_word' id='word_1_344' title='bbox 1308 712 1466 759; x_wconf 83' lang='lat' dir='ltr'>Nonas,</span> <span class='ocrx_word' id='word_1_345' title='bbox 1512 710 1633 750; x_wconf 83' lang='lat' dir='ltr'>ceteri</span> 
     </span>
     <span class='ocr_line' id='line_1_66' title="bbox 375 766 1671 824; baseline -0.002 -14"><span class='ocrx_word' id='word_1_346' title='bbox 375 768 624 824; x_wconf 77' lang='lat' dir='ltr'>Septinianas</span> <span class='ocrx_word' id='word_1_347' title='bbox 656 773 790 809; x_wconf 78' lang='lat' dir='ltr'>autern</span> <span class='ocrx_word' id='word_1_348' title='bbox 819 766 1056 809; x_wconf 82' lang='lat' dir='ltr'>habentibus</span> <span class='ocrx_word' id='word_1_349' title='bbox 1086 767 1135 809; x_wconf 86' lang='lat' dir='ltr'>ab</span> <span class='ocrx_word' id='word_1_350' title='bbox 1167 767 1305 809; x_wconf 89' lang='lat' dir='ltr'>Idibus</span> <span class='ocrx_word' id='word_1_351' title='bbox 1334 766 1671 809; x_wconf 75' lang='lat' dir='ltr'>revertebantur4</span> 
     </span>
    </p>
   </div>
   <div class='ocr_carea' id='block_1_22' title="bbox 1141 895 1542 940">
    <p class='ocr_par' dir='ltr' id='par_1_23' title="bbox 1141 895 1542 940">
     <span class='ocr_line' id='line_1_67' title="bbox 1141 895 1542 940; baseline -0.005 -11"><span class='ocrx_word' id='word_1_352' title='bbox 1141 896 1233 929; x_wconf 80' lang='lat' dir='ltr'>Edd.</span> <span class='ocrx_word' id='word_1_353' title='bbox 1259 895 1542 940; x_wconf 68' lang='lat' dir='ltr'>vicahgspdzb]</span> 
     </span>
    </p>
   </div>
   <div class='ocr_carea' id='block_1_23' title="bbox 947 951 1633 1084">
    <p class='ocr_par' dir='ltr' id='par_1_24' title="bbox 947 951 1633 1084">
     <span class='ocr_line' id='line_1_68' title="bbox 1121 951 1633 994; baseline 0 -10"><span class='ocrx_word' id='word_1_354' title='bbox 1121 954 1153 984; x_wconf 87' lang='lat'>2.</span> <span class='ocrx_word' id='word_1_355' title='bbox 1199 953 1406 985; x_wconf 82' lang='lat' dir='ltr'>mutabant</span> <span class='ocrx_word' id='word_1_356' title='bbox 1446 951 1633 994; x_wconf 69' lang='lat' dir='ltr'>..pessime</span> 
     </span>
     <span class='ocr_line' id='line_1_69' title="bbox 947 996 1631 1040; baseline 0.001 -12"><span class='ocrx_word' id='word_1_357' title='bbox 947 1015 991 1022; x_wconf 91' lang='lat'>-·</span> <span class='ocrx_word' id='word_1_358' title='bbox 1028 1007 1049 1028; x_wconf 88' lang='lat' dir='ltr'>a</span> <span class='ocrx_word' id='word_1_359' title='bbox 1076 996 1205 1029; x_wconf 80' lang='lat' dir='ltr'>Martio</span> <span class='ocrx_word' id='word_1_360' title='bbox 1230 997 1416 1039; x_wconf 75' lang='lat' dir='ltr'>incipiebat</span> <span class='ocrx_word' id='word_1_361' title='bbox 1443 997 1554 1040; x_wconf 81' lang='lat' dir='ltr'>Sv-g.</span> <span class='ocrx_word' id='word_1_362' title='bbox 1591 1016 1631 1019; x_wconf 97' lang='lat'><strong>—</strong></span> 
     </span>
     <span class='ocr_line' id='line_1_70' title="bbox 1094 1041 1631 1084; baseline 0.002 -11"><span class='ocrx_word' id='word_1_363' title='bbox 1094 1041 1137 1073; x_wconf 92' lang='lat' dir='ltr'>G.</span> <span class='ocrx_word' id='word_1_364' title='bbox 1158 1059 1200 1064; x_wconf 97' lang='lat'><strong>—</strong></span> <span class='ocrx_word' id='word_1_365' title='bbox 1226 1042 1414 1084; x_wconf 84' lang='lat' dir='ltr'>ceterique</span> <span class='ocrx_word' id='word_1_366' title='bbox 1439 1041 1476 1073; x_wconf 85' lang='grc' dir='ltr'>Α.</span> <span class='ocrx_word' id='word_1_367' title='bbox 1504 1059 1546 1066; x_wconf 87' lang='grc'><strong>-</strong></span> <span class='ocrx_word' id='word_1_368' title='bbox 1576 1052 1631 1074; x_wconf 85' lang='lat' dir='ltr'>rc-</span> 
     </span>
    </p>
   </div>
   <div class='ocr_carea' id='block_1_24' title="bbox 878 1156 1632 2929">
    <p class='ocr_par' dir='ltr' id='par_1_25' title="bbox 883 1156 1631 1245">
     <span class='ocr_line' id='line_1_71' title="bbox 893 1156 1631 1197; baseline -0.003 -6"><span class='ocrx_word' id='word_1_369' title='bbox 893 1162 1090 1196; x_wconf 71' lang='lat' dir='ltr'>contcntus,</span> <span class='ocrx_word' id='word_1_370' title='bbox 1124 1161 1160 1190; x_wconf 88' lang='lat' dir='ltr'>et</span> <span class='ocrx_word' id='word_1_371' title='bbox 1186 1156 1324 1190; x_wconf 85' lang='lat' dir='ltr'>Comm.</span> <span class='ocrx_word' id='word_1_372' title='bbox 1354 1157 1388 1197; x_wconf 86' lang='lat'>1,</span> <span class='ocrx_word' id='word_1_373' title='bbox 1418 1159 1476 1197; x_wconf 86' lang='lat'>13,</span> <span class='ocrx_word' id='word_1_374' title='bbox 1504 1160 1535 1189; x_wconf 76' lang='lat'>2.</span> <span class='ocrx_word' id='word_1_375' title='bbox 1572 1169 1631 1190; x_wconf 87' lang='lat' dir='ltr'>nec</span> 
     </span>
     <span class='ocr_line' id='line_1_72' title="bbox 883 1202 1630 1245; baseline -0.003 -10"><span class='ocrx_word' id='word_1_376' title='bbox 883 1205 989 1245; x_wconf 85' lang='lat' dir='ltr'>flesse</span> <span class='ocrx_word' id='word_1_377' title='bbox 1011 1206 1197 1235; x_wconf 83' lang='lat' dir='ltr'>contentus.</span> <span class='ocrx_word' id='word_1_378' title='bbox 1225 1202 1302 1234; x_wconf 58' lang='lat' dir='ltr'>rid.</span> <span class='ocrx_word' id='word_1_379' title='bbox 1325 1202 1492 1244; x_wconf 64' lang='lat' dir='ltr'>prolecrg.</span> <span class='ocrx_word' id='word_1_380' title='bbox 1516 1214 1548 1244; x_wconf 91' lang='lat' dir='ltr'>p.</span> <span class='ocrx_word' id='word_1_381' title='bbox 1572 1213 1630 1234; x_wconf 83' lang='lat' dir='ltr'>x1..</span> 
     </span>
    </p>

    <p class='ocr_par' dir='ltr' id='par_1_26' title="bbox 890 1246 1632 1555">
     <span class='ocr_line' id='line_1_73' title="bbox 938 1246 1632 1289; baseline -0.003 -9"><span class='ocrx_word' id='word_1_382' title='bbox 938 1247 1094 1280; x_wconf 80' lang='lat' dir='ltr'>Arcades</span> <span class='ocrx_word' id='word_1_383' title='bbox 1118 1272 1125 1278; x_wconf 95' lang='lat'>.</span> <span class='ocrx_word' id='word_1_384' title='bbox 1142 1271 1149 1279; x_wconf 89' lang='lat'>.</span> <span class='ocrx_word' id='word_1_385' title='bbox 1167 1271 1174 1279; x_wconf 96' lang='lat'>.</span> <span class='ocrx_word' id='word_1_386' title='bbox 1207 1247 1441 1289; x_wconf 67' lang='lat' dir='ltr'>explicabant]</span> <span class='ocrx_word' id='word_1_387' title='bbox 1470 1246 1632 1278; x_wconf 86' lang='lat' dir='ltr'>Consen—</span> 
     </span>
     <span class='ocr_line' id='line_1_74' title="bbox 892 1291 1632 1331; baseline -0.001 -7"><span class='ocrx_word' id='word_1_388' title='bbox 892 1291 987 1324; x_wconf 88' lang='lat' dir='ltr'>tiunt</span> <span class='ocrx_word' id='word_1_389' title='bbox 1012 1291 1173 1326; x_wconf 85' lang='lat' dir='ltr'>Plinius</span> <span class='ocrx_word' id='word_1_390' title='bbox 1209 1291 1373 1331; x_wconf 85' lang='lat' dir='ltr'>Solinus,</span> <span class='ocrx_word' id='word_1_391' title='bbox 1408 1291 1632 1323; x_wconf 81' lang='lat' dir='ltr'>Censorinus</span> 
     </span>
     <span class='ocr_line' id='line_1_75' title="bbox 893 1336 1632 1373; baseline -0.003 -5"><span class='ocrx_word' id='word_1_392' title='bbox 893 1337 930 1368; x_wconf 94' lang='grc' dir='ltr'>ΙΙ.</span> <span class='ocrx_word' id='word_1_393' title='bbox 963 1348 1015 1368; x_wconf 89' lang='lat' dir='ltr'>cc.</span> <span class='ocrx_word' id='word_1_394' title='bbox 1068 1336 1139 1368; x_wconf 85' lang='lat' dir='ltr'>Sed</span> <span class='ocrx_word' id='word_1_395' title='bbox 1176 1336 1400 1368; x_wconf 85' lang='lat' dir='ltr'>Plutarchus</span> <span class='ocrx_word' id='word_1_396' title='bbox 1439 1336 1460 1367; x_wconf 91' lang='grc' dir='ltr'>Ι.</span> <span class='ocrx_word' id='word_1_397' title='bbox 1495 1347 1523 1367; x_wconf 89' lang='lat' dir='ltr'>c.</span> <span class='ocrx_word' id='word_1_398' title='bbox 1583 1340 1632 1373; x_wconf 80' lang='grc' dir='ltr'>ως</span> 
     </span>
     <span class='ocr_line' id='line_1_76' title="bbox 891 1377 1629 1434; baseline -0.004 -21"><span class='ocrx_word' id='word_1_399' title='bbox 891 1378 977 1414; x_wconf 74' lang='grc' dir='ltr'><em>ἔνιοι</em></span> <span class='ocrx_word' id='word_1_400' title='bbox 1001 1380 1074 1413; x_wconf 84' lang='grc' dir='ltr'>τῶν</span> <span class='ocrx_word' id='word_1_401' title='bbox 1102 1377 1300 1434; x_wconf 73' lang='grc' dir='ltr'><em>βαρβάρων</em></span> <span class='ocrx_word' id='word_1_402' title='bbox 1326 1378 1420 1422; x_wconf 84' lang='grc' dir='ltr'><em>τρισὶ</em></span> <span class='ocrx_word' id='word_1_403' title='bbox 1453 1377 1629 1422; x_wconf 76' lang='grc' dir='ltr'><em>(ἐχρῶντο</em></span> 
     </span>
     <span class='ocr_line' id='line_1_77' title="bbox 889 1421 1631 1479; baseline -0.004 -21.996"><span class='ocrx_word' id='word_1_404' title='bbox 889 1423 998 1479; x_wconf 85' lang='grc' dir='ltr'><em>μησὶν</em></span> <span class='ocrx_word' id='word_1_405' title='bbox 1035 1424 1085 1463; x_wconf 75' lang='grc' dir='ltr'>εἰς</span> <span class='ocrx_word' id='word_1_406' title='bbox 1119 1422 1183 1456; x_wconf 87' lang='grc' dir='ltr'>τὸν</span> <span class='ocrx_word' id='word_1_407' title='bbox 1217 1421 1420 1463; x_wconf 77' lang='grc' dir='ltr'><em>ἐνιαυτὸν),</em></span> <span class='ocrx_word' id='word_1_408' title='bbox 1460 1424 1521 1455; x_wconf 80' lang='grc' dir='ltr'>καὶ</span> <span class='ocrx_word' id='word_1_409' title='bbox 1556 1423 1631 1455; x_wconf 79' lang='grc' dir='ltr'>τῶν</span> 
     </span>
     <span class='ocr_line' id='line_1_78' title="bbox 886 1464 1629 1522; baseline -0.001 -20.985"><span class='ocrx_word' id='word_1_410' title='bbox 886 1465 1062 1522; x_wconf 80' lang='grc' dir='ltr'><strong><em>Ἑλλήνων</em></strong></span> <span class='ocrx_word' id='word_1_411' title='bbox 1092 1464 1254 1510; x_wconf 78' lang='grc' dir='ltr'><em>Ἀρκάδες</em></span> <span class='ocrx_word' id='word_1_412' title='bbox 1284 1466 1348 1511; x_wconf 64' lang='grc' dir='ltr'>μὲν</span> <span class='ocrx_word' id='word_1_413' title='bbox 1378 1465 1629 1511; x_wconf 79' lang='grc' dir='ltr'><em>τέσσαρσιν,</em></span> 
     </span>
     <span class='ocr_line' id='line_1_79' title="bbox 886 1510 1228 1555; baseline -0.003 -8.985"><span class='ocrx_word' id='word_1_414' title='bbox 886 1510 927 1553; x_wconf 72' lang='grc' dir='ltr'>ἐξ</span> <span class='ocrx_word' id='word_1_415' title='bbox 952 1512 989 1546; x_wconf 76' lang='grc' dir='ltr'>δὲ</span> <span class='ocrx_word' id='word_1_416' title='bbox 1010 1510 1228 1555; x_wconf 73' lang='grc' dir='ltr'>Ἀκαρνᾶνες.</span> 
     </span>
    </p>

    <p class='ocr_par' dir='ltr' id='par_1_27' title="bbox 889 1555 1632 1643">
     <span class='ocr_line' id='line_1_80' title="bbox 934 1555 1632 1600; baseline -0.003 -10"><span class='ocrx_word' id='word_1_417' title='bbox 934 1559 1139 1590; x_wconf 83' lang='lat' dir='ltr'>Acarnanes</span> <span class='ocrx_word' id='word_1_418' title='bbox 1163 1557 1232 1600; x_wconf 70' lang='lat' dir='ltr'>ses]</span> <span class='ocrx_word' id='word_1_419' title='bbox 1263 1556 1506 1589; x_wconf 82' lang='lat' dir='ltr'>Consentiunt</span> <span class='ocrx_word' id='word_1_420' title='bbox 1533 1555 1632 1589; x_wconf 84' lang='lat' dir='ltr'>Soli-</span> 
     </span>
     <span class='ocr_line' id='line_1_81' title="bbox 889 1602 1632 1643; baseline -0.001 -9"><span class='ocrx_word' id='word_1_421' title='bbox 889 1613 969 1643; x_wconf 81' lang='lat' dir='ltr'>nus,</span> <span class='ocrx_word' id='word_1_422' title='bbox 994 1602 1232 1641; x_wconf 88' lang='lat' dir='ltr'>Censorinus,</span> <span class='ocrx_word' id='word_1_423' title='bbox 1256 1602 1481 1634; x_wconf 87' lang='lat' dir='ltr'>Plutarchus</span> <span class='ocrx_word' id='word_1_424' title='bbox 1510 1602 1550 1634; x_wconf 87' lang='lat'>11.</span> <span class='ocrx_word' id='word_1_425' title='bbox 1579 1613 1632 1633; x_wconf 83' lang='lat' dir='ltr'>cc.</span> 
     </span>
    </p>

    <p class='ocr_par' dir='ltr' id='par_1_28' title="bbox 888 1647 1632 1946">
     <span class='ocr_line' id='line_1_82' title="bbox 933 1647 1632 1690; baseline -0.003 -11"><span class='ocrx_word' id='word_1_426' title='bbox 933 1648 1092 1679; x_wconf 83' lang='lat' dir='ltr'>trecentis</span> <span class='ocrx_word' id='word_1_427' title='bbox 1150 1647 1409 1690; x_wconf 82' lang='lat' dir='ltr'>quinquaginta</span> <span class='ocrx_word' id='word_1_428' title='bbox 1467 1651 1632 1689; x_wconf 83' lang='lat' dir='ltr'>quattuor</span> 
     </span>
     <span class='ocr_line' id='line_1_83' title="bbox 890 1691 1629 1734; baseline 0 -11"><span class='ocrx_word' id='word_1_429' title='bbox 890 1692 1009 1723; x_wconf 83' lang='lat' dir='ltr'>dicbus</span> <span class='ocrx_word' id='word_1_430' title='bbox 1029 1702 1157 1723; x_wconf 87' lang='lat' dir='ltr'>annum</span> <span class='ocrx_word' id='word_1_431' title='bbox 1181 1693 1359 1733; x_wconf 83' lang='lat' dir='ltr'>proprium</span> <span class='ocrx_word' id='word_1_432' title='bbox 1381 1691 1629 1734; x_wconf 83' lang='lat' dir='ltr'>conputabant]</span> 
     </span>
     <span class='ocr_line' id='line_1_84' title="bbox 889 1734 1629 1776; baseline -0.003 -9"><span class='ocrx_word' id='word_1_433' title='bbox 889 1735 951 1768; x_wconf 85' lang='lat' dir='ltr'>Sic</span> <span class='ocrx_word' id='word_1_434' title='bbox 984 1734 1101 1767; x_wconf 72' lang='lat' dir='ltr'>Numa</span> <span class='ocrx_word' id='word_1_435' title='bbox 1134 1746 1276 1776; x_wconf 87' lang='lat' dir='ltr'>qnoque</span> <span class='ocrx_word' id='word_1_436' title='bbox 1308 1735 1530 1767; x_wconf 83' lang='lat' dir='ltr'>Graecorum</span> <span class='ocrx_word' id='word_1_437' title='bbox 1564 1736 1629 1766; x_wconf 88' lang='lat' dir='ltr'>ob-</span> 
     </span>
     <span class='ocr_line' id='line_1_85' title="bbox 888 1779 1628 1812; baseline -0.001 -1"><span class='ocrx_word' id='word_1_438' title='bbox 888 1780 1098 1811; x_wconf 74' lang='lat' dir='ltr'>servatione</span> <span class='ocrx_word' id='word_1_439' title='bbox 1117 1779 1319 1811; x_wconf 88' lang='lat' dir='ltr'>instructus</span> <span class='ocrx_word' id='word_1_440' title='bbox 1339 1779 1475 1811; x_wconf 88' lang='lat' dir='ltr'>dicitur</span> <span class='ocrx_word' id='word_1_441' title='bbox 1494 1790 1628 1812; x_wconf 80' lang='lat' dir='ltr'>annum</span> 
     </span>
     <span class='ocr_line' id='line_1_86' title="bbox 889 1823 1628 1856; baseline -0.001 0"><span class='ocrx_word' id='word_1_442' title='bbox 889 1823 1068 1856; x_wconf 76' lang='lat' dir='ltr'>cccmv.</span> <span class='ocrx_word' id='word_1_443' title='bbox 1093 1824 1235 1856; x_wconf 87' lang='lat' dir='ltr'>dierum</span> <span class='ocrx_word' id='word_1_444' title='bbox 1261 1824 1498 1856; x_wconf 87' lang='lat' dir='ltr'>constituisse</span> <span class='ocrx_word' id='word_1_445' title='bbox 1526 1835 1555 1855; x_wconf 87' lang='lat' dir='ltr'>c.</span> <span class='ocrx_word' id='word_1_446' title='bbox 1578 1826 1628 1855; x_wconf 88' lang='grc'>13.</span> 
     </span>
     <span class='ocr_line' id='line_1_87' title="bbox 889 1868 1630 1912; baseline 0 -12"><span class='ocrx_word' id='word_1_447' title='bbox 889 1870 905 1911; x_wconf 86' lang='lat'><strong>§</strong></span> <span class='ocrx_word' id='word_1_448' title='bbox 932 1872 980 1907; x_wconf 93' lang='grc'>1.,</span> <span class='ocrx_word' id='word_1_449' title='bbox 1014 1868 1076 1900; x_wconf 87' lang='lat' dir='ltr'>ubi</span> <span class='ocrx_word' id='word_1_450' title='bbox 1106 1869 1180 1900; x_wconf 77' lang='lat' dir='ltr'>vid.</span> <span class='ocrx_word' id='word_1_451' title='bbox 1211 1871 1285 1901; x_wconf 88' lang='lat' dir='ltr'>not.</span> <span class='ocrx_word' id='word_1_452' title='bbox 1312 1870 1434 1901; x_wconf 86' lang='lat' dir='ltr'>Annus</span> <span class='ocrx_word' id='word_1_453' title='bbox 1466 1869 1630 1912; x_wconf 83' lang='lat' dir='ltr'>proprius</span> 
     </span>
     <span class='ocr_line' id='line_1_88' title="bbox 889 1912 1246 1946; baseline -0.006 0"><span class='ocrx_word' id='word_1_454' title='bbox 889 1918 946 1946; x_wconf 85' lang='lat' dir='ltr'>est</span> <span class='ocrx_word' id='word_1_455' title='bbox 969 1923 1084 1945; x_wconf 83' lang='lat' dir='ltr'>annus</span> <span class='ocrx_word' id='word_1_456' title='bbox 1111 1912 1246 1945; x_wconf 81' lang='lat' dir='ltr'>civilis.</span> 
     </span>
    </p>

    <p class='ocr_par' dir='ltr' id='par_1_29' title="bbox 887 1956 1628 2133">
     <span class='ocr_line' id='line_1_89' title="bbox 933 1956 1628 1989; baseline -0.001 0"><span class='ocrx_word' id='word_1_457' title='bbox 933 1960 964 1989; x_wconf 86' lang='lat'>3.</span> <span class='ocrx_word' id='word_1_458' title='bbox 1014 1969 1141 1989; x_wconf 85' lang='lat' dir='ltr'>annum</span> <span class='ocrx_word' id='word_1_459' title='bbox 1178 1969 1277 1988; x_wconf 86' lang='lat' dir='ltr'>suum</span> <span class='ocrx_word' id='word_1_460' title='bbox 1316 1957 1429 1989; x_wconf 85' lang='lat' dir='ltr'>decem</span> <span class='ocrx_word' id='word_1_461' title='bbox 1467 1956 1628 1989; x_wconf 79' lang='lat' dir='ltr'>habuisse</span> 
     </span>
     <span class='ocr_line' id='line_1_90' title="bbox 887 2000 1628 2043; baseline -0.003 -9"><span class='ocrx_word' id='word_1_462' title='bbox 887 2002 1058 2034; x_wconf 82' lang='lat' dir='ltr'>mensibus</span> <span class='ocrx_word' id='word_1_463' title='bbox 1082 2001 1295 2043; x_wconf 84' lang='lat' dir='ltr'>ordinatum]</span> <span class='ocrx_word' id='word_1_464' title='bbox 1322 2000 1377 2033; x_wconf 80' lang='lat' dir='ltr'>Cf.</span> <span class='ocrx_word' id='word_1_465' title='bbox 1404 2000 1519 2033; x_wconf 88' lang='lat' dir='ltr'>Solin.</span> <span class='ocrx_word' id='word_1_466' title='bbox 1547 2001 1570 2033; x_wconf 95' lang='grc' dir='ltr'><strong>Ι.</strong></span> <span class='ocrx_word' id='word_1_467' title='bbox 1598 2012 1628 2032; x_wconf 75' lang='lat' dir='ltr'>e.</span> 
     </span>
     <span class='ocr_line' id='line_1_91' title="bbox 889 2045 1627 2087; baseline -0.001 -9"><span class='ocrx_word' id='word_1_468' title='bbox 889 2046 1079 2079; x_wconf 88' lang='lat' dir='ltr'>Censorin.</span> <span class='ocrx_word' id='word_1_469' title='bbox 1102 2049 1164 2086; x_wconf 78' lang='lat'>20,</span> <span class='ocrx_word' id='word_1_470' title='bbox 1190 2048 1222 2078; x_wconf 85' lang='lat'>3.</span> <span class='ocrx_word' id='word_1_471' title='bbox 1267 2045 1373 2078; x_wconf 68' lang='lat' dir='ltr'>Ovid.</span> <span class='ocrx_word' id='word_1_472' title='bbox 1398 2045 1496 2078; x_wconf 83' lang='lat' dir='ltr'>Fast.</span> <span class='ocrx_word' id='word_1_473' title='bbox 1526 2046 1558 2087; x_wconf 85' lang='lat' dir='ltr'>l,</span> <span class='ocrx_word' id='word_1_474' title='bbox 1584 2048 1627 2077; x_wconf 76' lang='lat'>27</span> 
     </span>
     <span class='ocr_line' id='line_1_92' title="bbox 889 2091 1180 2133; baseline -0.007 -9"><span class='ocrx_word' id='word_1_475' title='bbox 889 2102 986 2133; x_wconf 89' lang='lat' dir='ltr'>sqq.;</span> <span class='ocrx_word' id='word_1_476' title='bbox 1010 2091 1077 2131; x_wconf 83' lang='lat'>111,</span> <span class='ocrx_word' id='word_1_477' title='bbox 1106 2093 1180 2122; x_wconf 78' lang='lat'>121.</span> 
     </span>
    </p>

    <p class='ocr_par' dir='ltr' id='par_1_30' title="bbox 882 2134 1629 2697">
     <span class='ocr_line' id='line_1_93' title="bbox 932 2134 1629 2178; baseline -0.003 -10"><span class='ocrx_word' id='word_1_478' title='bbox 932 2140 964 2168; x_wconf 82' lang='lat' dir='ltr'>et</span> <span class='ocrx_word' id='word_1_479' title='bbox 1009 2137 1254 2178; x_wconf 84' lang='lat' dir='ltr'>conficiebatur</span> <span class='ocrx_word' id='word_1_480' title='bbox 1301 2134 1420 2166; x_wconf 83' lang='lat' dir='ltr'>diebus</span> <span class='ocrx_word' id='word_1_481' title='bbox 1469 2135 1629 2167; x_wconf 82' lang='lat' dir='ltr'>trecentis</span> 
     </span>
     <span class='ocr_line' id='line_1_94' title="bbox 888 2179 1624 2222; baseline -0.001 -10"><span class='ocrx_word' id='word_1_482' title='bbox 888 2185 1071 2222; x_wconf 79' lang='lat' dir='ltr'>quattuor,</span> <span class='ocrx_word' id='word_1_483' title='bbox 1111 2185 1150 2212; x_wconf 83' lang='lat' dir='ltr'>ut</span> <span class='ocrx_word' id='word_1_484' title='bbox 1181 2190 1239 2213; x_wconf 74' lang='lat' dir='ltr'>sex</span> <span class='ocrx_word' id='word_1_485' title='bbox 1270 2179 1406 2221; x_wconf 83' lang='lat' dir='ltr'>quidem</span> <span class='ocrx_word' id='word_1_486' title='bbox 1439 2190 1568 2211; x_wconf 85' lang='lat' dir='ltr'>menses</span> <span class='ocrx_word' id='word_1_487' title='bbox 1595 2203 1624 2211; x_wconf 89' lang='lat'>..</span> 
     </span>
     <span class='ocr_line' id='line_1_95' title="bbox 887 2224 1626 2266; baseline -0.003 -9"><span class='ocrx_word' id='word_1_488' title='bbox 887 2226 1053 2257; x_wconf 85' lang='lat' dir='ltr'>tricenum</span> <span class='ocrx_word' id='word_1_489' title='bbox 1071 2229 1181 2257; x_wconf 82' lang='lat' dir='ltr'>essent</span> <span class='ocrx_word' id='word_1_490' title='bbox 1204 2224 1349 2264; x_wconf 80' lang='lat' dir='ltr'>dierum,</span> <span class='ocrx_word' id='word_1_491' title='bbox 1367 2228 1532 2266; x_wconf 79' lang='lat' dir='ltr'>quattuor</span> <span class='ocrx_word' id='word_1_492' title='bbox 1547 2234 1626 2255; x_wconf 86' lang='lat' dir='ltr'>vero</span> 
     </span>
     <span class='ocr_line' id='line_1_96' title="bbox 889 2268 1625 2320; baseline -0.001 -20"><span class='ocrx_word' id='word_1_493' title='bbox 889 2293 920 2301; x_wconf 92' lang='lat'>..</span> <span class='ocrx_word' id='word_1_494' title='bbox 956 2270 1095 2301; x_wconf 81' lang='lat' dir='ltr'>tricenis</span> <span class='ocrx_word' id='word_1_495' title='bbox 1129 2274 1161 2301; x_wconf 84' lang='lat' dir='ltr'>et</span> <span class='ocrx_word' id='word_1_496' title='bbox 1193 2268 1346 2310; x_wconf 81' lang='lat' dir='ltr'>singulis</span> <span class='ocrx_word' id='word_1_497' title='bbox 1371 2268 1625 2320; x_wconf 69' lang='lat' dir='ltr'>expedirentur]</span> 
     </span>
     <span class='ocr_line' id='line_1_97' title="bbox 884 2307 1626 2353; baseline 0 -9"><span class='ocrx_word' id='word_1_498' title='bbox 884 2312 1002 2345; x_wconf 83' lang='lat' dir='ltr'>Aliter</span> <span class='ocrx_word' id='word_1_499' title='bbox 1016 2313 1207 2346; x_wconf 83' lang='lat' dir='ltr'>Plutarch.</span> <span class='ocrx_word' id='word_1_500' title='bbox 1227 2312 1331 2345; x_wconf 75' lang='lat' dir='ltr'>Num.</span> <span class='ocrx_word' id='word_1_501' title='bbox 1351 2314 1423 2343; x_wconf 89' lang='grc'><strong>18..</strong></span> <span class='ocrx_word' id='word_1_502' title='bbox 1443 2307 1626 2353; x_wconf 80' lang='grc' dir='ltr'>Ρωμύλου</span> 
     </span>
     <span class='ocr_line' id='line_1_98' title="bbox 885 2353 1625 2413; baseline -0.001 -25"><span class='ocrx_word' id='word_1_503' title='bbox 885 2353 953 2410; x_wconf 77' lang='grc' dir='ltr'><em>γὰρ</em></span> <span class='ocrx_word' id='word_1_504' title='bbox 997 2354 1249 2413; x_wconf 79' lang='grc' dir='ltr'><em>βασιλεύοντος</em></span> <span class='ocrx_word' id='word_1_505' title='bbox 1274 2353 1427 2409; x_wconf 68' lang='grc' dir='ltr'><em>ἀλόΙως</em></span> <span class='ocrx_word' id='word_1_506' title='bbox 1469 2354 1625 2409; x_wconf 77' lang='grc' dir='ltr'><em>ἐχρῶντο</em></span> 
     </span>
     <span class='ocr_line' id='line_1_99' title="bbox 885 2397 1624 2455; baseline 0 -23"><span class='ocrx_word' id='word_1_507' title='bbox 885 2403 963 2438; x_wconf 84' lang='grc' dir='ltr'><em>τοῖς</em></span> <span class='ocrx_word' id='word_1_508' title='bbox 992 2401 1079 2443; x_wconf 85' lang='grc' dir='ltr'>μησι</span> <span class='ocrx_word' id='word_1_509' title='bbox 1114 2400 1175 2433; x_wconf 80' lang='grc' dir='ltr'>καὶ</span> <span class='ocrx_word' id='word_1_510' title='bbox 1212 2397 1390 2455; x_wconf 73' lang='grc' dir='ltr'><em>ἀτάκτως,</em></span> <span class='ocrx_word' id='word_1_511' title='bbox 1438 2398 1526 2438; x_wconf 70' lang='grc' dir='ltr'>τοὶς</span> <span class='ocrx_word' id='word_1_512' title='bbox 1560 2398 1624 2442; x_wconf 71' lang='grc' dir='ltr'>μὲν</span> 
     </span>
     <span class='ocr_line' id='line_1_100' title="bbox 886 2441 1624 2487; baseline -0.001 -11"><span class='ocrx_word' id='word_1_513' title='bbox 886 2441 971 2477; x_wconf 76' lang='grc' dir='ltr'><em>οὐδὲ</em></span> <span class='ocrx_word' id='word_1_514' title='bbox 1015 2445 1188 2478; x_wconf 79' lang='grc' dir='ltr'><em>εικοσιν</em></span> <span class='ocrx_word' id='word_1_515' title='bbox 1241 2442 1405 2487; x_wconf 71' lang='grc' dir='ltr'><em>ἡμερῶν,</em></span> <span class='ocrx_word' id='word_1_516' title='bbox 1452 2455 1539 2483; x_wconf 86' lang='grc' dir='ltr'><em>τους</em></span> <span class='ocrx_word' id='word_1_517' title='bbox 1587 2443 1624 2476; x_wconf 76' lang='grc' dir='ltr'>ὁὲ</span> 
     </span>
     <span class='ocr_line' id='line_1_101' title="bbox 884 2486 1623 2543; baseline -0.001 -23"><span class='ocrx_word' id='word_1_518' title='bbox 884 2486 1011 2521; x_wconf 81' lang='grc' dir='ltr'><em>πέντε</em></span> <span class='ocrx_word' id='word_1_519' title='bbox 1048 2488 1126 2522; x_wconf 79' lang='grc' dir='ltr'>καὶ</span> <span class='ocrx_word' id='word_1_520' title='bbox 1162 2500 1439 2543; x_wconf 80' lang='grc' dir='ltr'><em>τριακοντα,</em></span> <span class='ocrx_word' id='word_1_521' title='bbox 1465 2487 1550 2526; x_wconf 81' lang='grc' dir='ltr'><em>τοὺς</em></span> <span class='ocrx_word' id='word_1_522' title='bbox 1586 2487 1623 2519; x_wconf 77' lang='grc' dir='ltr'>ὸὲ</span> 
     </span>
     <span class='ocr_line' id='line_1_102' title="bbox 884 2529 1624 2587; baseline 0 -24"><span class='ocrx_word' id='word_1_523' title='bbox 884 2530 1099 2566; x_wconf 77' lang='grc' dir='ltr'><em>πλειόνων</em></span> <span class='ocrx_word' id='word_1_524' title='bbox 1124 2531 1350 2587; x_wconf 66' lang='grc' dir='ltr'>λομζόμενοι,</span> <span class='ocrx_word' id='word_1_525' title='bbox 1376 2556 1407 2565; x_wconf 90' lang='grc'>..</span> <span class='ocrx_word' id='word_1_526' title='bbox 1429 2530 1470 2565; x_wconf 77' lang='grc' dir='ltr'><em>ἐν</em></span> <span class='ocrx_word' id='word_1_527' title='bbox 1490 2529 1624 2574; x_wconf 72' lang='grc' dir='ltr'><em>φυλάτ-</em></span> 
     </span>
     <span class='ocr_line' id='line_1_103' title="bbox 883 2575 1623 2630; baseline 0 -22"><span class='ocrx_word' id='word_1_528' title='bbox 883 2587 1004 2614; x_wconf 75' lang='grc' dir='ltr'><em>τοντες</em></span> <span class='ocrx_word' id='word_1_529' title='bbox 1025 2576 1154 2620; x_wconf 85' lang='grc' dir='ltr'><em>μόνον,</em></span> <span class='ocrx_word' id='word_1_530' title='bbox 1180 2575 1277 2616; x_wconf 81' lang='grc' dir='ltr'>ὅπως</span> <span class='ocrx_word' id='word_1_531' title='bbox 1299 2576 1521 2630; x_wconf 69' lang='grc' dir='ltr'><em>ἑξήκοντα</em></span> <span class='ocrx_word' id='word_1_532' title='bbox 1548 2587 1623 2608; x_wconf 79' lang='grc' dir='ltr'>και</span> 
     </span>
     <span class='ocr_line' id='line_1_104' title="bbox 882 2617 1623 2674; baseline 0 -23"><span class='ocrx_word' id='word_1_533' title='bbox 882 2622 1148 2674; x_wconf 80' lang='grc' dir='ltr'><em>τριακοσίων</em></span> <span class='ocrx_word' id='word_1_534' title='bbox 1201 2619 1344 2665; x_wconf 78' lang='grc' dir='ltr'><em>ἡμερῶν</em></span> <span class='ocrx_word' id='word_1_535' title='bbox 1392 2617 1410 2653; x_wconf 88' lang='grc' dir='ltr'>ὁ</span> <span class='ocrx_word' id='word_1_536' title='bbox 1458 2618 1623 2658; x_wconf 80' lang='grc' dir='ltr'><em>ἐνιαυτὸς</em></span> 
     </span>
     <span class='ocr_line' id='line_1_105' title="bbox 882 2662 993 2697; baseline -0.01 0"><span class='ocrx_word' id='word_1_537' title='bbox 882 2662 993 2697; x_wconf 74' lang='grc' dir='ltr'><em>ἔσται.</em></span> 
     </span>
    </p>

    <p class='ocr_par' dir='ltr' id='par_1_31' title="bbox 878 2709 1622 2929">
     <span class='ocr_line' id='line_1_106' title="bbox 928 2709 1208 2752; baseline 0.007 -12"><span class='ocrx_word' id='word_1_538' title='bbox 928 2710 987 2751; x_wconf 84' lang='lat' dir='ltr'>qui</span> <span class='ocrx_word' id='word_1_539' title='bbox 1009 2709 1178 2752; x_wconf 78' lang='lat' dir='ltr'>hodieque</span> <span class='ocrx_word' id='word_1_540' title='bbox 1201 2735 1208 2742; x_wconf 91' lang='lat'>.</span> 
     </span>
     <span class='ocr_line' id='line_1_107' title="bbox 882 2733 1622 2795; baseline 0.001 -11"><span class='ocrx_word' id='word_1_541' title='bbox 882 2755 933 2784; x_wconf 89' lang='grc'>13</span> <span class='ocrx_word' id='word_1_542' title='bbox 960 2755 980 2793; x_wconf 79' lang='lat'>§</span> <span class='ocrx_word' id='word_1_543' title='bbox 1003 2757 1049 2792; x_wconf 91' lang='grc'>7.,</span> <span class='ocrx_word' id='word_1_544' title='bbox 1075 2766 1105 2786; x_wconf 92' lang='lat' dir='ltr'>c.</span> <span class='ocrx_word' id='word_1_545' title='bbox 1128 2757 1182 2786; x_wconf 85' lang='lat'>14.</span> <span class='ocrx_word' id='word_1_546' title='bbox 1204 2733 1278 2794; x_wconf 48' lang='lat' dir='ltr'>§.ff</span> <span class='ocrx_word' id='word_1_547' title='bbox 1306 2754 1531 2795; x_wconf 81' lang='lat' dir='ltr'>Septimanae</span> <span class='ocrx_word' id='word_1_548' title='bbox 1551 2752 1622 2785; x_wconf 64' lang='grc' dir='ltr'>λο-</span> 
     </span>
     <span class='ocr_line' id='line_1_108' title="bbox 879 2797 1622 2840; baseline 0.001 -12"><span class='ocrx_word' id='word_1_549' title='bbox 879 2808 946 2829; x_wconf 85' lang='lat' dir='ltr'>nae</span> <span class='ocrx_word' id='word_1_550' title='bbox 976 2801 1061 2829; x_wconf 89' lang='lat' dir='ltr'>sunt</span> <span class='ocrx_word' id='word_1_551' title='bbox 1093 2809 1187 2840; x_wconf 87' lang='lat' dir='ltr'>quae</span> <span class='ocrx_word' id='word_1_552' title='bbox 1219 2798 1385 2830; x_wconf 88' lang='lat' dir='ltr'>incidunt</span> <span class='ocrx_word' id='word_1_553' title='bbox 1415 2797 1451 2829; x_wconf 92' lang='lat' dir='ltr'>in</span> <span class='ocrx_word' id='word_1_554' title='bbox 1484 2797 1600 2829; x_wconf 80' lang='lat' dir='ltr'>mensi</span> <span class='ocrx_word' id='word_1_555' title='bbox 1606 2809 1622 2829; x_wconf 85' lang='grc'>5</span> 
     </span>
     <span class='ocr_line' id='line_1_109' title="bbox 880 2841 1621 2884; baseline 0 -11"><span class='ocrx_word' id='word_1_556' title='bbox 880 2841 977 2873; x_wconf 87' lang='lat' dir='ltr'>diem</span> <span class='ocrx_word' id='word_1_557' title='bbox 1001 2843 1211 2884; x_wconf 55' lang='lat' dir='ltr'>septimum.</span> <span class='ocrx_word' id='word_1_558' title='bbox 1237 2843 1439 2884; x_wconf 83' lang='lat' dir='ltr'>quintanae,</span> <span class='ocrx_word' id='word_1_559' title='bbox 1465 2852 1559 2883; x_wconf 83' lang='lat' dir='ltr'>quae</span> <span class='ocrx_word' id='word_1_560' title='bbox 1584 2842 1621 2873; x_wconf 87' lang='lat' dir='ltr'>in</span> 
     </span>
     <span class='ocr_line' id='line_1_110' title="bbox 878 2885 1619 2929; baseline 0.001 -12"><span class='ocrx_word' id='word_1_561' title='bbox 878 2886 1058 2926; x_wconf 84' lang='lat' dir='ltr'>quintum.</span> <span class='ocrx_word' id='word_1_562' title='bbox 1106 2887 1185 2919; x_wconf 65' lang='lat' dir='ltr'>Vid.</span> <span class='ocrx_word' id='word_1_563' title='bbox 1220 2886 1392 2919; x_wconf 81' lang='lat' dir='ltr'>Lanrent.</span> <span class='ocrx_word' id='word_1_564' title='bbox 1428 2885 1517 2929; x_wconf 73' lang='lat' dir='ltr'>Lyd.</span> <span class='ocrx_word' id='word_1_565' title='bbox 1553 2886 1619 2925; x_wconf 83' lang='lat'>111,</span> 
     </span>
    </p>
   </div>
   <div class='ocr_carea' id='block_1_25' title="bbox 878 2931 993 2970">
    <p class='ocr_par' dir='ltr' id='par_1_32' title="bbox 878 2931 993 2970">
     <span class='ocr_line' id='line_1_111' title="bbox 878 2931 993 2970; baseline 0.009 -10"><span class='ocrx_word' id='word_1_566' title='bbox 878 2934 896 2960; x_wconf 73' lang='grc' dir='ltr'><em>τ</em></span> <span class='ocrx_word' id='word_1_567' title='bbox 922 2931 993 2970; x_wconf 66' lang='grc'><strong>(4).</strong></span> 
     </span>
    </p>
   </div>
   <div class='ocr_carea' id='block_1_26' title="bbox 1225 2708 1620 2753">
    <p class='ocr_par' dir='ltr' id='par_1_33' title="bbox 1225 2708 1620 2753">
     <span class='ocr_line' id='line_1_112' title="bbox 1225 2708 1620 2753; baseline -0.006 -11.799"><span class='ocrx_word' id='word_1_568' title='bbox 1225 2709 1462 2753; x_wconf 82' lang='lat' dir='ltr'>.quintanas]</span> <span class='ocrx_word' id='word_1_569' title='bbox 1500 2708 1554 2740; x_wconf 83' lang='lat' dir='ltr'>Cf.</span> <span class='ocrx_word' id='word_1_570' title='bbox 1590 2719 1620 2740; x_wconf 87' lang='lat' dir='ltr'>c.</span> 
     </span>
    </p>
   </div>
  </div>
 </body>
</html>
