1871 3126
241 31 324 71 219.
863 23 1138 66 MACROBII

238 142 310 181 cile
339 153 383 179 ae
418 137 586 177 libenter
621 133 784 174 animati
823 138 933 182 sunt,
981 133 1264 187 intuentesque
1300 147 1438 175 omnes
1474 134 1774 175 Praetextatum

239 197 406 237 orabant
438 197 485 232 ut
520 189 713 230 iudicium
745 201 861 228 suum
899 188 1052 242 primus
1088 189 1277 243 aperiret,
1318 190 1459 230 ceteris
1496 203 1566 244 per
1595 190 1774 230 ordinem

178 254 355 306 lssquem
388 261 502 288 casus
527 245 688 286 sedendi
720 243 867 284 fecerat
897 245 1104 285 secuturis.
1164 245 1216 284 Et
1243 245 1423 285 Vettius:
1449 246 1648 299 Equidem
1676 246 1777 285 inter

244 305 377 347 omnia
409 303 555 357 quibus
588 301 734 341 eminet
765 301 849 340 laus
877 300 1054 341 Maronis
1088 300 1165 340 hoc
1201 300 1384 341 assiduus
1418 301 1542 341 lector
1576 301 1777 349 ammiror,

242 362 335 415 quia
361 358 589 400 doctissime
619 357 679 397 ius
711 356 980 410 pontificium,
1007 361 1212 410 tamquam
1240 356 1317 396 hoc
1345 356 1563 410 professus,
1590 357 1629 396 in
1653 357 1776 397 multa

242 423 280 457 et
307 416 413 457 varia
441 413 570 468 operis
601 413 660 453 sui
692 418 802 465 parte
833 412 1016 452 servavit:
1048 411 1165 460 et,‚si
1196 417 1327 452 tantae
1354 412 1619 452 dissertationi
1647 426 1775 452 sermo

172 485 344 528 1327pion
372 470 556 517 cesserit,
590 468 780 522 promitto
812 466 895 507 sore
920 473 966 508 ut
992 467 1181 520 Virgilius
1212 473 1349 507 noster
1376 467 1553 521 pontifex
1582 467 1777 507 maximus

178 529 455 571 liadseratur.
525 526 624 565 Post
652 524 757 564 hunc
787 523 1014 564 Flavianus:
1050 523 1169 577 Apud
1203 528 1361 577 poetam
1392 528 1598 571 nostrum,
1635 522 1777 576 inquit,

239 589 390 624 tantam
423 581 625 622 seientiam
657 580 753 620 iuris
783 579 981 632 auguralis
1014 579 1192 627 invenio,
1215 584 1272 627 ut,
1301 579 1331 619 si
1363 578 1528 618 aliarum
1555 578 1777 632 disciplina-

242 654 331 680 rum
368 637 546 678 doctrina
579 636 873 683 destitueretur,
904 635 1000 675 haec
1030 635 1139 675 illum
1167 635 1226 675 vel
1255 635 1337 675 sola
1369 633 1560 688 professio
1591 633 1777 674 sublima-

178 698 310 739 lSret.
378 692 614 734 Eustatliius
641 691 800 731 deinde:
832 691 1026 739 Maxime,
1057 690 1205 744 inquit,
1235 690 1523 744 praedicarem,
1555 695 1703 743 quanta
1729 689 1778 729 de

242 750 405 792 Graecis
442 753 582 788 cautus
619 752 657 786 ct
690 752 891 799 tamquam
931 746 1037 787 aliud
1072 760 1190 799 agens
1223 746 1342 786 modo
1379 746 1519 786 artifici
1555 745 1777 785 dissimula-

240 807 349 847 tione
377 805 495 845 niodo
524 802 700 856 professa
734 801 956 841 imitatione
984 801 1249 849 transtulerit,
1279 802 1318 841 ni
1350 815 1413 841 me
1440 801 1567 842 maior
1594 801 1776 841 ammira-

240 863 297 903 tio
327 862 375 901 dc
406 859 617 912 astrologia
647 863 812 911 totaque
839 857 1089 911 philosophia
1116 862 1284 905 teneret,
1319 871 1439 911 quam
1467 870 1610 911 parcus
1641 862 1680 897 et
1714 870 1776 896 so-

180 918 349 961 mbrius
387 915 497 969 operi
530 928 602 955 suo
632 926 830 966 nusquam
862 912 1213 966 reprehendendus
1245 913 1424 966 aspersit.
1487 911 1632 953 Furius
1663 911 1775 952 Albi-

242 988 317 1014 nus
345 972 511 1013 alterum
545 966 679 1010 fovens
704 968 945 1009 Praetextati
976 969 1095 1017 latus,
1126 969 1317 1022 iuxtaque
1349 982 1439 1009 eum
1468 967 1636 1008 Caecina
1667 967 1778 1008 Albi-

244 1043 338 1077 nus,
379 1028 496 1068 ambo
527 1025 733 1067 vetustatis
757 1024 1061 1065 adfectationem
1091 1025 1130 1064 in
1158 1024 1322 1078 Virgilio
1351 1023 1648 1078 praedicabant,
1683 1023 1781 1063 altor

333 1154 439 1197 [Edd.
466 1152 630 1185 AssGPS.

243 1214 329 1251 puto
354 1220 456 1241 mens
486 1208 639 1248 liquet.“
664 1207 767 1239 Pont.
896 1210 948 1239 16.
987 1207 1227 1239 doctissimum
1254 1208 1330 1239 eius
1354 1207 1394 1238 P.
1419 1224 1459 1229 -—
1482 1207 1593 1249 operis
1618 1206 1672 1238 sui
1698 1210 1779 1237 arte

242 1255 345 1285 s-bP.
383 1273 423 1276 —
463 1253 720 1284 dissertationis
746 1251 950 1293 ASv-gd-b.
983 1271 1024 1275 -
1064 1264 1137 1283 ‘non
1163 1253 1299 1284 cesserit
1324 1251 1553 1293 A*ssGSviag
1577 1253 1625 1289 „2
1646 1250 1778 1291 Angl.‘⁶

243 1300 421 1337 „Rectef‘
447 1298 549 1328 Pont.
594 1309 613 1327 π
629 1308 669 1327 οη
692 1297 879 1328 recesserit
902 1296 959 1327 ch.
982 1295 1083 1336 „Non
1109 1296 1242 1327 male.“
1264 1296 1376 1327 Zeun.
1421 1296 1626 1327 concesserit
1648 1294 1748 1326 Ps-z.

335 1346 385 1374 17.
427 1342 512 1374 iuris
544 1341 758 1383 angularis
792 1343 844 1371 vl.
978 1343 1028 1371 18.
1071 1341 1205 1382 artifici
1230 1340 1288 1372 AB
1315 1339 1398 1380 „B“
1433 1340 1545 1372 Grou.
1572 1340 1615 1371 ad
1641 1338 1777 1370 Comm.

287 1476 383 1508 quem
413 1476 513 1497 casus
545 1464 686 1495 sedendi
710 1464 858 1506 fecerat]
891 1463 975 1495 Noli

245 1511 467 1551 coniungere
500 1520 600 1540 casus
628 1509 781 1539 sedendi.
832 1508 978 1540 Intelli-

243 1555 400 1597 gendum
418 1558 490 1585 est:
507 1564 602 1594 quem
619 1553 746 1584 ordin
758 1563 810 1583 em
827 1553 976 1585 sedendi.

294 1602 342 1630 16.
392 1598 487 1639 quia]
515 1597 591 1628 tid.
618 1600 689 1628 not.
715 1597 758 1628 ad
783 1597 922 1629 Comm.
949 1597 976 1636 Ι,

244 1646 275 1683 e,
300 1645 352 1673 (32.

288 1688 323 1718 in
345 1686 455 1717 multa
481 1690 511 1716 et
536 1685 635 1715 varia
661 1684 772 1726 operis
793 1684 847 1714 sui
862 1683 976 1725 parte]

244 1731 299 1762 Cf.
329 1730 372 1767 V,
400 1732 456 1767 13,
481 1731 535 1759 33.
564 1730 598 1759 ιἰι
623 1729 715 1759 omui
741 1729 885 1770 operis
912 1729 980 1759 sui

242 1780 382 1817 parte.
440 1774 518 1804 Hoc
551 1774 629 1804 loco
664 1771 872 1804 Macrobius
905 1771 980 1803 sin-

244 1819 367 1859 gulari
395 1829 459 1859 pro
495 1817 629 1859 plurali
665 1827 814 1848 numero
846 1816 979 1848 utendo

244 1864 466 1905 elegantiam
494 1862 674 1901 (piandum
702 1861 899 1893 affectasse
925 1860 979 1892 vi-

244 1909 361 1943 detur,
387 1911 425 1938 ut
450 1906 549 1937 aiunt
575 1911 717 1947 poetae,
745 1905 841 1947 Yirg.
860 1905 979 1944 Eel.1‚

244 1954 297 1982 34.
319 1952 453 1982 multa
477 1951 635 1988 victima,
674 1951 803 1981 Horat.
829 1949 896 1980 Od.
922 1949 978 1987 lv,

244 1999 276 2029 5.
296 1998 351 2025 325.
378 1996 510 2026 multa
534 2005 643 2034 prece,
667 1998 703 2025 et
727 1993 837 2035 Epod.
860 1993 905 2031 II,
923 1996 976 2024 31.

245 2040 391 2070 multa
417 2049 512 2075 caue,
534 2039 569 2069 in
600 2038 731 2079 quilius
756 2037 901 2079 quidem
923 2037 978 2068 lo-

244 2083 297 2114 eis
323 2083 428 2124 paulo
454 2082 530 2113 alia
556 2087 611 2113 est
634 2082 739 2118 ratio,
757 2092 864 2123 quum
893 2081 978 2112 sub-

245 2127 405 2158 stantiva
428 2126 622 2157 collectivo
650 2137 757 2157 sensu
782 2125 856 2156 siut
875 2136 979 2156 usur-

247 2174 343 2211 pata.
386 2170 464 2200 lloc
497 2170 527 2201 is
558 2181 626 2201 non
664 2169 895 2201 intellexisse
928 2168 979 2200 vi-

246 2217 352 2246 detur
375 2214 433 2255 qui
462 2225 525 2254 pro
550 2219 649 2255 parte
673 2213 823 2254 scripsit
848 2218 933 2244 arte.

290 2260 320 2290 si
350 2264 468 2290 tautae
497 2259 733 2290 dissertationi
770 2268 877 2289 sermo
912 2269 979 2289 non

246 2303 395 2343 cesserit]
426 2303 465 2333 si
485 2314 552 2333 uon
579 2302 723 2343 ponitur
745 2312 807 2342 pro
832 2301 919 2339 nisi,
944 2305 980 2332 et

246 2358 367 2378 sermo
395 2346 647 2377 dissertationi
681 2347 811 2377 cedere
845 2345 981 2376 dicitur

248 2396 418 2432 tanquam
453 2390 573 2429 oneri,
613 2394 651 2421 ut
677 2391 729 2422 ait
754 2389 909 2431 Quintil.
937 2389 978 2428 X,

254 2438 286 2473 1,
322 2437 378 2466 24.
429 2440 460 2466 et
508 2436 671 2467 labuntur
712 2434 902 2476 aliquando
948 2439 979 2466 et

249 2480 369 2511 oneri
402 2479 566 2510 cedunt.
625 2478 793 2510 Similem
834 2481 978 2509 senten-

248 2523 334 2555 tiam
362 2522 490 2553 Cicero
516 2524 559 2554 de
586 2534 623 2553 re
648 2535 678 2564 p.
707 2523 735 2562 1,
758 2525 814 2562 23,
838 2524 890 2553 37.
918 2533 980 2553 ex-

247 2567 382 2608 pressit
408 2567 480 2598 sic:
519 2568 632 2609 Neque
656 2567 743 2598 enim
770 2571 818 2598 est
841 2567 978 2608 pericu-

248 2613 317 2642 lum
348 2622 388 2642 ne
413 2616 445 2643 te
472 2612 512 2642 de
538 2622 573 2642 rc
597 2612 735 2653 publica
767 2611 978 2642 disseren-

249 2661 326 2687 tem
353 2656 539 2695 dcficiat
565 2656 718 2687 oratio.

291 2704 328 2729 ut
357 2700 527 2741 Virgilius
550 2705 663 2731 noster
685 2698 842 2741 pontifex
866 2697 977 2728 mami-

248 2754 322 2773 mus
347 2743 542 2785 aaelseratur]
569 2743 624 2774 Cf.
653 2743 717 2774 lib.
739 2742 803 2780 lll,
822 2753 872 2772 cc.
898 2743 976 2772 1-9.

248 2791 283 2816 et
305 2788 472 2829 prolcgg.
495 2799 527 2827 p.
553 2798 626 2818 xu'.
669 2787 817 2818 videtur
841 2785 977 2817 imitari

247 2829 425 2861 Servium.
466 2831 573 2862 Certe
595 2831 711 2863 multa
737 2830 816 2862 eius
839 2829 979 2861 similia

247 2873 335 2904 citat
364 2874 535 2906 Mauscn.
575 2875 678 2912 (Aen.
716 2887 748 2916 p.
782 2874 892 2915 913),
931 2873 976 2905 ad

1047 1463 1147 1505 Vin-g.
1176 1463 1260 1495 Aen.
1284 1463 1320 1500 I,
1348 1465 1423 1502 179,
1449 1466 1527 1501 305,
1552 1465 1637 1501 7063
1663 1462 1711 1500 Π,
1736 1463 1778 1499 2;

1046 1508 1113 1547 111,
1140 1510 1196 1545 20,
1222 1510 1301 1547 359,
1324 1511 1409 1545 6073
1436 1508 1491 1546 w,
1515 1510 1571 1545 29,
1600 1509 1675 1547 103,
1706 1509 1778 1544 137,

1044 1554 1131 1592 2623
1167 1552 1229 1591 Π,
1258 1555 1337 1591 1763
1376 1552 1477 1591 vlu,
1499 1554 1584 1590 5523
1620 1551 1669 1591 X,
1692 1553 1778 1589 2283

1047 1596 1117 1635 XI,
1141 1599 1202 1634 763
1229 1596 1309 1636 XII,
1335 1598 1412 1627 492.
1454 1596 1553 1627 Adde
1579 1595 1674 1635 vul,
1700 1597 1776 1626 363.

1045 1641 1114 1672 Sed
1141 1640 1280 1671 Aeneas
1308 1641 1385 1682 ipse
1411 1639 1546 1671 dicitur
1577 1650 1658 1671 esse
1692 1650 1779 1680 pon-

1046 1685 1135 1716 tifex
1157 1689 1193 1715 et
1216 1685 1309 1726 apud
1337 1684 1506 1716 Servium
1535 1688 1569 1716 et
1591 1684 1689 1716 infra
1712 1682 1779 1723 111,

1048 1732 1080 1768 2,
1105 1732 1154 1760 ιγ.
1182 1734 1218 1760 et
1239 1732 1272 1767 6,
1297 1730 1329 1759 3.

1097 1776 1147 1804 17.
1199 1774 1278 1805 Post
1302 1773 1391 1804 hunc
1420 1770 1625 1813 Flavianus]
1659 1770 1779 1802 Huius

1048 1818 1092 1849 de
1132 1817 1211 1848 iure
1249 1816 1420 1856 augin-ali
1463 1816 1664 1859 disputatio
1703 1819 1780 1846 tota

1048 1861 1249 1893 intercidit.
1281 1861 1336 1892 Cf.
1358 1860 1532 1904 Prolegg.
1558 1874 1589 1903 p.
1616 1870 1708 1893 xvln
1726 1870 1778 1900 sq.

1091 1907 1305 1947 sublimaret]
1343 1906 1398 1936 Cf.
1434 1905 1532 1938 Fest.
1560 1905 1622 1937 lib.
1650 1904 1779 1943 XVIII,

1048 1962 1079 1992 p.
1105 1952 1181 1981 306.
1215 1950 1361 1981 MuelL:
1400 1950 1659 1982 sublimavit
1690 1949 1779 1980 dixit

1047 1994 1194 2033 (Cato),
1229 1995 1265 2026 id
1294 2001 1342 2025 est
1372 1994 1414 2025 in
1441 1995 1575 2026 altum
1603 1993 1776 2031 extulit,

1052 2039 1235 2080 Originum
1267 2038 1330 2069 lib.
1366 2038 1434 2068 IL:
1478 2039 1525 2069 1η
1559 2038 1778 2069 maximum

1046 2083 1172 2114 decus
1201 2087 1327 2123 atque
1363 2082 1404 2112 in
1438 2082 1777 2114 excelsissimam

1046 2126 1355 2158 claritudinem
1377 2126 1651 2158 sublimavit.

1097 2173 1148 2200 18.
1198 2175 1329 2210 quanta
1351 2169 1392 2201 de
1408 2170 1549 2201 Graecis
1566 2193 1596 2202 ..
1622 2174 1778 2202 transtu-

1047 2214 1138 2254 lerit]
1167 2214 1224 2246 Cf.
1246 2217 1359 2245 totum
1387 2213 1519 2245 librum
1540 2214 1577 2244 V.

1091 2264 1266 2299 tamquam
1291 2258 1390 2289 aliud
1415 2258 1538 2301 agens]
1564 2257 1619 2290 Cf.
1644 2257 1718 2297 111,
1744 2258 1777 2294 4,

1046 2305 1078 2334 5.
1105 2302 1197 2334 velut
1223 2302 1347 2333 aliud
1378 2303 1560 2344 agendo,
1583 2305 1619 2333 et
1637 2302 1675 2342 V,
1691 2304 1724 2341 2,
1745 2304 1777 2333 2.

1046 2352 1224 2389 tamquam
1250 2346 1322 2377 illic
1346 2351 1453 2386 nata,
1477 2350 1513 2377 et
1538 2346 1705 2378 Servium
1732 2346 1776 2377 ad

1047 2391 1146 2433 Virg.
1172 2390 1305 2433 Georg.
1327 2390 1444 2430 l,269.
1477 2391 1577 2422 Idem
1604 2391 1701 2422 valet
1724 2391 1778 2421 la-

1046 2441 1155 2467 tenter
1178 2435 1272 2475 apud
1297 2435 1451 2466 eundem
1477 2435 1622 2468 adAen.
1649 2435 1678 2475 l,
1701 2437 1775 2466 179.

1048 2484 1084 2511 et
1112 2479 1170 2517 IV,
1196 2482 1271 2510 262.

1090 2523 1217 2564 artifici
1249 2522 1535 2563 dissimulatione]
1565 2522 1622 2554 Cf.
1649 2521 1694 2560 V,
1720 2523 1774 2561 16,

1047 2569 1097 2598 12.
1125 2567 1450 2598 dissimulanter
1474 2567 1649 2605 imitatur,
1681 2570 1712 2598 et
1743 2588 1774 2598 ..

1036 2612 1155 2652 faciat
1178 2611 1271 2642 velut
1295 2611 1395 2642 aliud
1418 2610 1539 2641 videri.

1089 2656 1130 2686 de
1155 2655 1349 2696 astrologia
1374 2659 1512 2695 totaque
1541 2652 1773 2695 philosophia]

1045 2698 1100 2730 Cf.
1131 2700 1151 2737 ἓ
1173 2700 1228 2729 21.
1257 2702 1292 2729 et
1324 2697 1371 2735 V,
1395 2700 1432 2735 2,
1458 2700 1491 2728 2.
1523 2698 1612 2729 Nam
1637 2702 1775 2739 praeter

1041 2742 1282 2785 philosophiae
1315 2746 1345 2772 et
1379 2742 1668 2773 astronomiae
1700 2752 1775 2772 am-

1041 2787 1138 2828 plam
1155 2786 1252 2816 illam
1270 2785 1415 2827 copiam,
1436 2786 1476 2817 de
1495 2796 1563 2827 qua
1578 2796 1684 2828 supra
1704 2785 1775 2817 dis-

1045 2840 1222 2861 sermmus.

1089 2875 1141 2904 19.
1188 2873 1276 2905 alter
1301 2873 1335 2905 in
1364 2873 1533 2912 versibus,
1565 2873 1714 2905 Caecina
1739 2873 1773 2904 in
