1871 3126
260 32 344 72 22ss
886 29 1161 73 MACROBH

522 138 653 179 Melan
681 138 856 191 puellum
884 141 1030 189 savior,

527 192 760 247 Dulcemque
786 194 921 248 florem
949 196 1114 251 spiritus

524 249 636 289 Duco
666 264 714 289 ecc
743 258 877 304 aperto
905 253 1082 295 tramite.-

476 324 491 344 Γ.
526 305 668 345 Anima
699 320 818 360 aeyra
845 315 878 347 et
906 310 1042 349 saucia

525 361 707 402 suem-rit
737 363 790 403 acl
816 363 939 404 labeas
969 365 1070 405 mila·

522 417 752 472 Re'clumque
781 420 824 459 in
854 421 935 460 oris
962 423 1156 475 pervium,

522 474 571 513 Et
600 474 708 514 labra
736 477 856 529 pueri
884 478 1016 517 mollia

526 529 682 570 Rimata
710 531 827 572 itiner
854 535 1041 574 trmzse'tus

458 602 490 623 lt»
526 586 573 625 Ut
599 587 769 627 trcmsire
798 589 962 629 πίω-ην]

527 642 623 681 Tam
650 643 687 681 si
711 657 844 684 morae
873 645 969 699 quid
990 645 1191 699 plusculae

521 697 673 737 Fuisset
698 699 741 738 in
771 707 878 741 coetu
907 702 1039 749 osculi,

520 753 675 793 Amoris
704 755 793 808 lyae
819 757 974 810 percita

522 809 738 850 Iranst'sset
768 819 800 852 et
828 826 887 852 me
918 812 1127 866 linqueret:

456 879 488 904 ις,
520 864 570 903 Et
599 865 703 905 mira
728 881 919 920 prorsum
947 882 1009 909 res
1034 869 1154 922 fieret,

523 920 569 959 Ut
597 921 649 961 (ul
676 936 735 962 me
759 923 892 978 fierem
921 931 1110 971 mortuus,

519 976 581 1016 Ad
603 991 776 1031 puerum
803 980 909 1021 inlus
936 982 1113 1021 viverem.

340 1085 441 1126 mss.
468 1087 620 1121 ABGPS
645 1090 690 1128 (V
717 1102 830 1133 usque
856 1092 901 1124 ad
927 1092 988 1124 fin.
1018 1102 1097 1133 cap.
1122 1090 1201 1128 11.).

254 1140 386 1171 suavia
420 1141 464 1172 ch
497 1143 542 1180 (A
569 1154 589 1176 a
611 1155 682 1176 sec.
711 1149 789 1183 ιιι).
825 1165 868 1171 —-
907 1158 938 1178 v.
962 1150 993 1178 2.
1030 1146 1181 1179 suavior
1209 1145 1254 1176 cb
1283 1144 1329 1186 (A
1354 1155 1374 1176 a
1406 1155 1466 1176 sce
1501 1147 1567 1182 m.)
1605 1162 1648 1167 —
1686 1154 1728 1195 v..
1750 1146 1784 1175 5.

250 1183 368 1214 anima
399 1196 511 1228 aegra
544 1189 979 1222 Mss.v-aM¹23['2567N.
1044 1191 1163 1222 anima
1193 1201 1304 1231 aegra
1336 1200 1473 1222 amore
1505 1189 1606 1220 hs-b.
1667 1199 1787 1220 anima

250 1238 362 1269 (tegra
392 1235 490 1262 tunc
521 1243 555 1274 g.
618 1235 796 1266 animula
828 1247 938 1279 aegra
968 1236 1062 1267 Gen.
1092 1235 1115 1266 l.
1140 1246 1171 1266 c.
1201 1236 1255 1266 ed.
1282 1233 1389 1271 Lion,
1415 1233 1476 1276 qui
1505 1233 1629 1266 affert:
1663 1232 1786 1274 „ScaL

253 1273 377 1303 Anima
411 1279 511 1307 tunc
539 1288 661 1319 aegra.
711 1279 870 1311 Scrivcr.
903 1281 1021 1312 anima
1053 1281 1168 1311 intus
1198 1290 1319 1322 aegra.
1369 1278 1459 1310 Cum
1489 1278 1590 1310 codd.
1614 1277 1726 1310 Gron.
1750 1280 1786 1308 et

249 1316 370 1348 Guelf.
396 1317 509 1361 Long.
535 1324 653 1353 anima
677 1335 788 1366 aegra
812 1329 842 1355 et
864 1336 888 1356 s.
913 1326 1025 1357 currit
1050 1324 1253 1365 interlapsa
1279 1324 1372 1355 forte
1396 1324 1505 1355 litera
1533 1334 1554 1354 a
1581 1333 1644 1364 pro
1666 1331 1786 1354 accur-

248 1361 330 1392 rit-‘⁶
365 1380 407 1385 —-
441 1375 472 1395 v.
496 1367 527 1396 6.
564 1367 610 1398 ad
634 1368 733 1399 labia
759 1368 851 1400 ASvi
875 1369 926 1410 (G
953 1380 1046 1401 eras.
1071 1370 1105 1407 s)
1129 1368 1261 1400 P2567.
1308 1368 1447 1399 labium
1476 1367 1531 1407 „B
1557 1377 1577 1398 a
1601 1378 1674 1398 sec.
1699 1366 1785 1397 m.“.

247 1405 314 1443 „lu
337 1406 540 1449 Aug-licam
565 1415 644 1443 erat
668 1413 714 1443 ati
746 1413 893 1445 [abiam
921 1414 1015 1445 mihi.
1064 1413 1218 1445 Plautus
1245 1411 1374 1444 Sticho
1401 1411 1460 1454 [vv
1483 1414 1519 1450 4v
1541 1412 1637 1459 «ΛΗ-Ρ
1667 1411 1785 1461 ,Refer

248 1449 295 1480 acl
328 1450 451 1484 labias
480 1454 621 1487 tibias.“
651 1456 754 1489 l'ont.
790 1475 832 1480 —
864 1469 894 1489 v.
924 1462 955 1489 7.
996 1459 1229 1499 Rectumque
1260 1460 1295 1489 in
1325 1457 1392 1489 oris
1424 1455 1604 1508 BGPvN3
1641 1460 1784 1507 rlqlum-

248 1504 312 1535 que
344 1496 413 1527 oris
446 1498 533 1538 (om.
560 1500 613 1540 in)
647 1511 700 1532 ca.
747 1502 881 1544 orisque
904 1503 1025 1535 rictum
1050 1506 1140 1541 (om.
1164 1502 1218 1542 in)
1246 1512 1281 1543 g.
1321 1519 1362 1524 —
1400 1512 1431 1533 v.
1458 1504 1491 1531 8.
1527 1501 1635 1533 labia
1658 1511 1706 1531 vl.
1739 1517 1784 1523 —

247 1538 370 1571 itineri
400 1551 440 1571 ca
474 1543 518 1582 (g
546 1542 580 1575 in
617 1546 710 1587 mg.)
744 1547 840 1577 Gen.
867 1548 891 1578 l.
921 1558 952 1578 c.
1009 1548 1137 1579 itinere
1162 1546 1206 1578 G.
1269 1546 1402 1577 itinera
1433 1544 1470 1577 S.
1509 1562 1568 1597 -·.
1593 1556 1626 1577 ν.
1653 1547 1706 1576 10.
1744 1549 1783 1577 ut

248 1584 398 1616 transire
426 1585 599 1619 ABGPN.
653 1596 690 1623 ut
724 1592 860 1623 tranire
889 1592 936 1623 M.
986 1597 1024 1624 ut
1055 1591 1230 1623 transiret
1262 1589 1335 1622 Svi.
1386 1595 1425 1622 et
1456 1594 1606 1622 transire
1633 1589 1696 1621 P7.
1744 1593 1783 1621 nt

247 1630 478 1663 transiliret
504 1632 564 1663 c-b
591 1633 686 1665 Gell.
713 1635 737 1666 l.
763 1646 782 1666 c
837 1652 873 1658 —
915 1647 948 1668 v.
974 1639 1026 1667 11.
1054 1639 1104 1667 12.
1146 1635 1229 1677 quid
1243 1635 1373 1675 fuisset
1397 1634 1576 1677 plusculae
1598 1633 1703 1666 ASvi.
1738 1651 1782 1656 —

250 1682 280 1703 v.
307 1674 356 1703 12..
387 1675 475 1707 coitu
502 1688 577 1718 c—g.
619 1679 846 1721 Rostag-‘Itur
870 1680 1068 1712 Pontanns.
1104 1679 1180 1711 vm.
1207 1683 1281 1711 not.
1309 1698 1350 1703 —
1385 1690 1416 1712 v.
1445 1682 1497 1710 13.
1532 1679 1614 1722 igni
1640 1678 1714 1710 c-b.
1738 1695 1782 1701 —-

248 1726 282 1747 v.
324 1718 373 1748 14.
419 1720 485 1751 mel
522 1721 709 1763 inquaeret
745 1724 781 1756 V.
855 1736 907 1756 me
945 1726 1162 1767 relinqueret
1196 1723 1239 1756 N.
1306 1734 1359 1755 me
1397 1724 1622 1766 relinquerit
1659 1723 1699 1755 P.
1739 1740 1781 1746 -

246 1770 278 1792 v.
306 1763 358 1793 15.
392 1773 542 1805 prorsus
567 1766 674 1799 cis-b.
709 1786 751 1791 —
775 1770 823 1810 fo
834 1774 883 1802 ret
906 1770 1028 1813 c-gbss
1053 1769 1096 1808 (h
1123 1769 1159 1801 in
1182 1779 1273 1811 mg.:
1298 1770 1423 1810 „fieret
1444 1771 1576 1807 ant.“).
1599 1787 1641 1792 —
1670 1778 1703 1800 v.
1729 1770 1781 1800 17.

245 1870 383 1903 mianti
414 1884 479 1914 pro
514 1875 730 1910 semihianti
764 1879 829 1921 (cf.
863 1878 911 1911 ib.
935 1879 979 1920 Χ,

244 1917 299 1946 28.
319 1916 538 1959 scripturam
563 1922 812 1961 seminantes).

291 1970 322 1990 v.
347 1962 380 1991 5.
430 1964 554 1994 Anima
577 1976 688 2008 aegra
713 1972 745 1999 et
768 1968 903 2009 saucia]
938 1967 978 1999 Si

247 2003 433 2044 sequimur
458 2007 614 2047 codices,
640 2014 676 2041 et
701 2011 762 2043 hic
789 2023 917 2044 versus
943 2016 979 2044 et

246 2058 374 2079 versus
399 2051 449 2080 10.
471 2055 507 2082 et
530 2055 577 2083 17.
604 2065 671 2085 non
698 2060 738 2087 ut
761 2056 873 2088 ceteri
895 2061 980 2088 sunt

246 2091 396 2124 iambici
424 2094 570 2127 dimetri
597 2100 791 2132 acatalecti
817 2101 880 2139 (de
898 2101 977 2142 qui—

246 2136 314 2167 bus
343 2136 415 2169 vid.
434 2138 580 2171 Munck.
606 2142 742 2175 Metrik
771 2145 802 2175 (l.
829 2145 979 2177 Griech.

248 2191 282 2210 u.
307 2181 463 2213 Rocmer
491 2195 522 2225 p.
558 2187 659 2225 131),
698 2189 761 2219 sed
799 2189 979 2221 trochaici

247 2224 394 2257 dimetri
422 2229 648 2268 catalectici,
685 2232 879 2265 dummodo
903 2238 978 2266 sta-

247 2273 329 2301 tuas
352 2270 506 2312 primam
534 2274 717 2315 syllabam
741 2278 839 2309 vocis
861 2279 979 2310 anima

246 2312 283 2344 in
306 2315 382 2346 arsi
407 2317 572 2357 produci,
599 2320 657 2350 vel
684 2321 787 2363 legas
812 2323 978 2355 Animula

247 2368 327 2389 cum
343 2360 593 2402 compluribus
612 2364 725 2397 Gellii
744 2366 979 2398 editionibus.

290 2413 324 2434 v.
360 2406 393 2435 9.
453 2406 596 2439 Rimata
646 2410 748 2441 itiner
793 2411 976 2453 transitus]

247 2446 435 2483 ..Emendat
458 2449 578 2491 Agell.
608 2452 672 2485 lib.
699 2454 790 2486 XIX.
817 2466 896 2498 cap.
924 2459 977 2488 11.

246 2491 308 2522 ubi
347 2493 462 2524 male:
506 2495 630 2528 itineri
667 2500 844 2532 transitus.
912 2501 978 2533 Est

246 2546 331 2566 vero
362 2537 466 2569 itiner
493 2540 740 2575 nominativus
775 2543 825 2585 [h.
857 2545 880 2576 l.
916 2555 978 2577 ac-

245 2580 446 2623 cusativus]
491 2585 674 2626 antiquus.
746 2588 895 2621 Invenio
942 2594 978 2622 et

244 2625 338 2665 apud
363 2626 552 2660 Manilium
580 2630 643 2661 lib.
676 2631 704 2662 I.
734 2632 782 2673 [v.
821 2634 910 2675 140]
941 2637 978 2666 et

244 2668 433 2710 Capellam
460 2671 524 2704 lib.
543 2673 604 2706 IX.
630 2674 659 2716 [ᾗ
683 2677 974 2718 897.].“ΜΕιτηε.

242 2730 284 2735 ——
311 2713 392 2745 Alia
417 2718 583 2759 exempla
608 2720 679 2752 vid.
708 2722 803 2763 apud
818 2722 975 2755 Freuntl.

245 2768 273 2787 s.
296 2756 331 2787 11.
359 2769 392 2789 v.

288 2811 320 2831 v.
357 2804 409 2833 10.
462 2804 503 2835 Ut
539 2807 690 2839 transire
724 2808 880 2851 nititurl]
921 2809 974 2841 De

244 2853 349 2875 vorsu
386 2845 458 2878 vicl.
496 2853 567 2881 not.
604 2851 648 2882 ad
685 2862 717 2884 v.
746 2855 777 2884 5.
816 2854 973 2885 Verbum

244 2889 391 2921 transire
431 2895 704 2927 conunendatur
740 2897 906 2930 versibus
939 2900 972 2930 9.

1048 1883 1085 1912 et
1106 1880 1157 1911 14.
1191 1878 1420 1912 Exclamatio
1442 1878 1530 1911 huic
1554 1879 1636 1911 loco
1659 1876 1782 1920 magis

1047 1928 1147 1956 certe
1169 1924 1336 1956 convenit
1362 1934 1467 1965 quam
1490 1929 1527 1957 ut
1552 1934 1633 1956 cum
1659 1922 1781 1966 inper-

1047 1970 1141 2001 l'ecto
1167 1967 1401 2000 coniunctivi.

1093 2024 1123 2044 v.
1166 2015 1217 2044 12.
1272 2013 1400 2053 fuisset
1439 2012 1476 2044 in
1518 2016 1612 2044 coetu
1654 2010 1777 2052 asculi]

1046 2057 1174 2094 „Dixit
1212 2057 1393 2088 Ausonius
1434 2056 1504 2098 [cp.
1551 2053 1659 2096 108.]:
1716 2055 1781 2089 Ubi

1045 2102 1140 2133 lassa
1187 2101 1292 2132 libido
1332 2101 1509 2132 Femineas
1550 2104 1694 2132 coetus
1746 2106 1779 2133 et

1046 2157 1114 2177 uon
1141 2156 1205 2177 sua
1230 2146 1319 2176 bella
1345 2145 1500 2185 lacessit,
1525 2156 1568 2177 ex
1596 2144 1778 2183 Lucretio,

1046 2193 1086 2222 ut
1110 2193 1214 2231 puto,
1241 2189 1302 2231 qui
1326 2189 1390 2221 lib.
1414 2189 1479 2221 111.
1502 2189 1546 2232 [v.
1569 2188 1683 2230 857.]:
1717 2190 1778 2222 Nil

1046 2239 1159 2267 tamen
1182 2234 1244 2265 hoc
1268 2234 1314 2265 ad
1337 2244 1399 2266 uos
1425 2234 1485 2276 qui
1510 2240 1634 2267 coetu
1655 2234 1777 2266 coniu-

1044 2279 1173 2322 gioque
1199 2279 1356 2320 Corporis
1381 2284 1487 2321 atque
1510 2279 1647 2311 animae
1666 2279 1778 2311 consi-

1044 2324 1166 2355 stimus
1188 2323 1301 2354 uniter
1325 2323 1410 2365 apti.
1443 2323 1697 2356 Aristaenetus
1719 2323 1779 2365 μί-

1044 2366 1099 2407 ξιν
1124 2366 1328 2409 appellavit
1354 2367 1416 2399 lib.
1442 2368 1494 2408 ll,
1515 2379 1593 2411 cap.
1619 2372 1672 2400 18.
1701 2367 1776 2401 Καὶ

1044 2407 1067 2453 ἦ
1093 2410 1211 2453 μίξις
1242 2407 1336 2453 αὕτη
1364 2412 1507 2454 γλυκεῖα
1538 2412 1671 2455 γίνεται
1701 2412 1774 2445 τῶν

1044 2455 1191 2498 ψυχῶν,
1230 2456 1323 2497 quod
1354 2456 1504 2488 indnbie.
1534 2455 1697 2489 manavit
1727 2456 1773 2488 ab

1044 2499 1114 2532 hoc
1146 2500 1309 2533 Petronii
1346 2500 1389 2543 [c.
1422 2501 1532 2543 132.]:
1568 2501 1773 2533 Animarum

1044 2555 1176 2587 quoque
1209 2545 1395 2577 mixturam
1422 2546 1621 2585 secerant.“
1655 2544 1770 2577 Powr.

1048 2607 1083 2612 —
1127 2589 1199 2630 ηρ.
1239 2588 1387 2620 Curtius
1422 2589 1485 2620 lib.
1522 2589 1584 2620 lx.
1628 2589 1683 2631 [4‚
1720 2588 1769 2630 9.]

1043 2634 1195 2665 amnium
1236 2638 1366 2665 coetum
1401 2633 1445 2664 ad
1486 2634 1637 2665 eandem
1675 2632 1773 2666 hanc

1043 2677 1199 2708 formam
1241 2676 1343 2709 dixit.
1402 2677 1518 2709 Verba
1552 2677 1631 2709 eius
1669 2680 1770 2709 sunt:

1049 2722 1202 2753 Ceterum
1231 2721 1382 2753 amnium
1417 2726 1558 2754 coetus
1588 2722 1772 2754 maritimis

1041 2765 1170 2797 similes
1193 2765 1317 2803 fluctus
1343 2767 1516 2799 movent.“
1547 2766 1635 2798 Add.
1660 2766 1697 2798 in
1724 2766 1769 2798 dz

1041 2808 1146 2840 uncis
1171 2808 1325 2841 inclusa.

1085 2864 1120 2884 v.
1149 2854 1200 2885 17.
1240 2854 1296 2885 Ad
1317 2864 1462 2896 puerum
1486 2854 1580 2888 intus
1607 2853 1768 2896 viverem]

1043 2896 1126 2930 Vid.
1151 2900 1224 2931 not.
1245 2897 1290 2931 ad
1311 2909 1346 2930 v.
1368 2900 1401 2930 5.
