1843 3163
336 30 811 74 SATURNALIORUM
854 32 953 74 LIB.
985 33 1075 74 vn.
1115 33 1233 76 CAP.
1264 34 1331 75 lv.
1528 38 1607 79 577

67 141 305 194 contagione
336 141 492 195 frigoris
520 142 678 183 sinistra
709 143 924 198 optinentis
955 144 1203 186 hebetantur.
1266 146 1309 186 In
1339 147 1447 188 venis
1480 151 1680 193 autem-22

65 203 105 238 et
132 197 308 245 arteriis,
350 211 453 251 quae
487 204 579 238 sunt
612 201 862 253 receptacula
895 201 1097 251 sanguinis
1126 208 1165 242 et
1197 201 1381 255 spiritus,
1426 204 1540 244 tertia
1571 206 1614 246 lit

65 252 243 306 digestio.
304 254 403 295 Nam
444 261 652 308 arreptum
697 256 930 307 sanguinem
968 257 1269 309 ‹pmdammodo
1302 259 1526 308 defaecant,
1574 267 1614 301 et

64 309 172 362 quod
212 309 250 350 in
291 324 338 350 eo
372 324 568 363 aquosum
608 318 667 351 est
708 326 829 352 ienae
861 312 896 351 in
935 313 1101 352 vesicam
1134 314 1369 354 refundunt:
1415 315 1610 369 liquidum

65 378 157 405 vero
204 379 430 419 purumque,
475 372 513 406 et
561 367 707 407 altilem
759 367 992 416 sanguinem
1043 369 1207 417 singulis
1260 371 1382 410 totius
1432 372 1611 425 corporis

63 421 252 461 membris
283 422 527 462 ministrant:
570 429 609 463 et
642 424 691 463 ita
723 424 765 463 lit
796 429 856 470 ut,
900 437 990 462 rum
1026 424 1158 464 cibum
1194 425 1303 464 solus
1346 434 1480 467 xenis-r
1509 429 1610 468 acei-

63 476 165 530 piat,
214 477 400 518 alinwnia
439 478 523 518 eius
569 479 744 532 dispersa
787 492 855 532 per
898 480 1103 519 universos
1143 482 1413 521 memlwmum
1458 491 1611 524 meatus

62 546 153 573 ossa
186 547 349 587 quoque
381 540 420 574 et
453 534 646 574 medullas
681 541 719 574 et
753 548 904 587 ungues
935 535 1084 575 nutriat
1118 541 1157 576 et
1194 536 1368 590 capillos.
1430 539 1483 578 Et
1515 539 1609 580 baec
1623 541 1677 581 23

64 593 123 629 est
154 595 294 642 quarta
325 589 506 641 digestio,
545 604 647 644 quae
680 590 718 629 in
750 590 918 643 singulis
945 591 1133 632 membris
1166 592 1220 640 lit,
1254 593 1347 633 dum
1383 594 1489 647 quod
1521 596 1608 635 uni-

61 644 206 699 cuique
247 646 426 685 membro
470 645 606 685 datum
646 651 706 686 est
745 645 816 700 ipsi
858 647 1038 687 membro
1080 648 1123 687 lit
1161 648 1465 690 nutrimentum.
1526 651 1609 693 Nec

60 706 192 740 tamen
229 699 321 740 huie
356 701 501 741 totiens
533 700 737 742 defaecato
769 702 1000 743 retrimenta
1032 717 1102 743 sua
1133 703 1297 754 desunt,
1343 718 1466 759 quae,
1516 720 1607 747 eum

60 755 237 796 membra
280 755 414 796 omnia
459 756 498 796 in
544 771 614 799 sua
662 763 755 798 sunt
797 758 985 807 sanitate,
1030 773 1098 813 per
1144 760 1325 801 occultos
1365 768 1609 802 evanescunt

58 816 225 851 meatus.
285 811 325 852 Si
362 826 440 866 qua
472 826 565 853 vero
597 827 686 867 pars
716 815 893 867 corporis
924 821 1146 867 aegrescat,
1176 816 1214 856 in
1245 816 1370 870 ipsam
1401 818 1515 871 quasi
1549 818 1606 858 in-
1621 819 1674 859 24

58 866 273 908 firmiorem
309 868 450 908 ultima
483 868 546 909 illa
580 883 682 924 quae
715 870 887 910 diximus
924 871 1157 911 retrimenta
1188 872 1398 921 labuntur,
1443 879 1482 913 et
1516 873 1609 915 hinc

56 929 278 964 naseuntur
319 924 549 964 morborum
587 939 731 966 causae
765 939 868 980 quae
908 924 1092 979 ῥεύματα
1134 927 1297 968 medicis
1340 943 1483 969 vocare
1521 944 1607 970 mos

53 984 124 1019 est.
184 978 224 1019 Si
256 979 359 1019 enim
394 979 513 1020 suerit
549 981 677 1022 ultimi
714 981 798 1022 suci
831 982 934 1023 iusto
967 982 1128 1023 uberior
1158 983 1399 1033 multitudo,
1444 985 1548 1025 hano
1584 986 1675 1026 2125

54 1047 96 1075 se
124 1034 279 1088 repellit
304 1049 392 1089 pars
419 1036 598 1090 corporis
628 1037 691 1077 illa
721 1051 823 1090 quae
854 1038 989 1078 sanior
1020 1045 1090 1087 est,
1122 1044 1161 1079 et
1190 1040 1274 1080 sine
1305 1039 1428 1081 dubio
1461 1041 1608 1082 labitur

55 1089 94 1130 in
119 1090 314 1131 infirmam
341 1105 445 1146 quae
475 1092 576 1133 vires
604 1107 683 1133 non
714 1093 834 1133 habet
860 1094 1098 1147 repellendi:
1143 1095 1250 1136 unde
1278 1096 1395 1136 alieni
1427 1097 1606 1150 receptio

54 1145 244 1187 distendit
273 1147 404 1187 locum
434 1147 472 1187 in
500 1162 618 1201 quem
645 1148 846 1196 ceciderit,
871 1155 910 1189 et
936 1149 1029 1189 hinc
1058 1156 1244 1190 creantur
1271 1151 1442 1192 dolores.
1495 1154 1605 1193 llaec

53 1207 114 1242 est
149 1215 244 1255 ergo
281 1202 423 1256 triplex
456 1217 574 1243 eausa
613 1204 671 1244 vel
705 1204 905 1257 podagrae
945 1205 1002 1245 vel
1035 1205 1247 1246 cuiuslibet
1279 1220 1325 1246 ex
1360 1207 1605 1249 conlluentia

53 1257 205 1298 morbi:
231 1257 268 1298 id
301 1264 360 1298 est
391 1259 607 1300 multitudo
639 1259 832 1308 humoris,
861 1260 1055 1301 fortitudo
1086 1261 1252 1302 membri
1286 1276 1307 1302 a
1337 1276 1379 1303 se
1410 1264 1603 1316 repellen—

52 1313 120 1363 tis,
165 1318 204 1354 et
242 1313 468 1367 recipientis
502 1314 722 1356 infirmitas
785 1317 886 1357 Cum
926 1316 1048 1369 igitur
1078 1317 1375 1359 adseruerimus
1410 1319 1673 1373 quattu0r26

54 1369 95 1409 in
126 1382 294 1424 corpore
324 1369 408 1410 lieri
438 1370 695 1424 digestioneS,
720 1385 891 1425 quarum
923 1372 1045 1412 altera
1076 1373 1225 1426 pendet
1255 1386 1301 1413 ex
1332 1373 1473 1423 altera,
1503 1380 1542 1415 et
1572 1374 1605 1415 si
1634 1404 1643 1413 .

52 1425 293 1480 praecedens
322 1424 440 1468 fuerit
467 1426 671 1481 impedita,
700 1427 830 1469 nullus
859 1428 903 1469 lit
933 1428 1138 1483 sequentis
1170 1430 1353 1470 effeetus:
1398 1443 1670 1487 remma-[2201

1103 1540 1195 1572 Edd.
1227 1539 1512 1584 vicahgspdzb.]

51 1596 134 1635 que)
163 1593 229 1624 112.
253 1612 296 1616 —
320 1599 358 1626 et
384 1594 483 1635 (snp.
504 1597 559 1631 ut)
580 1606 655 1626 cnm
678 1594 716 1626 Λ.
742 1612 783 1618 -
808 1596 880 1628 eius
903 1596 1071 1627 alimonia
1098 1596 1138 1627 A.
1277 1597 1333 1627 23.
1371 1596 1497 1628 Etiam
1519 1597 1604 1629 haec

52 1639 110 1669 vt.
137 1655 181 1661 --
207 1638 395 1679 unicuique
420 1639 663 1670 membrorum
688 1639 753 1670 112.
783 1658 818 1662 —
863 1641 946 1672 sint
976 1640 1041 1671 Η2.
1177 1641 1231 1671 24.
1276 1640 1312 1671 in
1345 1651 1467 1672 suam
1504 1642 1606 1683 quasi

51 1681 121 1712 112.
162 1699 203 1704 —-
243 1682 284 1713 in
316 1683 537 1723 infirmiorem
570 1682 609 1714 Α.
652 1701 693 1705 -
730 1688 760 1715 et
792 1684 852 1716 hic
882 1684 922 1716 A.
956 1701 1000 1706 —
1033 1695 1159 1716 causae
1188 1687 1277 1721 (om.
1303 1685 1512 1725 morborum)
1538 1685 1603 1717 Av.

50 1736 177 1757 causae
199 1727 392 1758 morborum
419 1726 502 1758 enh.
535 1744 578 1749 ——
613 1733 781 1760 reumata
804 1728 840 1760 S.
980 1730 1035 1758 25.
1076 1729 1111 1759 in
1141 1729 1286 1769 infirma
1308 1727 1345 1759 Α.
1373 1745 1414 1751 -
1450 1730 1541 1760 unde
1566 1734 1604 1763 et

50 1770 160 1802 alieni
184 1769 290 1810 Sv-g.
310 1788 355 1794 —
385 1781 424 1802 ex
447 1771 655 1811 confluentia
681 1782 751 1803 om.
779 1783 848 1804 s—z.
892 1770 1138 1810 ,.N‹2c‹-ssario
1165 1783 1206 1803 ex
1235 1771 1372 1812 scripto
1404 1776 1440 1803 et
1467 1773 1604 1805 veteri-

49 1814 118 1846 bns
150 1814 412 1855 supplendum:
459 1815 518 1846 Vel
552 1815 731 1848 cuiuslibet
765 1827 804 1848 es
834 1816 1043 1857 confluentia
1076 1817 1194 1847 morbi.
1247 1815 1336 1847 Nam
1371 1816 1469 1848 mala
1501 1817 1605 1861 capit.

49 1868 142 1900 quae
164 1855 201 1890 ἐκ
226 1854 403 1900 ῥεύματος
427 1858 634 1891 oriuntur-‘⁶
660 1859 765 1892 l’ont.
815 1860 902 1901 „Sic
928 1860 1011 1903 lege
1036 1870 1116 1891 cum
1148 1860 1202 1891 ed.
1234 1862 1331 1891 vem
1355 1860 1466 1893 zeun.

50 1955 307 1999 pronominum
346 1968 488 1989 omnem
534 1956 605 1989 loci
645 1962 792 1990 senten-

53 2001 141 2033 tiam
171 2001 356 2041 destruat,
383 2001 561 2044 facitque:
591 2003 673 2044 quia
697 2004 791 2043 illas,

51 2049 103 2077 et:
139 2045 205 2077 hae
240 2046 458 2088 contagione.
524 2046 705 2078 Fallitur:
754 2046 788 2078 id

48 2088 168 2131 ipsum
220 2087 316 2120 enim
366 2088 576 2120 Macrobius
626 2089 789 2131 intelligi

49 2132 166 2165 voluit
214 2142 256 2164 cx
306 2133 469 2174 vulgato.
545 2132 672 2164 Livius
724 2134 787 2164 lib.

49 2176 175 2208 xxn'.
203 2175 297 2218 [cap.
321 2176 416 2218 29.]:
440 2178 487 2209 Et
514 2178 790 2210 mittentibus

49 2226 81 2254 et
113 2221 260 2253 missis
295 2232 337 2252 ea
373 2221 467 2253 laeta
498 2222 671 2263 expeditio
694 2222 790 2262 suit.-

49 2276 131 2297 nam
164 2270 195 2297 et
234 2265 345 2303 illis,
380 2265 470 2306 quod
502 2266 637 2297 iamdiu
669 2266 788 2307 cupie-

50 2309 145 2349 bant,
164 2309 317 2340 novandi
339 2319 392 2340 res
413 2310 544 2340 occasio
565 2310 651 2342 data
673 2314 734 2347 est,
757 2315 789 2342 et

49 2352 95 2384 1ιί
120 2353 290 2384 sentinam
315 2353 489 2393 quandam
516 2353 608 2385 urbis
631 2354 702 2385 rati
730 2364 790 2385 ex-

49 2396 211 2428 haustam
245 2396 485 2435 Iaetabantur,
519 2396 580 2427 ubi
607 2397 682 2429 illi
709 2397 788 2429 sine

49 2439 160 2472 dubio
182 2439 289 2477 missi,
312 2438 354 2470 1ιί
374 2440 586 2471 mittentes.‘⁵

94 2483 235 2515 visceris
257 2483 324 2524 sui]
351 2481 372 2513 i.
388 2494 418 2514 e.
444 2482 587 2515 iecoris.
622 2482 677 2515 Cf.
693 2482 788 2516 Plin.

50 2526 94 2560 N.
112 2527 160 2559 Η.
185 2527 246 2568 XI,
267 2530 320 2558 37.
347 2537 376 2558 s.
399 2529 452 2558 73.
482 2528 580 2558 Iecur
606 2527 641 2559 in
667 2528 789 2560 dextra

45 2576 148 2614 parte
182 2576 249 2611 est,
285 2575 320 2603 et
349 2582 376 2602 s.
410 2574 465 2603 80.
505 2571 595 2602 Huic
631 2571 790 2608 (ventri-

50 2615 152 2653 culo)
170 2616 366 2647 adnectitur
388 2615 456 2647 lien
477 2615 511 2647 in
531 2615 672 2647 sinistra
689 2621 790 2657 parte

49 2660 215 2692 adversus
239 2659 352 2692 iecori.

93 2706 148 2735 22.
203 2714 292 2745 quac
331 2707 411 2735 sunt
447 2703 665 2744 receptacula
707 2713 790 2734 san-

49 2748 169 2790 guinis
193 2753 224 2780 et
247 2747 403 2789 spiritus]
429 2746 485 2778 Cf.
514 2746 589 2778 Cic.
615 2746 656 2778 N.
675 2747 717 2778 D.
742 2746 790 2786 ΙΙ,

49 2794 106 2829 55,
135 2793 209 2822 138.
250 2791 443 2833 Sanguis
473 2801 551 2833 per
586 2802 719 2823 venas
754 2791 789 2822 in

50 2845 147 2868 omne
168 2846 289 2878 corpus
313 2835 526 2876 diffunditur
547 2840 577 2867 et
599 2836 789 2877 spiritus

47 2889 121 2921 per
147 2879 353 2918 arterias,
382 2881 418 2912 et
442 2878 526 2912 Sen.
553 2878 595 2912 N.
623 2879 693 2919 Qu.
720 2878 788 2919 ΙΙΙ,

106 2934 159 2973 II.

864 1961 914 1998 15,
935 1961 968 1990 2.
994 1959 1031 1990 In
1056 1960 1177 2001 quibus
1201 1958 1454 2000 (corporibus)
1480 1964 1512 1991 ct
1536 1970 1601 1992 ve-

860 2013 938 2034 nae
971 2008 1105 2036 suntet
1137 2004 1356 2035 arteriae:
1394 2003 1478 2035 illae
1503 2014 1601 2036 san-

858 2047 1036 2090 guinis,
1077 2047 1143 2080 hae
1180 2047 1370 2090 spiritus
1404 2052 1600 2090 recepta-

858 2092 972 2122 cula.

904 2134 1049 2175 altilem]
1088 2134 1168 2165 Hoc
1193 2145 1302 2166 unum
1331 2133 1442 2167 activi
1472 2145 1603 2166 sensus

858 2177 968 2208 liuius
996 2176 1169 2208 adiectis-i
1200 2177 1355 2209 affertur
1381 2179 1603 2220 exemplum.

903 2220 1086 2262 alimonia]
1129 2220 1185 2252 Cf.
1226 2221 1269 2260 V,
1309 2224 1368 2262 ll,
1408 2224 1457 2253 16.
1522 2223 1603 2255 Hac

860 2276 947 2296 voce
993 2276 1080 2296 usus
1132 2275 1213 2296 esse
1261 2264 1398 2298 dicitur
1446 2267 1602 2298 Plautus

859 2309 959 2341 Pers.
984 2309 1011 2347 l,
1035 2311 1068 2348 2,
1096 2312 1107 2340 l
1135 2321 1144 2349 3
1170 2309 1231 2340 sed
1256 2314 1357 2341 ceria
1382 2309 1463 2342 eius
1489 2310 1604 2342 vesti-

858 2352 920 2395 gia
959 2364 1026 2385 non
1071 2352 1307 2385 inveniuntur
1347 2358 1431 2386 ante
1469 2354 1603 2386 Sueto-

858 2397 968 2429 nium.
1019 2396 1072 2428 Cf.
1109 2396 1230 2439 Calig.
1260 2399 1316 2429 42.
1353 2403 1389 2429 et
1429 2398 1527 2429 Gen.
1559 2397 1602 2430 N.

857 2441 896 2472 A.
920 2441 1051 2479 xvm,
1075 2442 1128 2480 15,
1146 2444 1179 2472 5.

901 2486 956 2516 23.
1006 2485 1040 2516 in
1067 2495 1131 2515 sna
1158 2488 1237 2515 sunt
1265 2483 1433 2524 sanitate]
1463 2482 1602 2526 Singu-

858 2528 948 2559 laris
988 2532 1043 2560 est
1075 2527 1168 2558 haec
1204 2526 1298 2559 ratio
1332 2526 1498 2567 dicendi,
1536 2527 1601 2559 sed

859 2571 1026 2602 corxserre
1069 2571 1156 2602 licet
1195 2572 1228 2602 in
1268 2571 1352 2603 vitio
1389 2582 1472 2603 esse.
1523 2570 1601 2603 t'id.

859 2614 977 2646 Iland.
999 2614 1160 2646 Tursell.
1190 2614 1256 2651 111.
1285 2626 1318 2656 p.
1342 2616 1420 2646 259.

900 2669 962 2700 per
978 2659 1126 2690 occultos
1145 2663 1351 2690 evanescunt
1374 2658 1521 2700 meatus]
1543 2657 1600 2691 Cf.

860 2714 889 2734 c.
923 2705 971 2740 ιο,
997 2703 1016 2741 5
1047 2704 1079 2732 3.

903 2749 958 2777 25.
1006 2745 1119 2777 ultimi
1144 2745 1231 2786 suci]
1257 2743 1313 2776 Cf.
1341 2745 1361 2784 ἕ
1387 2747 1431 2776 22
1456 2756 1508 2787 sq.

903 2801 942 2822 ex
969 2789 1192 2830 confluentia]
1221 2800 1271 2821 sc.
1299 2788 1384 2820 orti.

902 2836 956 2865 26.
1004 2834 1117 2865 attera
1159 2858 1188 2865 ..
1223 2844 1262 2865 ex
1299 2833 1425 2874 altera]
1463 2831 1600 2865 dicitnr

857 2888 921 2919 pro
947 2877 1020 2910 alia
1042 2888 1081 2910 es
1105 2877 1191 2910 alia.
