1845 3131
178 146 233 187 20
246 148 361 184 esset.
421 142 465 181 In
503 153 550 180 co
580 139 670 179 loco
701 139 769 193 qui
802 138 1009 179 dominum
1050 140 1136 181 eius
1173 140 1317 182 domus
1350 142 1568 183 salutatum
1600 146 1790 183 venerant

247 199 480 254 priusquam
521 195 830 236 admitterentur
869 195 1157 236 consistebant:
1207 201 1247 237 et
1290 210 1421 251 neque
1457 199 1497 238 in
1532 198 1595 239 via
1631 197 1791 238 stabant

248 266 377 307 neque
405 252 507 292 intra
532 251 649 291 aedes
682 255 806 291 erant.
866 251 930 291 Ab
964 251 1028 292 illa
1057 265 1152 305 ergo
1181 252 1341 305 grandis
1372 253 1447 294 loci
1475 253 1721 295 consistione
1750 258 1791 294 et

248 309 361 364 quasi
389 307 561 362 quadam
593 306 860 347 stabulatione
881 308 1067 348 vestibula
1101 308 1294 361 appellata
1326 316 1418 349 sunt
1455 309 1581 362 spatia
1622 309 1661 349 in
1701 308 1788 363 qui-

248 366 322 406 bus
359 364 529 404 multum
567 368 742 403 staretur
778 363 827 403 ab
866 362 1168 404 advenientibus
1205 363 1438 418 priusquam
1478 364 1788 406 intromitteren-

181 424 230 463 21
250 426 315 461 tur
351 419 390 459 in
423 419 599 460 domum.
658 418 739 459 Alii
769 419 1063 459 consentientes
1095 419 1289 460 vestibula
1320 419 1457 460 eadem
1487 433 1573 461 esse
1599 435 1702 474 quae
1731 420 1788 461 di-

248 476 379 516 ximus
426 475 465 516 in
504 488 622 515 sensu
664 480 798 515 tamen
837 475 1020 515 vocabuli
1059 475 1320 516 dissentiunt:
1366 474 1544 516 referunt
1573 476 1677 516 enim
1708 490 1789 517 non

249 532 299 572 ad
326 545 394 572 cos
419 530 487 584 qui
516 530 744 580 adveniunt,
771 530 839 571 sed
865 531 914 571 ad
945 531 1034 572 illos
1062 531 1132 585 qui
1163 531 1202 571 in
1234 531 1354 571 domo
1386 536 1654 580 commanent,
1689 545 1789 586 quo-

249 588 355 628 niam
393 587 470 627 illic
512 600 732 639 numquam
774 586 1016 635 consistunt,
1061 587 1129 627 sed
1172 587 1294 628 solius
1338 587 1530 628 transitus
1575 600 1694 628 causa
1741 587 1790 628 ad

182 643 353 684 2211unc
388 643 518 683 locum
550 642 715 682 veniunt
747 642 929 682 exeundo
965 642 1045 684 sive
1084 642 1300 683 redeundo.
1361 642 1452 684 Sive
1491 642 1613 696 igitur
1650 656 1789 684 secun-

251 700 347 739 dum
379 698 533 752 priores
564 710 634 751 per
659 704 918 751 augmentum
951 698 1031 739 sive
1061 712 1129 753 per
1161 698 1358 739 secundos
1387 712 1458 753 per
1483 698 1789 739 diminutionem

250 753 559 807 intellegendum
602 758 681 801 est,
723 758 857 793 tamen
895 755 1123 795 vestibulum
1160 759 1315 795 constat
1344 768 1475 795 aream
1513 754 1591 795 dici
1632 767 1735 808 quae
1769 767 1791 794 a

248 811 309 851 via
339 810 502 849 domum
529 808 679 848 dividit.
738 809 887 849 Fauces
914 814 1046 849 autem
1076 809 1150 849 iter
1176 815 1390 863 angustum
1420 815 1480 850 est
1507 823 1577 863 per
1600 810 1710 864 quod
1740 809 1790 850 ad

182 866 235 906 23
251 865 490 907 vestibulum
523 864 572 903 dc
603 864 665 905 via
695 863 880 904 flectitur.
939 865 1048 918 Ergo
1077 867 1235 905 Aeneas
1264 879 1355 905 cum
1383 865 1490 906 videt
1509 867 1642 919 fauces
1671 870 1792 919 atque

248 922 475 963 vestibulum
506 920 649 960 domus
682 920 907 974 inpiorum,
936 934 1018 961 non
1054 926 1114 961 est
1146 920 1249 961 intra
1279 921 1466 969 domum,
1498 934 1570 961 nec
1601 926 1791 962 contactu

182 977 432 1032 [mejaodium
461 989 578 1016 saevo
607 976 901 1030 execrabilique
932 976 1147 1031 polluitur,
1177 976 1246 1017 sed
1275 976 1324 1017 de
1352 976 1413 1017 via
1439 976 1547 1018 videt
1574 976 1661 1017 loca
1688 977 1792 1017 inter

249 1034 352 1075 viam
385 1039 424 1073 ot
452 1031 569 1072 aedes
600 1032 740 1072 locata.

361 1089 432 1128 lx.
492 1088 676 1128 Bidentes
704 1088 850 1128 hostiae
885 1087 980 1142 quid
1011 1093 1164 1137 essent,
1209 1087 1340 1142 inquit
1372 1087 1572 1136 Avienus,
1620 1087 1790 1128 interro-

248 1144 332 1198 gavi
371 1143 570 1197 quendam
606 1144 655 1184 de
691 1143 1043 1197 grammaticorum
1080 1144 1264 1184 cohorte:
1309 1148 1348 1183 et
1388 1143 1451 1184 ille
1494 1144 1660 1185 bidentes
1698 1156 1791 1184 oves

250 1213 335 1241 osse
371 1199 600 1253 respondit,
651 1199 881 1253 idcircoque
915 1201 1113 1254 Ianz‘yeras
1153 1199 1372 1248 adiectum,
1418 1204 1465 1240 ut
1499 1212 1592 1239 oves
1635 1199 1791 1254 planius

211 1256 636 1297 :ldomoustrarentun
695 1256 817 1304 Esto,
862 1255 1046 1310 inquam,
1091 1270 1184 1297 oves
1229 1256 1398 1297 bidentes
1444 1255 1640 1296 dicantur.
1710 1255 1790 1296 Sed

252 1325 355 1367 quac
385 1311 486 1352 ratio
518 1311 636 1352 huius
666 1311 705 1351 in
737 1311 878 1352 ovibus
905 1311 1091 1366 epitheti,
1134 1311 1253 1362 scire,
1277 1311 1460 1366 inquam,
1491 1310 1594 1352 volo.
1653 1313 1791 1366 Atque

342 1439 446 1481 [mss.
477 1438 614 1471 APSM.

307 1496 362 1524 20.
397 1494 567 1525 ciusdem
593 1494 714 1525 domus
739 1495 792 1524 v3.
815 1511 857 1516 —
882 1494 1097 1525 assistebant
1122 1493 1158 1525 S.
1175 1511 1216 1516 --
1236 1493 1404 1525 astabant
1427 1493 1476 1524 M.
1495 1509 1536 1516 —
1563 1493 1791 1526 constitione

250 1538 347 1569 Gell.
373 1549 415 1568 ex
441 1537 581 1569 euicnd.
606 1538 635 1568 1.
658 1538 790 1576 Gron.;
814 1537 904 1569 Non.
931 1549 962 1579 p.
989 1540 1043 1576 53,
1065 1540 1115 1568 15.
1145 1555 1180 1560 -
1208 1537 1243 1568 in
1268 1538 1396 1569 domos
1420 1536 1516 1576 „B‘⁴.
1632 1539 1688 1570 21.
1721 1549 1788 1570 non

249 1583 295 1613 ad
318 1593 372 1614 cos
396 1593 464 1613 oin.
493 1582 530 1612 P.
565 1600 598 1604 -
627 1582 782 1614 transitu
807 1581 844 1613 S.
874 1599 915 1604 —-
948 1583 1017 1613 vel
1050 1581 1226 1613 redeundo
1248 1580 1275 1612 Α
1300 1581 1434 1619 ,,Βυ(ΙΙ.
1463 1581 1548 1613 Ben.
1575 1580 1654 1613 C.“.

247 1629 302 1657 22.
334 1630 596 1668 augumentum
623 1628 702 1657 vla.
731 1644 764 1648 —
802 1626 977 1657 vestibula
1006 1625 1252 1667 ASv-gMi23.
1273 1643 1315 1649 —-
1345 1626 1414 1656 dici
1438 1636 1508 1658 om.
1532 1637 1564 1657 v.
1588 1643 1632 1648 —
1660 1625 1790 1657 Fauces

250 1669 463 1711 ..flectitur]
494 1669 549 1701 Cf.
572 1670 667 1701 Gell.
699 1669 740 1701 N.
763 1670 802 1701 A.
830 1669 921 1709 xx‘l,
945 1672 978 1708 5,
1002 1672 1070 1710 12,
1106 1669 1167 1701 ubi
1196 1668 1351 1711 legitur:
1388 1670 1478 1711 quod
1508 1670 1555 1701 ad
1586 1670 1789 1702 vestibulum

249 1714 464 1746 adiretur.
496 1731 539 1736 ·—
576 1714 775 1746 vestibulum
803 1718 892 1751 (oni.
921 1715 986 1750 ad)
1013 1725 1043 1745 v.
1181 1716 1234 1745 23.
1276 1714 1461 1745 execrabili
1487 1724 1658 1756 saevoque
1683 1724 1765 1756 v-g.

339 1757 400 1789 lx.
454 1759 566 1800 Caput
591 1759 652 1789 [Y.
691 1759 856 1790 Bidentes
880 1759 963 1800 qnid
987 1759 1173 1801 significet,
1199 1763 1230 1790 et
1254 1758 1345 1789 unde
1371 1758 1496 1789 dictae.
1539 1758 1670 1790 Deinde
1692 1758 1789 1800 equi-

248 1808 313 1834 tem
340 1803 375 1833 id
399 1803 508 1843 ipsum
535 1803 736 1845 significare
760 1814 1025 1844 nonnunquam,
1048 1803 1138 1844 quod
1161 1803 1382 1845 significatur
1407 1802 1544 1834 nomine
1567 1803 1653 1844 equi.
1686 1802 1789 1834 ch-h.

254 1865 285 1869 —
320 1846 496 1888 Bidentcs]
521 1846 574 1878 Cf.
598 1847 683 1878 Aen.
708 1846 785 1883 Vll.
801 1849 855 1877 93.
883 1852 919 1878 et
944 1847 982 1887 V,
1006 1849 1067 1885 963
1094 1846 1150 1885 w,
1166 1849 1228 1885 393
1256 1846 1348 1883 ΠΗ,
1365 1847 1442 1878 544.
1468 1864 1511 1868 —
1535 1846 1687 1879 bidentes
1711 1857 1790 1878 oves

428 1891 551 1933 reliqui
576 1891 611 1932 (ἕ
636 1893 688 1932 3.)
714 1895 750 1922 et
780 1891 921 1923 Publius
944 1896 1058 1925 autem
1087 1892 1255 1934 Nigidius
1279 1892 1318 1930 (ἓ
1335 1891 1390 1931 5.)
1418 1913 1426 1922 .
1442 1913 1470 1922 ..
1494 1896 1665 1923 constaret
1689 1895 1789 1924 aeta-

249 1901 320 1922 CSSC
347 1914 404 1922 ..-

291 2006 346 2035 20.
394 2005 612 2047 consistione]
640 2005 744 2037 Haud
773 2009 871 2038 recte
894 2006 984 2038 For—

248 2048 423 2079 ccllinum
461 2049 583 2081 (licere
620 2050 715 2091 apud
755 2050 982 2082 macrobium

248 2102 317 2122 non
365 2092 484 2124 miuus
528 2104 635 2135 quam
683 2094 778 2135 apud
819 2094 982 2126 Gellium

248 2135 396 2167 dubium
420 2147 501 2168 esse
527 2137 722 2169 lectionem
755 2143 907 2179 apparet
940 2149 982 2169 ex

249 2190 374 2220 appar.
407 2180 487 2211 crit.
544 2181 614 2212 nic
651 2192 740 2223 ergo
781 2182 851 2212 hoc
887 2177 985 2221 ἅπαξ

248 2220 434 2264 λεγόμενον
460 2228 557 2256 certe
585 2229 641 2257 est
671 2225 913 2257 retinendum.

293 2268 462 2300 vestibula
488 2269 667 2311 appellata
688 2269 781 2310 sunt]
808 2270 904 2301 Mira
927 2272 983 2301 est

250 2310 364 2343 Gellii
390 2313 630 2355 etymologia,
657 2312 690 2344 in
713 2324 783 2354 qua
806 2314 897 2345 (luae
923 2325 980 2346 res

249 2355 394 2387 oumino
418 2356 604 2398 diversae,
635 2358 785 2399 grandis
810 2358 875 2389 loci
900 2370 980 2389 con-

247 2399 360 2439 sistio,
393 2404 427 2431 et
451 2402 593 2433 multum
620 2406 730 2441 stare,
755 2402 983 2433 confundun-

247 2448 317 2474 tur.
365 2444 434 2476 Gu.
465 2445 503 2476 A.
534 2445 720 2476 Beekerus
749 2445 783 2477 in
816 2446 927 2478 Gallo
953 2446 980 2477 Ι.

249 2498 281 2526 p.
307 2489 358 2517 74.
385 2488 439 2520 ed.
467 2489 492 2519 Ι,
527 2493 566 2520 ut
596 2490 823 2531 prostibulum
853 2501 874 2522 a
897 2501 979 2532 pro-

246 2532 372 2563 stando
397 2532 450 2563 sic
477 2534 677 2565 vestibulum
702 2533 754 2565 ait
778 2543 798 2565 a
817 2535 982 2566 vestando

247 2584 329 2605 csse
363 2576 601 2608 derivandum
636 2581 672 2609 et·
713 2583 846 2610 vestare
884 2577 981 2610 idem

248 2629 329 2650 csse
350 2630 393 2651 ac
411 2623 499 2660 foris
525 2630 630 2654 stare.
679 2621 862 2654 Vocabula
884 2623 981 2664 pati-

247 2662 361 2694 bulum
397 2670 432 2696 et
466 2666 650 2697 turibulum
684 2665 714 2697 si
748 2667 983 2704 conferimus,

247 2709 394 2748 etymon
420 2708 597 2750 simplex,
631 2709 709 2742 sive
730 2710 877 2742 verbum
904 2710 983 2742 sive

246 2760 387 2789 nomeu,
409 2764 490 2784 esse
513 2754 665 2785 videtur.
706 2753 859 2786 Ovidius
883 2754 983 2786 Fast.

245 2793 381 2833 w,297
398 2808 474 2838 sqq.
503 2808 523 2829 a
543 2799 645 2829 Vesta
669 2798 809 2830 derivat
832 2800 982 2831 vestibu-

245 2836 337 2873 lum,-
361 2840 523 2872 Isidorus
551 2841 695 2883 Hispal.
722 2841 826 2884 Orig.
851 2842 925 2882 XV,
948 2846 980 2882 7,

244 2882 276 2910 2.
310 2888 373 2914 aut
398 2895 418 2916 u
447 2887 618 2918 vestiendo
643 2886 761 2927 „quod
788 2888 980 2919 vestiuntur

1052 2018 1090 2038 co
1107 2006 1244 2048 fores“,
1276 2009 1338 2037 aut
1364 2016 1384 2038 a
1413 2006 1547 2038 stando.
1595 2005 1789 2038 Doederli-

1052 2062 1119 2082 uus
1152 2050 1286 2092 Synon.
1324 2049 1381 2081 Vl.
1421 2062 1452 2091 p.
1488 2052 1564 2081 400.
1614 2050 1787 2082 Ovidium

1052 2094 1237 2135 sequitur:
1283 2104 1435 2134 eamque
1473 2094 1648 2126 rationem
1679 2103 1786 2135 quam

1050 2138 1245 2170 Gelliunne
1270 2137 1475 2178 praemittit
1498 2136 1634 2169 Nonius
1661 2150 1694 2180 p.
1719 2140 1787 2178 53,

1050 2181 1218 2223 equidem
1246 2180 1403 2213 maxime
1431 2181 1673 2223 probaverim.

1095 2228 1148 2257 21.
1202 2226 1354 2258 exeundo
1387 2226 1458 2258 sive
1493 2225 1680 2266 redeundo]
1729 2225 1784 2258 Cf.

1051 2271 1219 2313 prolegg.
1245 2281 1279 2311 p.
1304 2280 1360 2301 511..
1385 2270 1479 2303 med.

1093 2316 1148 2345 22.
1182 2325 1243 2357 per
1263 2314 1440 2356 secundos]
1465 2313 1665 2346 Dicendum
1691 2316 1784 2346 erat:

1049 2359 1234 2390 secundum
1255 2358 1472 2401 posteriores.

1099 2402 1242 2445 Fauces]
1276 2401 1361 2443 quid
1387 2405 1527 2442 essent,
1551 2401 1701 2433 dubium
1727 2412 1785 2433 re—

1049 2446 1158 2488 liquit
1195 2446 1383 2478 Beckerus
1424 2447 1446 2478 Ι.
1485 2457 1514 2477 c.
1555 2457 1588 2487 p.
1629 2448 1675 2476 88
1709 2455 1783 2485 sq.;

1050 2491 1196 2522 Gellius
1230 2492 1276 2523 ab
1311 2489 1405 2522 ostio
1441 2500 1503 2522 eas
1536 2500 1604 2521 non
1639 2488 1785 2521 videtur

1050 2535 1292 2578 distinguere.
1715 2574 1722 2581 .

1095 2579 1157 2619 lx,
1186 2581 1214 2611 1.
1262 2578 1431 2621 quendam
1462 2576 1503 2607 de
1530 2579 1781 2618 grammatico-

1050 2634 1125 2655 rnm
1165 2622 1312 2663 cohorte]
1360 2619 1591 2661 contemptim
1635 2617 1781 2650 dicitur.

1051 2667 1113 2699 Sic
1139 2667 1249 2699 etiam
1285 2666 1318 2703 1,
1345 2667 1408 2704 24,
1435 2666 1467 2694 8.
1513 2663 1699 2704 Quilibet
1736 2673 1781 2695 ea:

1047 2711 1221 2752 plebeia
1268 2707 1661 2751 grammaticorum
1716 2718 1779 2738 co-

1049 2755 1169 2787 horte
1208 2751 1401 2794 opponitur
1438 2750 1577 2782 Servio.
1635 2750 1780 2783 Gellius

1048 2798 1073 2829 l.
1099 2809 1128 2828 c.
1154 2797 1171 2837 §
1202 2799 1246 2826 1.:
1291 2795 1471 2838 Quispiam
1503 2795 1648 2838 linguae
1676 2795 1778 2828 Lati-

1047 2851 1113 2873 nae
1139 2841 1322 2873 litterator.

1090 2886 1124 2916 2.
1170 2894 1258 2927 quae
1280 2882 1385 2924 ratio]
1413 2893 1462 2915 sc.
1492 2881 1551 2915 sit.
1587 2882 1731 2915 Gellius
1754 2881 1778 2914 l.
