1845 3126
157 231 210 273 35
226 234 346 270 retur.

225 60 281 102 60
853 55 1128 102 MACROBII

226 171 438 227 Apollinis,
466 182 546 223 quo
575 172 831 222 pracceptum
860 174 919 210 est
942 175 988 210 ut
1014 183 1087 224 pro
1115 170 1309 225 capitibus
1337 172 1533 225 capitibus
1562 170 1757 226 supplica-

412 226 541 280 quue
573 224 821 278 aliquamdiu
854 225 1125 276 observatum,
1164 232 1210 267 ut
1247 241 1319 281 pro
1352 228 1600 269 familiarium
1632 227 1757 281 sospi-

223 290 304 327 tate
340 282 453 338 pueri
484 286 752 322 mactarentur
775 280 933 322 Maniae
967 281 1080 331 deae,
1114 283 1230 323 matri
1260 284 1420 325 Larum.
1480 284 1603 334 Quod
1639 297 1757 324 sacn-

156 339 323 395 [233]ficii
353 352 477 392 genus
506 338 646 378 Iunius
671 337 820 377 Brutus
851 337 989 377 consul
1020 338 1135 391 pulso
1165 340 1381 393 Tarquinio
1411 339 1523 381 aliter
1552 338 1760 380 constituit

221 395 513 437 celebrandurn.
566 395 665 434 Nam
693 393 887 447 capitibus
916 393 993 434 allii
1022 399 1061 433 et
1086 395 1290 448 papaveris
1320 395 1532 450 supplicari
1562 395 1686 443 iussit,
1714 399 1760 435 ut

221 465 412 506 responso
440 450 635 505 Apollinis
668 449 877 490 satisfieret
908 450 957 490 de
990 450 1150 490 nomine
1182 451 1379 505 capitum,
1427 456 1581 492 remoto
1612 450 1760 491 scilicet

222 509 369 549 scelere
405 506 597 547 infaustae
634 505 954 546 sacrificationis:
997 506 1226 560 factumque
1259 512 1318 548 est
1346 513 1392 548 ut
1424 507 1573 561 efligies
1603 506 1760 547 Maniae

222 577 437 619 suspensae
471 577 543 617 pro
574 562 820 616 singulorum
859 562 1009 603 foribus
1041 562 1282 617 periculum,
1328 564 1359 603 si
1391 564 1499 618 quod
1535 562 1760 603 immineret

311 686 417 730 [aaa.
443 684 607 718 ABGPS.

217 753 281 785 pro
311 742 504 784 compitis
528 739 698 782 capitibus
719 750 744 782 g
769 739 804 771 in
830 750 903 783 mg.

213 787 451 828 familiarum
470 788 510 816 v1
537 785 628 826 (ehg
648 784 684 816 in
706 795 769 826 mg
784 784 812 825 ).
834 803 878 807 —
900 784 1001 827 pulso
1032 786 1214 828 Tarquino
1236 788 1291 817 vl.

1039 742 1094 772 35.
1132 741 1332 784 aliquando
1351 741 1450 783 (sup.
1476 742 1530 774 vel
1548 741 1627 781 diu)
1654 740 1694 772 Β.
1718 757 1758 762 ——

1344 787 1531 828 Tarquinio
1551 787 1654 829 pulso
1678 784 1759 816 h-b.

220 850 263 856 —-
289 831 450 874 Apollini
478 829 524 861 vi.
552 848 595 852 -
625 829 790 871 ludosque
813 831 903 867 (om.
930 830 1034 872 ipsos)
1061 841 1092 862 v.
1119 848 1161 853 —
1195 842 1234 862 ex
1259 831 1392 863 triviis
1417 834 1514 873 (sup.
1540 832 1593 863 vel
1618 829 1700 870 viis)
1723 828 1759 860 S.

221 946 257 978 in
287 945 407 989 iisque
438 955 531 977 anno
565 955 708 987 quoque
732 953 836 976 sacra
862 943 958 975 cele-

220 991 320 1022 brari
359 1001 378 1022 e
411 989 572 1032 singulis
606 988 777 1021 domibus
812 987 959 1021 collatis

220 1035 317 1067 libis.
368 1034 480 1067 Lares
507 1033 668 1076 compita
693 1043 842 1065 servare
868 1032 959 1065 dicit

222 1079 376 1112 Ovidius
415 1079 514 1111 Fast.
546 1079 599 1117 ll,
631 1080 698 1110 612
733 1089 785 1119 sq.
833 1077 958 1119 Augu-

220 1128 316 1156 stum
366 1123 637 1165 compitalicios
690 1123 796 1155 ludos
850 1121 958 1153 resti-

221 1168 350 1208 tuisse,
373 1172 481 1210 atque
506 1167 728 1207 instituisse,
753 1171 791 1198 ut
810 1165 958 1208 Compi—

220 1213 313 1245 tales
338 1212 450 1245 Lares
470 1212 526 1244 bis
551 1223 644 1244 anno
669 1211 824 1244 floribus
850 1220 957 1242 orna-

221 1261 359 1297 rentur,
387 1258 501 1288 refert
527 1257 677 1288 Sueton.
695 1257 787 1297 Aug.
813 1258 883 1293 31.,
910 1255 956 1286 cf.

222 1301 326 1334 Ovid.
350 1301 449 1333 Fast.
472 1301 511 1340 V,
540 1304 600 1333 129
623 1313 715 1342 sqq„
739 1299 957 1342 Vespasiani

220 1350 341 1378 aetate
381 1346 417 1377 in
462 1346 551 1377 urbe
594 1344 756 1377 CCLXV.
797 1344 958 1385 compita

220 1390 369 1423 Larium
393 1389 510 1423 fuisse
533 1390 676 1422 Plinius
702 1388 742 1421 N.
764 1389 810 1420 H.
834 1389 900 1427 ΙΙΙ,
925 1391 956 1419 5.

222 1446 251 1466 s.
275 1438 308 1466 9.
344 1437 363 1475 ἓ
389 1437 444 1467 66.
495 1435 545 1466 De
578 1434 702 1466 Mania
734 1444 826 1475 quae
856 1433 959 1464 nullo

220 1479 351 1511 horum
374 1479 536 1511 locorum
560 1482 868 1510 commemoratur
886 1477 957 1509 vid.

222 1524 332 1556 infra.
369 1523 424 1555 Cf.
449 1524 632 1566 Hartung.
657 1523 684 1554 l.
708 1534 740 1564 p.
767 1524 820 1554 62.
846 1521 959 1553 Creu-

221 1579 293 1600 zer.
316 1568 383 1599 ΙΙΙ.
407 1579 439 1609 p.
464 1571 540 1600 567.
573 1567 789 1600 Schwenck.
818 1578 851 1608 p.
880 1568 958 1597 240.

222 1613 442 1654 Hertzberg.
469 1624 502 1655 p.
526 1614 570 1644 40
586 1623 661 1654 sqq.
692 1611 865 1643 Mueller.
882 1611 958 1642 Etr.

223 1657 269 1689 ΙΙ.
298 1668 330 1698 p.
353 1660 398 1688 90
419 1668 495 1698 sqq.

266 1711 305 1733 ex
336 1712 495 1743 responso
533 1698 717 1741 Apollinis]
757 1698 837 1730 Hoc
872 1708 959 1729 nus-

221 1755 348 1787 quam,
383 1746 478 1786 quod
511 1744 645 1783 sciam,
678 1743 773 1775 alias
800 1753 959 1774 comme-

220 1794 396 1822 moratur.

264 1836 319 1865 35.
372 1833 514 1865 Maniae
551 1832 635 1864 deae
667 1831 773 1863 matri
810 1830 955 1871 Larum]

224 1878 347 1910 Mania
370 1882 488 1910 mater
514 1876 644 1908 Larum
670 1880 822 1907 vocatur
846 1874 956 1906 etiam

221 1933 241 1954 a
267 1923 426 1954 Varrone
459 1921 498 1953 L.
522 1921 559 1952 L.
586 1920 655 1958 lx,
682 1921 744 1958 38,
772 1923 824 1951 62.
852 1923 887 1951 et
912 1919 957 1950 ab

220 1966 379 1998 Arnobio
405 1966 471 2003 111„
494 1967 562 2004 41„
592 1964 654 1996 ubi
680 1964 751 1996 vid.
774 1968 847 1995 not.
874 1963 959 1995 Hil-

221 2010 410 2042 (lebrandi.
445 2009 554 2041 Festo
589 2010 711 2041 Mania
747 2012 802 2039 est
843 2012 959 2039 mater

222 2055 278 2086 vel
304 2054 388 2086 avia
411 2058 573 2086 materna
590 2054 804 2093 Lan-varum,
828 2052 957 2084 Muell.

223 2110 256 2140 p.
287 2102 366 2137 128,
392 2102 489 2138 129.,
515 2098 575 2130 ubi
602 2097 757 2129 Merkel.
781 2097 823 2128 ad
851 2096 957 2128 Ovid.

222 2143 321 2176 Fast.
347 2155 379 2185 p.
406 2153 519 2174 ccxxx.
546 2143 687 2174 mavult
717 2141 792 2182 legi
818 2142 957 2179 larium,

222 2188 285 2220 sed
310 2188 490 2219 Arnobius
518 2187 539 2218 1.
567 2198 597 2218 c.
621 2187 735 2218 refert
761 2185 955 2216 Varronem

221 2231 453 2273 antiquorum
489 2231 692 2263 sententias
736 2230 955 2261 referentem

222 2276 359 2308 dixisse
378 2276 515 2308 Larvas
535 2287 615 2308 esse
642 2275 766 2307 LareS.
799 2275 849 2306 Ab
869 2273 952 2306 Ovi-

221 2321 281 2352 dio
306 2325 423 2353 mater
447 2320 578 2353 Larum
606 2324 756 2352 vocatur
781 2318 881 2351 Fast.
908 2318 955 2358 ll,

221 2368 298 2397 570.
328 2366 470 2405 Tacita,
512 2377 543 2397 v.
564 2367 641 2396 581.
670 2365 787 2402 Muta,
822 2375 853 2394 v.
878 2366 953 2394 597.

223 2410 336 2449 Lara,
364 2420 385 2441 a
409 2409 600 2441 Lactantio
626 2409 662 2448 1,
685 2411 741 2447 20,
765 2411 817 2440 36.
844 2409 955 2446 Muta,

223 2454 320 2486 Lara
352 2455 410 2486 vel
449 2454 626 2485 Larunda.
674 2453 853 2485 Ultimum
892 2462 953 2483 no-

221 2509 303 2529 men
338 2501 644 2530 commemoratur
680 2497 790 2529 etiam
822 2508 842 2529 a
869 2497 956 2528 Var-

221 2553 308 2574 rone
334 2542 372 2575 L.
391 2543 429 2574 L⁴
451 2543 490 2582 V,
516 2544 581 2581 74„
611 2546 646 2574 et
671 2542 714 2573 ab
733 2541 892 2574 Ausonio
918 2540 954 2572 in

221 2586 362 2629 edyllio
405 2587 448 2619 (le
485 2587 564 2619 deis
603 2588 674 2619 Lar
711 2586 845 2618 dicitur
884 2587 955 2618 La-

222 2632 334 2663 runda
378 2632 593 2675 progenitus.
665 2631 741 2663 Vid.
796 2630 954 2662 Lobeek.

221 2676 402 2718 Aglaoph.
424 2688 455 2718 p.
482 2679 579 2708 1081.
609 2676 779 2707 Mueller.
806 2675 955 2707 Etrusk.

222 2720 268 2802 ξ.
301 2732 331 2761 p.
358 2724 419 2753 101
445 2732 520 2763 sqq.
563 2721 678 2763 Kopp.
704 2722 746 2752 ad
775 2722 882 2752 Mart.
908 2720 954 2751 ll.

270 2766 343 2795 164.

267 2809 436 2849 capitibus
468 2809 560 2850 allii]
598 2809 782 2841 Fontanus
815 2808 955 2840 confert

223 2853 334 2883 verba
354 2853 472 2885 Persii
492 2854 530 2892 V,
544 2857 607 2885 187
625 2865 677 2895 sq·
703 2855 733 2887 si
755 2865 823 2885 non
848 2853 954 2884 Prae-

223 2896 351 2928 dictum
382 2902 432 2928 ter
462 2908 562 2930 manc
595 2904 724 2940 caput
758 2897 956 2940 gustaveris

225 2940 317 2972 alli.
357 2940 453 2973 Adde
476 2941 569 2973 Plin.
592 2942 634 2974 N.
650 2943 693 2974 H.
716 2942 842 2981 XXVI,
869 2945 898 2974 7.
926 2952 953 2973 s.

1027 948 1078 979 19.
1105 946 1126 986 ἓ
1152 947 1205 978 33.
1241 946 1276 977 in
1315 957 1383 988 qua
1420 951 1570 978 extrema
1600 943 1760 983 (radice)

1026 991 1131 1024 allii
1155 995 1285 1032 caput
1310 995 1370 1030 est,
1395 994 1431 1022 et
1456 990 1532 1027 XX,
1549 992 1582 1020 6.
1609 1001 1638 1021 s.
1659 990 1715 1020 23.
1739 990 1759 1028 §

1025 1038 1078 1068 53.
1098 1036 1205 1067 tribus
1228 1034 1347 1074 (allii)
1372 1035 1590 1077 capitibus
1610 1035 1645 1066 in
1665 1037 1760 1065 accio

1024 1080 1128 1114 tritis.

1070 1125 1249 1164 infaustae
1273 1121 1551 1164 sacrificationis]
1583 1120 1630 1151 cf.
1656 1121 1676 1160 ἓ
1704 1120 1759 1150 31.

1070 1169 1209 1211 effigies
1255 1168 1399 1199 Maniae
1450 1163 1648 1209 suspensae]
1702 1163 1761 1195 Cf.

1025 1213 1157 1245 Festus
1197 1222 1254 1251 ap.
1294 1212 1397 1242 Paul.
1438 1211 1502 1242 lib.
1537 1210 1576 1241 Χ.
1615 1221 1647 1251 p.
1686 1210 1760 1240 121.

1024 1257 1153 1289 Muell.
1186 1257 1324 1288 Laneae
1347 1256 1529 1298 effigies
1558 1253 1760 1296 Compitali-

1024 1303 1085 1334 bus
1109 1306 1212 1333 noctu
1237 1301 1411 1332 dabantur
1432 1302 1466 1331 ἰη
1486 1299 1648 1340 compita,
1670 1297 1761 1340 quocl

1028 1347 1150 1385 Lares,
1194 1355 1336 1387 quorum
1370 1345 1398 1375 is
1427 1348 1502 1376 erat
1534 1344 1607 1375 dies
1634 1344 1761 1383 festus,

1024 1392 1163 1423 animae
1182 1390 1396 1432 putabantur
1418 1399 1488 1420 esse
1511 1388 1684 1419 hominum
1706 1397 1761 1418 re-

1025 1436 1148 1467 dactae
1175 1435 1210 1466 in
1235 1444 1413 1465 numerum
1436 1434 1595 1472 deornm,
1637 1435 1672 1463 et
1696 1430 1760 1463 lib.

1025 1479 1118 1510 xlv.
1145 1490 1177 1520 p.
1203 1481 1280 1510 239.
1310 1477 1408 1509 Pilae
1433 1482 1463 1509 et
1490 1476 1683 1519 effigies
1707 1475 1761 1506 υἰ-

1024 1525 1105 1555 riles
1129 1528 1160 1555 et
1184 1523 1362 1554 muliebres
1382 1532 1421 1553 es
1446 1522 1529 1553 lana
1558 1520 1762 1562 Compitali-

1024 1569 1086 1599 bus
1105 1567 1401 1609 suspendebantur
1424 1566 1459 1597 in
1483 1565 1650 1606 compitis,
1671 1564 1762 1606 quod

1024 1613 1112 1644 hunc
1135 1613 1224 1643 diem
1251 1613 1377 1650 festum
1409 1621 1479 1641 esse
1509 1610 1645 1641 deorum
1670 1610 1762 1649 infc-

1024 1667 1152 1693 rorum,
1175 1666 1258 1697 quos
1280 1659 1404 1686 vocant
1435 1655 1560 1693 Lares,
1583 1658 1760 1695 putarent,

1025 1701 1171 1742 quibus
1196 1704 1245 1731 tot
1266 1700 1380 1740 pilae,
1401 1703 1481 1740 quot
1506 1698 1622 1739 capita
1647 1708 1761 1730 servo-

1024 1756 1118 1782 rnm,
1150 1749 1199 1776 tot
1225 1744 1381 1786 effigies,
1415 1748 1494 1784 quot
1518 1747 1627 1774 essent
1650 1742 1761 1783 liberi,

1022 1789 1251 1831 ponebantur,
1277 1793 1314 1819 ut
1340 1788 1430 1819 vivis
1453 1790 1633 1829 parcerent
1657 1791 1688 1818 et
1708 1798 1760 1819 es-

1024 1838 1097 1865 sent
1123 1833 1175 1864 his
1203 1832 1286 1875 pilis
1315 1836 1347 1864 et
1375 1832 1570 1863 simulacris
1600 1832 1761 1864 contenti.

1025 1876 1195 1918 Scaliger
1223 1875 1379 1907 contulit
1409 1875 1569 1906 Martial.
1594 1874 1759 1916 Spectac-

1026 1932 1081 1963 ep.
1116 1923 1170 1953 22.
1213 1931 1245 1952 v.
1282 1923 1312 1951 6.
1357 1920 1470 1951 Iactat
1507 1924 1544 1951 ut
1579 1920 1759 1961 impositas

1024 1971 1148 1998 taurus
1175 1965 1207 1996 in
1234 1970 1330 1996 astra
1352 1964 1487 2006 pilas.
1518 1964 1617 1994 Adde
1630 1964 1759 1996 Ascon.

1025 2009 1060 2041 in
1085 2009 1292 2040 Cornelinn.
1322 2019 1353 2049 p.
1380 2010 1435 2039 62.
1455 2007 1516 2039 Or.
1559 2008 1759 2041 simulacra

1024 2054 1146 2096 effigie
1173 2054 1346 2085 hominum
1377 2063 1416 2084 cx
1440 2054 1545 2092 foeno
1562 2053 1648 2093 fieri
1672 2054 1760 2085 sole-

1024 2099 1122 2135 bant,
1149 2098 1270 2140 qnibus
1295 2097 1431 2128 obiectis
1456 2097 1501 2127 ml
1528 2098 1759 2139 spectaculum

1021 2143 1253 2185 praebendum
1286 2141 1380 2173 tauri
1404 2141 1638 2172 irritarentur.
1687 2141 1759 2173 Dc-

1024 2187 1132 2228 nique
1159 2187 1299 2218 Maniae
1323 2196 1453 2216 censeo
1477 2195 1558 2216 esse
1582 2185 1757 2227 dativum,

1023 2241 1105 2263 nam
1138 2231 1231 2262 haec
1263 2229 1483 2271 respondent
1510 2230 1759 2263 antecedenti-

1023 2277 1114 2315 bus,
1151 2280 1188 2307 ut
1226 2275 1325 2317 pueri
1355 2278 1589 2305 mactarentur
1615 2274 1760 2307 Maniae

1023 2321 1108 2352 deae
1136 2320 1239 2352 matri
1272 2319 1399 2350 Larum
1461 2317 1515 2349 Cf.
1548 2317 1644 2350 Fest.
1675 2320 1698 2350 l.
1728 2331 1757 2351 e.

1023 2368 1059 2397 et
1081 2364 1210 2406 Vir-gil.
1237 2363 1322 2394 Aen.
1345 2362 1403 2400 Vl,
1425 2365 1501 2393 860.
1525 2373 1622 2394 arma
1641 2365 1759 2404 patri

1023 2409 1259 2451 suspendet
1307 2412 1408 2448 capta
1460 2407 1667 2447 Quirino,
1721 2412 1758 2440 et

1024 2454 1151 2485 Horat.
1194 2453 1314 2485 Carm.
1352 2451 1386 2490 1,
1411 2453 1448 2489 5,
1482 2453 1533 2481 15.
1572 2446 1756 2493 Suspen-

1024 2499 1138 2530 disse
1183 2496 1355 2539 potenti
1400 2495 1607 2526 Vestimenta
1650 2496 1758 2528 maris

1024 2543 1118 2582 deo,
1157 2542 1192 2574 id
1224 2540 1317 2582 quod
1353 2549 1480 2570 moneo
1514 2542 1662 2579 propter
1694 2551 1756 2572 eos

1023 2587 1084 2628 qui
1110 2589 1255 2618 vertunt
1283 2584 1365 2621 ..die
1386 2583 1655 2625 aufgehiingten
1680 2584 1756 2616 Bil-

1024 2632 1084 2662 der
1109 2631 1168 2662 fler
1194 2629 1349 2661 Mania‘fl
1386 2627 1461 2657 vid.
1479 2626 1693 2659 Schwenrlr.
1722 2640 1755 2670 p.

1022 2677 1097 2706 249.
1150 2674 1266 2715 Pauly
1304 2671 1580 2712 Real-Encycl.
1626 2672 1682 2703 IV.
1723 2684 1755 2714 p.

1024 2721 1118 2750 1480.
1162 2717 1330 2749 Mueller.
1356 2715 1504 2746 Etrusk.
1535 2715 1579 2746 ll.
1617 2727 1648 2757 p.
1682 2719 1755 2749 101.

1021 2763 1095 2795 Nec
1129 2773 1185 2794 me
1218 2763 1364 2793 movent
1394 2769 1437 2791 ea
1469 2769 1560 2800 quae
1587 2771 1605 2790 e
1632 2764 1755 2793 vetere

1020 2807 1222 2848 interprete
1250 2804 1370 2836 Persii
1402 2803 1529 2835 attulit
1552 2803 1755 2838 Pantanus:

1025 2852 1183 2883 Manium
1207 2850 1289 2882 dicit
1314 2850 1499 2889 deformem
1523 2853 1554 2880 et
1583 2849 1755 2892 ignotum,

1023 2906 1060 2928 eo
1090 2896 1181 2938 quod
1214 2894 1385 2926 Maniae
1414 2893 1575 2925 dicuntur
1603 2895 1756 2927 indecori

1022 2940 1139 2973 vultus
1161 2949 1326 2983 personae
1354 2936 1473 2980 quibus
1494 2938 1595 2981 pueri
1625 2943 1754 2972 terren-
