1871 3126
199 26 278 69 184
820 25 1097 69 MACROBII

193 137 394 179 Mercurio
426 135 752 177 consecrandum.
811 136 864 177 Hi
895 137 1088 179 dracones
1119 143 1231 192 parte
1264 139 1392 180 media
1426 140 1638 181 voluminis
1672 141 1734 182 sui

197 195 363 235 invicem
396 192 502 232 nodo
535 204 654 245 quem
684 197 828 233 vocant
855 194 1040 234 Herculis
1070 194 1308 248 obligantur,
1339 197 1571 250 primaeque
1602 203 1734 251 partes

196 264 333 291 eorum
371 248 538 288 reflexae
572 247 611 288 in
650 247 841 289 circulum
878 249 1023 303 pressis
1058 250 1204 291 osculis
1243 251 1436 292 ambitum
1475 252 1611 293 circuli
1646 252 1734 293 iun-

196 311 310 359 gunt:
357 309 396 343 et
431 308 522 358 post
556 303 706 344 nodum
739 305 889 346 caudae
916 312 1153 346 revocantur
1180 306 1228 346 ad
1258 307 1442 361 capulum
1477 309 1638 349 caducei
1670 322 1733 350 or-

134 365 422 413 17nanturquc
455 359 525 400 alis
558 374 605 400 ex
642 360 779 401 eadem
812 361 940 415 capuli
973 367 1084 415 parte
1115 363 1377 403 nascentibus.
1442 366 1732 417 Argumentum

197 415 359 456 caducei
391 415 438 455 ad
470 416 690 469 genituram
722 430 885 471 quoque
915 417 1143 466 hominum,
1176 432 1279 472 quae
1310 415 1473 471 γένεσις
1503 421 1734 474 appellatur,

194 471 382 526 Aegyptii
428 472 692 525 protendunt,
740 473 836 513 deos
880 473 1087 527 praestites
1135 474 1285 514 homini
1328 474 1503 515 nascenti
1546 482 1737 529 quattuor

193 529 333 568 adesse
363 534 649 577 memorantes,
693 529 893 581 Δαίμονα
931 528 1073 583 Τύχην
1092 527 1264 585 ’'Eos-avoc
1290 528 1523 584 'Avotymyvs
1566 538 1605 573 et
1634 532 1736 573 duos

197 584 350 639 priores
380 585 502 624 solem
535 598 580 624 ae
610 584 742 624 lunam
772 585 944 639 intellegi
981 587 1137 635 volunt,
1182 586 1288 640 quod
1320 587 1378 627 sol
1407 593 1549 627 auctor
1575 587 1736 642 spiritus

196 640 337 681 caloris
376 654 419 680 ac
454 640 613 680 luminis
650 640 847 681 humanae
880 642 981 682 vitae
1019 643 1177 695 genitor
1205 648 1244 682 et
1280 648 1413 683 custos
1444 649 1523 692 est,
1569 649 1609 684 et
1645 644 1735 685 ideo

196 695 394 736 nascentis
425 696 611 749 δαίμων,
648 696 686 736 id
716 702 776 737 est
801 697 918 746 deus,
956 699 1148 739 creditur:
1188 698 1281 738 luna
1309 696 1433 752 τύχη,
1472 698 1564 753 quia
1593 714 1732 754 corpo-

196 766 285 792 rum
338 752 493 806 praesul
544 757 602 792 est
651 766 753 806 quae
804 753 1060 795 fortuitorum
1109 754 1297 795 varietate
1345 754 1562 796 iactantur:
1622 769 1732 797 amor

134 807 185 850 18
198 808 335 849 osculo
367 808 632 861 significatur:
667 810 879 850 necessitas
910 810 1029 851 nodo.
1091 810 1173 851 Cur
1204 824 1357 865 pennae
1387 811 1626 861 adiciantur,
1658 812 1731 852 iam

199 864 382 919 superius
428 864 655 905 absolutum
699 870 770 906 est.
850 866 913 906 Ad
959 865 1190 908 huiusmodi
1237 873 1471 921 argumenta
1515 867 1733 910 draconum

288 1008 392 1051 [Mss.
418 1009 581 1042 ABGPS.

195 1067 273 1096 tota
301 1064 357 1095 ΖΙ).
496 1067 547 1096 16.
589 1065 760 1097 draconis
785 1064 822 1097 S.
857 1085 898 1090 —
936 1066 975 1098 in
1000 1066 1133 1098 nodum
1160 1066 1263 1100 Sv-a.
1307 1085 1341 1091 —·
1381 1068 1495 1100 oculis
1518 1067 1659 1102 BGSvi.
1694 1086 1735 1092 -

193 1114 273 1150 post
299 1108 439 1140 modum
463 1109 592 1152 GSv-g
616 1110 664 1149 (Β
686 1115 763 1152 post
787 1111 936 1146 nodum.
961 1111 1023 1142 sed
1046 1123 1068 1142 n
1096 1122 1114 1142 e
1136 1113 1261 1152 θοι-1.).
1299 1130 1335 1135 -
1379 1113 1471 1145 aliis
1494 1113 1603 1147 Av-h.

200 1155 249 1184 17.
286 1154 424 1196 genesis
448 1154 536 1185 Mss.
565 1160 600 1186 et
624 1154 715 1186 Edd.
751 1173 785 1177 —
821 1166 898 1187 esse
920 1159 1020 1197 (sup.
1048 1155 1129 1187 add.
1154 1157 1219 1194 ad)
1250 1156 1292 1188 G.
1322 1174 1356 1180 —
1392 1158 1468 1190 duo
1493 1158 1597 1191 s-hP.
1628 1175 1669 1182 —
1696 1163 1735 1192 et

196 1197 315 1229 lunam
338 1198 379 1230 G.
402 1216 446 1222 —
471 1199 616 1231 daemon
641 1199 730 1232 Mss.
756 1203 792 1232 et
808 1199 898 1232 Edd.
925 1218 965 1224 —
992 1209 1108 1232 ΤΥΛΗ
1134 1200 1205 1233 ΒΡ.
1250 1211 1357 1234 fraiv
1381 1201 1420 1234 A.
1559 1205 1611 1235 18.
1642 1203 1737 1246 pin—

241 1329 428 1361 voluminis
462 1329 528 1372 sui]
559 1330 616 1363 Cf.
643 1342 673 1364 c.
698 1333 755 1363 20.
784 1333 805 1372 §
830 1335 860 1364 9.
896 1333 935 1364 In
1047 1333 1268 1375 revocantur]
1327 1332 1348 1364 i.
1402 1343 1430 1365 e.
1489 1333 1740 1366 reflectuntur.

199 1374 438 1405 draconum
471 1376 697 1408 volumina
723 1377 936 1415 desinebant,

198 1423 235 1448 et
259 1418 302 1456 V,
330 1421 388 1458 17,
422 1421 472 1449 12.
504 1425 657 1452 tortuosa
686 1422 936 1459 volumina,-

198 1462 299 1503 Virg.
323 1463 410 1494 Aen.
433 1463 479 1501 ll,
505 1467 582 1496 208.
608 1466 748 1498 sinuant
771 1467 937 1498 immensa

198 1508 418 1538 volumine
457 1514 571 1551 terga.
635 1509 716 1541 Hoc
755 1511 835 1542 loco
875 1522 937 1542 ex-

198 1557 341 1592 spectes
364 1553 544 1594 pluralem
565 1565 768 1592 numerum,
791 1561 828 1586 ut
848 1556 936 1587 ibid.

198 1596 238 1636 V„
264 1599 319 1627 85.
346 1602 487 1639 septena
512 1599 733 1631 volumina
758 1601 878 1638 traxit,
902 1605 937 1633 et

199 1640 263 1680 Xl,
284 1643 360 1673 753.
386 1653 523 1684 serpens
545 1644 685 1676 sinuosa
710 1645 936 1676 volumina

197 1691 325 1724 versat,
352 1690 388 1718 et
413 1686 518 1718 ovid.
546 1688 630 1720 Met.
652 1689 722 1728 XV,
745 1692 821 1720 721.
853 1690 935 1721 Per-

198 1741 263 1772 que
293 1731 390 1762 sinus
425 1732 557 1764 crebros
589 1738 620 1765 et
655 1745 788 1777 magna
820 1734 936 1766 volu-

197 1776 315 1806 mina
339 1776 467 1814 labeus,
491 1777 553 1808 sed
580 1778 762 1820 singulari
786 1789 936 1810 numero

198 1819 394 1851 collective
429 1832 537 1852 sensu
569 1822 685 1854 utitur
720 1823 814 1855 idem
848 1823 936 1855 Ovi-

198 1863 280 1895 dius
309 1865 391 1897 Met.
421 1865 478 1901 lV.
504 1869 581 1898 600.
609 1868 792 1910 iunctoque
816 1869 936 1899 volu-

197 1909 307 1940 mine
332 1916 471 1952 serpunt
505 1910 597 1943 Nos:
615 1914 695 1951 „die
714 1913 936 1956 lViuduug.“

244 1964 335 1995 nodo
362 1976 458 2006 quem
491 1972 614 1999 vorant
643 1968 814 2010 Herculis]
849 1968 937 1999 Cor-

199 2012 309 2039 nutus
340 2009 361 2039 l.
389 2020 420 2039 c.
452 2004 587 2050 ἅμματι
616 2008 789 2056 δυσλύτῳ.
829 2013 935 2044 Conl'.

199 2052 295 2084 l’lin.
323 2052 362 2084 N.
385 2053 430 2084 11.
459 2054 629 2095 xxxin,
654 2060 686 2086 6.
709 2067 737 2088 s,
764 2060 814 2088 17.
842 2059 856 2098 §
882 2060 935 2088 63.

207 2097 359 2128 Vulnera
400 2099 514 2130 nodo
557 2099 765 2132 Herculis
804 2102 935 2144 praeli—

198 2152 288 2184 gare
314 2142 437 2173 mirum
460 2148 625 2184 quantum
648 2145 739 2176 orior
763 2146 935 2177 medicina

200 2190 261 2217 cst.
304 2187 417 2227 Atque
445 2188 550 2219 etiam
583 2190 781 2230 quotidiani
807 2191 937 2221 cinctus

200 2230 268 2262 tali
296 2232 387 2262 nodo
418 2232 485 2262 vim
511 2234 686 2273 quandam
711 2234 836 2266 habere
867 2235 936 2266 uti-

201 2275 266 2306 lem
296 2275 478 2313 dicuntur,
517 2277 642 2319 quippe
672 2290 744 2309 cum
774 2279 937 2311 Hercules

201 2330 274 2351 cum
299 2321 509 2361 prodiderit,
546 2322 605 2353 ubi
630 2322 843 2354 narduinus
873 2323 936 2355 ad-

201 2364 357 2395 notavit:
397 2365 502 2405 „1100
529 2371 584 2397 est
610 2367 859 2406 ai·‹·tissinio“‚
885 2371 936 2399 et:

201 2409 310 2448 „Quo
334 2420 426 2440 nexu
451 2410 484 2441 id
514 2410 644 2449 fuerit,
672 2423 738 2443 non
767 2417 822 2444 est
846 2412 937 2444 satis

202 2454 479 2494 exploratiiiii‘*.
514 2460 548 2487 et
574 2456 683 2488 affert
709 2456 857 2488 Festum
883 2462 937 2498 (p.

201 2500 256 2528 (33.
291 2498 344 2529 ed.
375 2499 542 2539 Muell):
586 2502 770 2544 Cingulum
801 2505 936 2542 (novae

202 2543 356 2584 nuptae)
390 2544 668 2577 Herculaneo
703 2547 809 2578 nodo
841 2547 935 2577 vinc·

200 2592 271 2618 tum
298 2588 349 2618 vir
374 2589 476 2620 solvit
501 2590 623 2621 ominis
648 2593 790 2632 gratia,
824 2596 860 2622 ut
888 2591 937 2622 sic

201 2632 274 2672 ipse
297 2632 389 2671 felix
420 2634 463 2665 sit
488 2634 522 2665 in
552 2636 778 2677 suscipiendis
807 2636 935 2675 liberis,

201 2681 238 2707 ut
257 2677 332 2715 fuit
358 2676 532 2715 Hercules.
555 2680 613 2721 qui
637 2681 865 2723 septuaginta
891 2680 936 2712 li-

201 2720 296 2751 bcros
322 2722 471 2763 reliquit.
519 2723 618 2755 Adde
646 2724 727 2756 Seu,
757 2736 812 2767 ep.
838 2728 892 2757 87.
920 2724 935 2766 §

202 2766 256 2793 323.
299 2765 392 2797 Unus
417 2768 478 2799 tibi
506 2769 658 2805 nodus,
695 2770 754 2801 sed
781 2769 937 2801 Hercu-

203 2808 367 2848 laneus,
389 2817 506 2849 restat,
536 2818 571 2843 et
587 2814 761 2845 Athenae.
781 2813 843 2854 Xl,
860 2816 935 2854 101,

204 2862 237 2892 p.
262 2855 327 2902 5⁰1⁰
352 2863 383 2884 a.
418 2851 438 2885 ὁ
473 2854 657 2898 λεγόμενος
687 2854 938 2899 Ἡράκλειος

205 2894 341 2939 ὁεσμος,
362 2898 503 2933 Erasm.
526 2902 640 2944 Adag.
667 2902 694 2943 I,
718 2906 750 2942 9,
769 2904 825 2934 48.

1005 1376 1110 1409 Conl'.
1134 1377 1293 1409 Gronov.
1313 1377 1465 1409 observ.
1483 1378 1530 1419 ll,
1550 1381 1599 1410 19.
1613 1390 1646 1420 p.
1661 1382 1739 1411 290.

1049 1427 1285 1464 ornanturque
1324 1423 1391 1454 alis
1433 1446 1440 1454 .
1456 1446 1463 1454 .
1504 1423 1737 1465 nascentibus]

1005 1466 1105 1498 Ideni
1146 1467 1245 1498 valet
1287 1477 1348 1499 ac:
1400 1467 1586 1509 eademque
1623 1468 1741 1510 capuli

1002 1523 1087 1554 pars
1123 1517 1269 1543 ornatur
1306 1511 1385 1542 alis.
1449 1511 1549 1542 Haec
1589 1513 1739 1544 caducei

1003 1556 1121 1587 forma
1142 1555 1368 1597 conspicitur
1386 1557 1480 1597 apud
1498 1556 1536 1587 C.
1552 1555 1592 1588 O.
1612 1557 1739 1590 Muell-

1005 1605 1041 1632 εἰ
1065 1600 1222 1632 Oesterl.
1242 1600 1391 1631 Denlssn.
1422 1601 1452 1631 d.
1475 1611 1506 1632 a.
1525 1600 1568 1631 Κ.
1594 1600 1641 1632 ll.
1666 1602 1738 1634 tab.

1005 1645 1135 1681 XXIX.
1162 1647 1239 1683 314,
1263 1647 1342 1682 315,
1367 1647 1446 1684 316,
1473 1647 1551 1684 319,
1576 1647 1654 1678 323.

1054 1702 1104 1731 17.
1155 1700 1421 1743 Argumentum]
1470 1704 1525 1732 est
1564 1700 1598 1732 id
1645 1702 1738 1744 quod

1005 1744 1155 1777 additur
1210 1756 1279 1786 quo
1343 1744 1429 1787 quid
1493 1745 1739 1788 significetur,

1004 1790 1097 1828 „das
1124 1790 1315 1830 Attribut“,
1344 1794 1383 1821 ut
1409 1801 1438 1821 c.
1463 1791 1516 1821 21.
1546 1790 1561 1831 ζ)
1589 1793 1639 1821 15.
1670 1792 1740 1823 Eo-

1005 1835 1079 1866 dem
1105 1839 1361 1878 urgumento
1385 1835 1685 1877 significatur
1710 1841 1742 1869 et

1005 1884 1155 1921 tempus,
1200 1890 1228 1910 c.
1264 1881 1316 1910 23.
1351 1880 1371 1919 ἓ
1399 1882 1451 1910 16.
1493 1880 1573 1911 ritis
1609 1891 1740 1923 argu-

1004 1929 1141 1955 mento
1176 1946 1207 1954 ..
1244 1928 1377 1966 tempus
1411 1928 1621 1956 ostensum
1662 1929 1739 1965 est,

1005 1968 1052 1999 ih.
1088 1969 1108 2007 ἓ
1146 1969 1185 1998 18
1216 1978 1268 2008 sq.
1303 1969 1579 2010 argumentis
1618 1970 1740 2010 quibus

1005 2017 1174 2043 ornantur
1226 2013 1468 2054 significantes
1517 2013 1740 2055 multiplicem

1002 2057 1255 2099 praestantiam
1280 2057 1429 2098 duplicis
1454 2057 1615 2088 numinis.
1660 2058 1740 2100 Ipsa

1005 2106 1118 2132 autem
1157 2106 1419 2142 argumenta
1454 2101 1535 2132 solis
1569 2103 1741 2134 rationem

1006 2145 1175 2176 locuntur.
1218 2144 1272 2175 Cf.
1310 2156 1338 2176 c.
1365 2147 1419 2176 22.
1451 2144 1467 2185 §
1500 2148 1530 2176 5.
1575 2150 1610 2177 et
1645 2146 1739 2178 Plin.

1005 2188 1047 2221 N.
1077 2189 1120 2219 Η.
1153 2189 1317 2229 XXXVI,
1349 2192 1370 2221 5
1396 2201 1423 2221 s.
1451 2191 1484 2220 4.
1515 2190 1531 2231 ζ]
1564 2192 1619 2222 43.
1654 2190 1740 2223 Sill.

1002 2234 1164 2274 femineis
1186 2234 1473 2277 argumentis.

1047 2289 1271 2331 protendunt]
1300 2288 1395 2320 idem
1423 2292 1479 2320 est
1504 2298 1546 2320 ac
1571 2290 1739 2330 referunt.

1047 2344 1247 2386 praestites]
1297 2343 1387 2375 Cum
1436 2342 1600 2384 genitivo
1650 2355 1737 2376 casu

1006 2387 1132 2420 iuncta
1155 2389 1246 2420 llaec
1271 2399 1338 2421 vox
1363 2389 1502 2430 legitur
1525 2399 1554 2419 c.
1575 2391 1622 2419 13.
1647 2391 1666 2429 ἓ
1689 2391 1741 2421 17.

1005 2439 1041 2464 et
1070 2444 1099 2464 c.
1127 2435 1183 2464 23.
1218 2435 1238 2473 ς
1263 2436 1294 2465 6.
1328 2451 1359 2456 -
1401 2434 1451 2464 De
1482 2444 1522 2465 re
1552 2433 1634 2475 ipsa
1663 2433 1737 2466 vid.

1006 2478 1189 2520 Hartung.
1214 2478 1260 2509 ll.
1286 2489 1318 2519 p.
1343 2479 1410 2508 233
1433 2489 1486 2519 sq.

1049 2533 1133 2564 luna
1165 2530 1266 2574 τύχη]
1301 2532 1403 2563 Conf.
1427 2532 1545 2573 Kopp.
1572 2531 1616 2562 ad
1641 2531 1739 2563 Mar-

1005 2577 1091 2609 tian.
1125 2577 1159 2616 l,
1193 2578 1208 2618 ᾗ
1243 2580 1315 2608 ὅδε
1357 2576 1422 2615 „in
1462 2576 1620 2617 planetis
1656 2580 1742 2609 suut

1004 2622 1157 2653 sortium
1180 2621 1273 2657 loci;
1299 2620 1496 2652 Nemeseos
1518 2620 1552 2651 in
1569 2620 1741 2661 Saturno,

1008 2663 1127 2707 Τύχης
1149 2665 1183 2697 in
1211 2665 1310 2696 Luna
1329 2664 1477 2701 (Manil.
1502 2664 1644 2696 Astron.
1671 2665 1740 2707 111,

1003 2713 1076 2748 96.;
1103 2711 1296 2750 Palaeogr.
1322 2709 1402 2740 crit.
1428 2709 1500 2747 ΙΙΙ,
1526 2708 1700 2751 §282.).¹‘

1046 2754 1203 2796 praesul]
1242 2754 1298 2785 Cf.
1326 2764 1355 2785 c.
1386 2756 1436 2785 17.
1461 2753 1477 2794 §
1505 2755 1533 2784 1.
1567 2758 1603 2785 et
1629 2766 1657 2786 e.
1684 2755 1739 2788 24.

1050 2856 1104 2885 18.
1152 2853 1337 2885 draconum
1374 2852 1548 2895 volumen]
1589 2851 1692 2886 Conf.
1722 2852 1740 2895 §

1006 2900 1058 2931 16.
1078 2901 1161 2930 etc.
1190 2899 1243 2931 17.
1264 2896 1280 2938 ξ
1304 2899 1359 2929 58.
