1844 3168
359 63 832 108 SATURNALIORL’M
872 64 970 104 Llss.
1011 65 1062 105 ΙΙ.
1102 66 1219 107 CAI'.
1253 67 1322 108 lv.
1528 72 1604 112 241

182 175 301 218 Soleo
338 175 376 216 in
413 180 597 231 Augusto
643 177 766 227 magis
809 176 940 217 mirari
984 190 1085 230 quos
1133 178 1293 230 pertulit
1338 178 1447 219 iocos
1491 185 1679 235 quomlt)

70 234 153 288 ipse
185 246 286 286 quos
317 233 493 286 protulit,
524 233 614 286 quia
643 233 768 272 maior
799 238 859 272 est
887 232 1098 287 patientiae
1129 247 1247 285 quam
1280 235 1485 275 {arundine
1513 238 1610 288 laus,

68 288 237 329 maxime
276 302 365 327 eum
406 289 695 342 aequsmimiter
733 288 863 341 aliqua
904 288 1020 327 etium
1063 287 1160 327 ioris
1195 291 1441 331 morduriora
1475 300 1607 346 pertu-

68 345 167 385 lerit.
241 344 457 384 Cuiusdam
509 345 757 398 proxim-iniis
810 345 919 382 ios-us
972 357 1087 396 asper
1135 343 1318 384 innotuit.
1393 348 1677 399 iutraverotssss

66 401 235 440 Romam
265 400 489 442 simillimus
516 400 674 442 Caesari
702 406 740 438 et
772 399 809 438 iu
839 413 880 437 se
904 399 1082 438 onmium
1107 413 1174 438 ora
1205 407 1463 443 conuerterat.
1524 409 1607 445 Au-

55 454 205 508 gustus
236 456 395 510 perduci
428 457 474 495 ud
507 471 548 497 se
581 455 777 495 homiuem
809 452 939 501 iussit,
990 454 1197 507 risumque
1230 455 1305 495 hoe
1337 458 1454 497 modo
1488 459 1607 500 iuter-

70 512 243 563 roguxit:
292 513 369 553 Dic
397 513 512 561 milei,
558 512 792 558 adolescens,
833 512 914 570 suit
944 510 1157 565 aliquando
1186 520 1307 552 muter
1340 521 1405 554 tua
1437 515 1610 558 Itomae?

64 568 232 619 Negavit
261 567 343 615 ilio,
377 581 446 606 uec
479 571 691 605 contentus
716 566 879 605 adierit:
909 566 988 605 Sed
1009 575 1128 620 puter
1155 581 1260 609 meus
1289 583 1412 622 saepe.
1491 571 1669 611 'sem-21

64 624 228 677 poribus
256 622 564 663 triuunirulilms
596 621 744 670 Pollio,
786 635 875 661 eum
910 619 1178 662 Fescenninos
1208 623 1245 662 in
1278 637 1367 663 eum
1400 628 1608 678 Augustus

65 679 298 734 scripsisset,
326 678 399 717 ait:
440 680 488 717 At
516 694 581 732 09⁰
610 687 726 718 taceo.
785 678 873 718 Non
901 685 952 717 est
982 679 1081 718 euim
1105 680 1222 732 facile
1256 681 1295 720 iu
1327 695 1412 721 eum
1443 684 1608 724 scribere

64 737 293 791 qnesspotest„
311 735 566 788 proscribere.
637 733 800 775 Curtius
833 746 954 786 eques
982 733 1187 774 Romanus
1220 735 1369 775 deliciis
1409 736 1673 789 diffluens,22

28 792 31 794 ’
64 805 153 831 eum
179 803 355 830 macrum
382 789 542 829 turdum
569 789 804 843 sumpsisset
832 789 869 828 in
902 789 1082 829 comivio
1110 791 1311 839 Caesaris,
1338 792 1606 845 interrogavit,

62 861 114 887 cm
144 848 290 887 mittere
318 846 457 900 liceret.
513 846 788 900 Respouderat
821 845 1022 899 princeps:
1061 847 1216 894 Quidni
1244 848 1382 888 liceat?
1436 849 1505 889 llio
1536 864 1606 904 per

60 901 271 943 fenestram
304 901 434 942 statim
469 901 587 941 misit.
657 905 738 942 Aes
767 900 938 942 alienum
971 904 1180 953 Augustus
1209 903 1416 944 cuiusdam
1446 908 1670 949 senato-⁵23

59 1079 259 1122 peruicacia
276 1089 352 1121 v-g.
369 1096 408 1101 —
438 1089 488 1110 res
512 1090 627 1110 novas
653 1091 741 1111 cons.
760 1078 788 1110 B
809 1089 828 1110 a
849 1090 882 1120 p.
906 1089 938 1110 m
964 1091 972 1119 ;
997 1079 1112 1122 (ἓν-[ις.

718 1125 901 1155 admirari
928 1124 958 1155 G

61 1167 115 1199 Cf.
137 1167 188 1199 io.
212 1167 359 1199 Saresb.
386 1167 450 1205 111,
479 1170 531 1198 14.
557 1187 595 1191 -
622 1169 787 1200 hominem
815 1169 860 1199 art
886 1180 920 1200 se
944 1167 1081 1212 ASv-g.

805 1215 860 1244 22.
906 1213 1043 1245 Curtius
1069 1238 1075 1245 .
1091 1236 1098 1244 .
1113 1237 1120 1244 .

647 1259 804 1299 affluens
830 1258 909 1289 Sar.
944 1276 986 1280 —
1027 1258 1231 1300 Respondit
1259 1258 1294 1290 S.
1326 1277 1370 1283 —-
1404 1261 1519 1294 statim
1543 1273 1606 1304 per

161 1127 208 1155 19.
248 1124 401 1155 amirari
427 1123 519 1161 [dei.
549 1128 588 1161 α)
614 1124 652 1155 13.

60 1212 218 1254 scribere]
255 1212 309 1243 Ct'.
346 1212 393 1243 io.
417 1213 562 1243 San-osb.
590 1213 611 1243 Ι.
640 1224 668 1245 c.

61 1258 86 1289 l.
111 1269 140 1290 c.
173 1275 209 1281 ——
250 1257 413 1294 defluens
435 1257 524 1288 Mss.
552 1256 599 1288 vi.

65 1370 116 1400 11.
163 1366 264 1398 Idem
298 1369 353 1398 est
388 1377 430 1398 ac
460 1367 553 1407 quod
586 1378 650 1399 nos
687 1367 798 1409 vulgo

62 1411 218 1444 dicimus
248 1412 529 1450 „raisout1iren“.

107 1461 138 1489 et
170 1456 254 1487 civis
285 1461 316 1488 et
354 1457 407 1487 vir
440 1456 547 1487 bonus
581 1454 644 1496 cst]

59 1502 104 1532 de
128 1500 267 1532 Catone
289 1499 443 1541 Augusti
468 1499 643 1531 iudicium
676 1499 797 1540 expri-

59 1556 160 1577 mere
193 1544 311 1576 voluit
347 1544 512 1575 talerius
552 1554 694 1585 quoque
732 1544 796 1574 tib.

60 1590 108 1621 11.
140 1589 207 1620 sub
242 1588 348 1619 finem
384 1588 459 1629 [10‚
483 1589 550 1630 8.]:
595 1589 690 1629 Quae
720 1588 796 1630 qui—

61 1635 136 1665 dem
178 1632 335 1673 (virtus)
383 1633 512 1673 effecit,
560 1638 597 1664 nt
645 1633 798 1674 quisquis

60 1677 241 1721 egregium
276 1682 307 1708 et
337 1682 493 1707 som-tum
524 1677 637 1708 virum
674 1678 798 1707 civem-

61 1733 125 1765 que
150 1722 349 1763 siguificare
374 1721 467 1759 velit,
491 1721 551 1752 sub
576 1721 712 1752 nornine
730 1722 797 1752 Ca-

58 1766 149 1799 touis
181 1766 362 1806 dejiuiat.“
397 1765 508 1795 Pox‘r.
540 1783 577 1788 —
621 1764 795 1803 ,suctum

61 1811 188 1843 Octav.
226 1810 337 1849 (87.):
389 1810 469 1840 Cum
506 1809 712 1850 (Augustus
758 1808 794 1839 in

60 1853 231 1896 epistolis
260 1852 521 1894 autographis)
554 1853 713 1884 hortatur
737 1854 795 1892 se-

58 1900 168 1932 renda
201 1909 273 1929 esse
302 1898 499 1939 praesentia
533 1898 798 1939 qualiacumque

59 1945 147 1976 sint.-
192 1943 349 1973 Coutenti
372 1943 494 1982 simus,
531 1943 600 1981 ait,
638 1942 700 1973 hoc
730 1943 798 1973 Ca-

58 1989 173 2021 tone.“
200 1986 314 2018 zmrx.

101 2041 144 2063 ne
170 2031 246 2073 quis
272 2030 465 2069 adfectat-et
491 2040 543 2061 res
569 2028 709 2070 novare]
735 2028 797 2060 Sic

59 2077 224 2119 affectare
255 2085 334 2105 cum
364 2073 545 2105 infinitivo
572 2073 798 2104 construitur

59 2132 140 2152 eum
165 2129 185 2151 a
209 2119 325 2160 poetis
353 2122 427 2149 tum
459 2129 479 2149 a
504 2118 734 2159 Quintiliano
758 2117 795 2157 V,

61 2168 121 2205 10,
152 2166 228 2195 23.:
279 2163 370 2204 Quid
415 2165 599 2203 affectet
643 2162 796 2204 quisque,

59 2209 209 2251 locuples
234 2207 373 2238 videri
398 2218 443 2238 an
468 2207 583 2244 ‹Iives3
622 2212 656 2238 et
686 2206 735 2246 X,
767 2208 795 2247 l,

58 2257 131 2285 97.:
161 2252 227 2293 Qui
251 2262 322 2283 esse
347 2251 438 2282 docti
462 2252 696 2291 affectant.

106 2300 159 2328 19.
217 2294 480 2336 aequanimiter]
528 2294 549 2325 i.
597 2305 628 2325 e..
681 2302 795 2335 aequo

60 2340 200 2378 animo,
239 2339 332 2380 quod
365 2337 578 2369 adverbium
606 2343 797 2380 praeterea

60 2384 197 2416 dicitur
235 2383 310 2423 legi
347 2382 441 2423 apud
478 2382 615 2423 Sulpic.
649 2382 737 2413 dial.
767 2382 795 2422 l,

61 2433 115 2461 14.
143 2432 178 2459 et
203 2426 380 2458 Ammiun.
410 2425 503 2463 xm,
532 2429 582 2456 10.

104 2476 162 2505 20.
215 2472 284 2502 Sed
307 2475 408 2513 pater
434 2480 527 2500 meus
555 2467 669 2510 saepe]
694 2467 798 2510 quasi

61 2516 208 2560 spurius
233 2519 339 2546 natus
373 2518 469 2545 esset
495 2514 692 2555 Augustus.

104 2564 160 2593 21.
210 2559 431 2601 Temporibus
457 2555 746 2596 triumviralibus]
775 2555 797 2587 i.

63 2617 94 2638 e.
125 2603 379 2637 triumviratus
415 2607 590 2642 tempore.
639 2600 701 2632 Sic
734 2599 800 2631 Se—

62 2660 153 2681 neca
177 2649 220 2680 de
244 2649 323 2680 ben.
343 2647 389 2684 ΙΙ,
409 2649 532 2684 11‚1.:
563 2646 629 2677 Ille
655 2645 800 2677 trium-

63 2693 197 2726 viruli
220 2692 540 2734 proscriptione
565 2694 732 2722 servatus.

110 2736 234 2778 Pollio]
272 2735 311 2767 C.
347 2734 514 2774 Asinius,
550 2745 619 2765 non
653 2731 800 2770 Vedius,

66 2790 197 2812 saevus
222 2781 292 2811 iste
318 2780 432 2818 lurco,
448 2789 554 2820 quem
582 2776 801 2810 memoravit

66 2823 135 2855 Dio
166 2824 267 2856 Cass.
296 2823 392 2863 LIV,
429 2825 503 2861 23,
542 2826 582 2854 ut
613 2821 800 2863 opinatum

65 2878 148 2899 esse
175 2867 385 2901 Fabricium
421 2867 536 2900 refert
567 2866 801 2900 Weichertus

66 2911 92 2943 l.
116 2922 145 2942 c.
173 2922 207 2953 p.
231 2913 287 2943 95.

123 2965 173 3005 II.

689 1454 797 1494 „Hoc

1107 1024 1195 1056 Edd.
1233 1024 1512 1071 vicahgspdzb]

1160 1091 1213 1112 res
1230 1092 1321 1112 noua
1342 1084 1550 1117 recousuluit
1566 1085 1605 1117 A.

1109 1127 1163 1155 20.
1206 1126 1402 1159 lutraverat
1425 1151 1432 1158 .
1449 1151 1456 1159 .
1484 1129 1602 1171 saepe]

1220 1171 1274 1200 21.
1314 1171 1422 1203 Pollio
1447 1196 1453 1202 .
1470 1197 1476 1203 .
1493 1197 1499 1204 .
1523 1184 1605 1215 pro-

1148 1214 1253 1256 misit]
1288 1214 1343 1246 Cf.
1378 1215 1429 1247 lo.
1457 1216 1604 1249 Saresb.

913 1378 985 1398 cum
1015 1367 1246 1399 Fescenninus
1269 1368 1304 1400 in
1331 1379 1405 1400 cum
1424 1371 1606 1413 Augustus

866 1411 1070 1453 scripsisset]
1099 1411 1359 1444 'l'iiorbeokius
1388 1414 1431 1445 de
1458 1415 1497 1445 C.
1524 1415 1607 1447 Asi-

867 1455 917 1487 nii
936 1455 1116 1487 Poiiionis
1140 1456 1216 1488 vita
1244 1468 1276 1499 p.
1298 1460 1347 1488 18.
1375 1458 1445 1489 hoc
1468 1460 1605 1492 sactum

866 1510 948 1531 esse
978 1500 1109 1532 statuit
1141 1511 1174 1532 a.
1198 1512 1230 1532 u.
1259 1513 1288 1533 e.
1320 1502 1494 1543 Demsi„
1534 1515 1604 1545 quo

866 1546 1047 1576 exarserit
1066 1545 1304 1587 proscriptio:
1333 1547 1395 1578 sed
1415 1547 1606 1580 Weieher-

866 1593 924 1620 tus
943 1589 966 1619 Ι.
984 1600 1012 1620 c.
1030 1595 1157 1632 postea
1178 1591 1336 1629 denium,
1354 1602 1463 1632 quum
1482 1593 1605 1625 Pollio

867 1638 947 1664 aeto
981 1644 1012 1664 a.
1047 1634 1079 1664 d.
1112 1634 1193 1665 Rau.
1223 1634 1417 1666 Novembr-
1452 1647 1484 1668 a.
1512 1648 1544 1668 u.
1573 1648 1604 1669 c.

866 1676 1031 1708 DCCXV.
1063 1677 1250 1720 triumpho
1284 1679 1317 1709 in
1344 1680 1455 1711 vitam
1481 1681 1605 1722 priva-

867 1725 939 1752 tam
970 1726 1006 1752 et
1038 1721 1150 1752 otium
1184 1734 1223 1753 se
1250 1723 1467 1755 abdidisset.
1516 1725 1604 1756 Fes-

865 1765 1010 1796 cenniui
1052 1777 1179 1797 versus
1225 1767 1292 1797 iiia
1336 1773 1458 1799 aetate
1501 1774 1606 1801 erant

864 1809 999 1840 festiva
1062 1810 1239 1842 convicia.
1320 1810 1373 1843 Cf.
1436 1813 1603 1845 Mueller.

864 1853 1010 1884 Etr-usk.
1041 1853 1096 1892 ll,
1137 1866 1169 1895 p.
1205 1856 1270 1885 284
1294 1866 1347 1895 sq.
1387 1855 1471 1887 Sen.
1504 1858 1602 1890 Med.

868 1900 942 1930 113.
971 1898 1132 1929 Martini.
1167 1899 1241 1938 vll,
1267 1902 1298 1937 8,
1321 1903 1349 1930 7.

910 1958 964 1987 22.
1021 1957 1154 1989 deliciis
1190 1958 1367 2000 diffluens]
1409 1958 1471 1991 Sic
1509 1960 1602 1992 scri-

863 2001 1021 2032 bendum
1050 2012 1130 2032 esse
1157 2001 1282 2043 putavi
1310 2005 1367 2034 vel
1393 2003 1519 2036 invitis
1543 2016 1604 2037 co-

866 2045 1008 2076 dicibus
1036 2057 1120 2076 mss.
1177 2045 1229 2077 Cf.
1260 2046 1389 2078 Cicero
1420 2047 1520 2080 Laei.
1552 2052 1611 2082 15..

865 2091 885 2129 ἓ
912 2092 968 2120 52.
996 2090 1149 2121 homines
1178 2091 1354 2123 deliciis
1384 2093 1603 2133 diffluen-

866 2140 941 2173 tes,
968 2145 1047 2165 cum
1072 2135 1193 2166 adnot.
1218 2135 1267 2166 M.
1297 2135 1486 2178 Seyfferti.

910 2205 953 2224 an
979 2193 1112 2225 mittere
1139 2194 1266 2236 liceret]
1297 2198 1465 2236 tanquam
1493 2196 1603 2228 nimis

865 2248 1027 2268 macrum
1053 2237 1094 2268 ad
1127 2239 1316 2270 edendum.
1352 2239 1430 2271 Hoc
1455 2241 1603 2282 quidem

865 2288 1004 2313 eertum
1051 2286 1126 2322 est,
1182 2283 1244 2313 sed
1296 2284 1423 2324 quaeri
1469 2289 1604 2326 potest,

865 2331 985 2357 utrum
1025 2327 1157 2358 mittere
1198 2326 1234 2358 h.
1276 2327 1299 2358 l.
1338 2327 1434 2359 idem
1473 2329 1522 2361 sit
1561 2340 1602 2361 ac

864 2370 1029 2409 abiicere,
1069 2381 1113 2402 an
1144 2370 1246 2402 iocus
1270 2371 1306 2402 in
1338 2383 1379 2403 eo
1411 2373 1604 2414 consistat,

865 2418 904 2445 ut
930 2413 1078 2446 Curtius
1111 2414 1245 2446 dixerit
1270 2426 1308 2446 se
1333 2416 1431 2448 veile
1457 2418 1603 2449 turdum

867 2458 1072 2497 dimittere,
1126 2463 1165 2490 ut
1213 2458 1401 2491 dimittunt
1443 2471 1604 2503 aucupes

866 2512 952 2533 aves
975 2502 1083 2533 nimis
1108 2513 1261 2535 macras.
1298 2503 1351 2534 Cf.
1379 2504 1445 2544 ΙΙΙ,
1470 2507 1522 2544 16,
1551 2508 1603 2536 16.

866 2546 1004 2577 turdum
1027 2547 1215 2588 pinguem,
1242 2550 1277 2578 et
1301 2546 1451 2579 Terent.
1475 2548 1539 2580 Ad.
1563 2549 1603 2587 V,

866 2591 905 2629 2,
936 2592 986 2619 5.:
1028 2590 1154 2621 Mitte
1185 2602 1253 2631 me,
1298 2595 1335 2622 et
1365 2592 1461 2624 infra
1493 2592 1509 2633 §
1546 2595 1602 2626 26.

868 2644 1033 2674 avemque
1060 2634 1206 2666 dimisit.

916 2686 1167 2728 Responderat]
1196 2687 1604 2729 Plusquampert'ectum

869 2734 951 2772 post
991 2731 1191 2770 perfectum
1236 2732 1467 2774 interrogavit
1505 2734 1605 2774 posi-

868 2780 944 2806 tum
970 2773 1019 2805 ita
1044 2778 1182 2805 tantum
1209 2777 1376 2807 excusari
1401 2780 1539 2817 potest,
1566 2781 1606 2810 ut

868 2819 1013 2850 dicatur
1036 2822 1185 2860 propter
1205 2830 1359 2860 sequens
1387 2821 1605 2861 perfectum,

868 2863 961 2894 misit
989 2872 1072 2903 pro:
1109 2873 1213 2905 quum
1242 2864 1472 2906 respondisset
1505 2865 1606 2908 posi-

868 2911 945 2939 tum
971 2917 1065 2939 esse.
