1845 3131
230 16 311 57 730
852 20 905 60 IL

273 123 429 164 dicitur,
467 135 530 157 eos
568 135 633 166 pro
666 125 752 158 love
790 130 827 159 et
862 131 961 161 terra

273 168 388 200 coluit
414 172 450 200 et
480 168 641 201 instituit
673 175 711 202 ut
748 175 870 212 patres
906 173 960 205 fa-

272 212 457 244 miliarum
513 212 649 254 passim
709 225 788 246 eum
844 216 961 248 servis

273 260 509 288 vescerentur
561 257 611 288 ib.
659 260 715 288 22.
796 258 823 290 A
873 260 960 292 lano

271 300 433 341 hospitio
474 304 648 341 exceptus
685 301 721 333 S.
754 302 789 340 Ι,
830 306 868 343 7,
906 307 961 336 21.

271 343 359 374 Cum
406 343 528 375 subito
579 355 647 375 non
695 348 961 387 conparuisset,

269 387 492 429 excogitavit
529 387 562 419 ei
598 388 755 420 honores
788 396 827 422 ut
863 392 960 423 vitae

269 431 434 463 melioris
475 432 617 463 auctori
661 432 711 463 ib.
754 436 809 464 24.
871 436 960 467 Eius

268 479 431 517 tempora
466 476 613 507 suerunt
650 476 869 509 felicissima
911 479 959 511 ib.

267 522 323 550 26.
372 519 423 550 Eo
450 524 626 561 regnante
652 521 793 552 nullum
822 522 957 554 furtum

268 563 524 603 commissum,
569 563 662 595 nihil
711 570 788 596 erat
829 566 959 607 cuique

269 607 453 648 privatum
480 607 515 638 S.
543 607 574 646 1,
600 611 632 648 8,
660 610 691 639 3.
740 608 781 639 Εἰ
806 610 959 641 debetur

269 651 402 691 peritia
436 651 531 682 ruris
571 651 606 682 S.
641 653 674 689 1,
705 654 740 688 7.
766 655 818 682 21.
868 654 957 685 Eius

267 695 413 735 insigne
435 695 510 726 falx
536 694 581 725 ib.
605 696 660 725 24.
709 694 781 726 Cur
805 697 897 728 haec
921 698 955 729 in

266 738 433 770 Siciliam
466 737 649 769 decidisse
683 743 828 779 putetur
859 741 896 772 S.
928 742 956 780 1.

265 786 298 821 8,
322 784 373 813 12.
420 782 659 813 Surculorum
682 782 899 816 insertiones
922 790 958 817 et

266 836 453 867 pomorum
478 825 715 858 educationes
737 827 768 858 ci
791 829 956 860 tribuun-

267 875 325 901 tur
350 870 386 900 S.
413 870 442 909 1,
462 873 494 909 7,
516 872 571 901 25.
621 871 810 911 Quomodo
841 872 956 915 Cyre-

267 924 395 945 nenses
420 924 495 945 rem
517 913 677 945 divinam
701 915 733 946 ei
758 916 896 948 faciant
919 920 956 948 ut

265 958 387 989 mellis
414 961 450 989 et
481 958 629 999 frugum
657 961 836 1000 repertori
867 960 955 991 ibid.

266 1001 420 1033 Romani
452 1001 562 1032 etiam
590 1001 797 1034 Stercutum
828 1009 956 1036 vocant

265 1045 352 1077 ibid.
402 1046 590 1086 Quomodo
614 1045 648 1077 in
673 1047 753 1078 eius
779 1048 954 1079 honorem

262 1089 410 1131 signata
446 1089 520 1120 sint
558 1100 644 1121 aera
684 1090 732 1122 ib.
770 1094 825 1122 22.
884 1093 954 1124 Ara

263 1144 343 1164 eum
369 1133 486 1165 sacris
514 1132 546 1164 ei
572 1133 717 1166 condita
742 1140 799 1166 est
822 1146 842 1166 a
866 1136 953 1167 Iano

261 1177 311 1208 ib.
328 1179 382 1207 24.
430 1177 456 1208 A
474 1177 643 1218 Pelasgis
665 1189 730 1210 ara
755 1186 876 1210 erecta
899 1184 955 1211 est

259 1220 431 1259 Saturno,
456 1221 561 1252 cuius
586 1222 719 1253 festum
740 1223 953 1255 Saturnalia

259 1264 493 1296 nominarunt
517 1265 566 1296 ib.
592 1268 646 1297 30.
686 1266 741 1298 Cf.
768 1268 794 1306 1,
820 1270 874 1306 11,
898 1270 951 1299 48.

260 1308 410 1340 Saturni
445 1319 508 1340 ara
544 1314 626 1341 aute
661 1310 878 1343 Senaculum
915 1312 952 1343 S.

262 1353 298 1391 l,
331 1356 371 1391 8,
405 1355 438 1384 2.
497 1352 613 1385 Aedes
651 1356 792 1395 quando
834 1355 951 1396 prima

261 1396 360 1427 facta
395 1396 445 1427 sit
474 1396 613 1428 Romae
643 1398 800 1430 Saturno
836 1399 883 1430 ib.
922 1402 949 1432 1.

260 1440 394 1471 Aedem
438 1439 517 1471 eius
559 1441 714 1473 Romani
759 1442 952 1474 voluerunt

261 1495 342 1515 esse
367 1483 549 1515 aerarium
576 1484 622 1515 ib.
648 1488 678 1516 3.
729 1485 802 1516 Cur
826 1485 951 1517 Trito-

260 1539 324 1559 nes
361 1528 440 1558 eius
483 1528 646 1569 fastigiis
687 1528 835 1569 inpositi
878 1530 951 1561 sint

260 1572 308 1603 ib.
341 1573 373 1602 4.
422 1570 496 1602 Cur
525 1573 619 1612 apud
645 1572 847 1614 Aegyptios
878 1573 951 1604 siut

258 1615 338 1647 eius
378 1615 460 1646 fana
494 1621 595 1647 extra
631 1617 793 1657 pomeria
830 1617 950 1649 locata

259 1659 296 1691 S.
330 1660 367 1699 1,
391 1662 430 1698 7,
462 1661 513 1689 15.
572 1660 662 1691 Ante
697 1661 948 1692 Ptolemaeum

258 1714 341 1734 eum
372 1713 439 1733 non
467 1708 681 1744 receperunt
706 1705 876 1747 Aegyptii
902 1705 950 1736 ib.

261 1748 312 1777 14.
361 1746 519 1778 Maximo
561 1748 699 1779 honore
738 1749 833 1790 apud
877 1750 949 1780 Ro-

258 1801 384 1822 manos
414 1792 534 1823 cultus
569 1792 615 1823 ib.
651 1795 689 1824 14
714 1804 792 1833 sqq.
846 1793 949 1824 Yiro-

257 1846 336 1865 rum
362 1833 522 1866 victimis
546 1836 808 1875 sacrificatum,
825 1843 951 1878 postea.

259 1877 460 1910 luminibus
483 1880 531 1911 ib.
555 1883 610 1911 31.
658 1880 731 1912 Cur
753 1881 786 1912 ei
812 1892 870 1911 res
894 1880 949 1912 di-

258 1922 342 1953 vina
368 1921 433 1953 fiat
456 1928 583 1963 aperto
607 1924 727 1965 capite
752 1924 787 1956 S.
816 1925 843 1963 1,
869 1928 902 1961 8,
928 1928 950 1956 2

258 1970 294 1997 et
320 1969 440 2003 10‚·2·.>..
477 1968 677 1998 December
700 1979 842 1999 sacrum
868 1969 947 2000 eius

257 2010 421 2050 possedit
445 2010 481 2041 S.
509 2011 541 2049 Ι,
567 2015 607 2050 7,
632 2014 685 2043 23.
734 2012 822 2044 Eius
853 2012 947 2044 festo

255 2053 395 2085 bellum
419 2054 592 2086 inchoare
617 2067 683 2086 non
705 2055 846 2087 licitum
867 2056 903 2088 S.
918 2057 947 2096 Ι,

258 2100 311 2133 10.
331 2100 363 2135 13
387 2100 438 2135 16,
455 2101 506 2130 16.
533 2099 606 2130 Cur
622 2100 734 2131 oblati
758 2100 831 2131 sint
850 2100 946 2131 cerei

255 2140 335 2179 S.1,
354 2144 405 2177 11,
422 2144 465 2173 48
478 2154 530 2183 sq.
567 2143 715 2175 Saturni
735 2145 890 2185 sphaera
907 2144 944 2175 C.

258 2185 286 2223 l,
318 2187 367 2223 19,
386 2187 419 2214 3.
466 2203 511 2210 -
536 2192 590 2217 est
615 2197 708 2228 aqua
735 2188 774 2218 C.
794 2188 821 2223 l,
847 2190 943 2225 11,8.

255 2245 294 2250 —-
323 2228 638 2261 ratiocinationem
665 2235 701 2261 ct
731 2231 946 2272 intelligen-

256 2270 342 2302 tiam
376 2272 437 2303 dat
474 2272 512 2303 C.
546 2273 581 2311 Ι,
610 2276 668 2312 12,
697 2276 748 2305 14.
795 2274 944 2305 Saturni

255 2315 365 2346 stella
395 2314 433 2345 C.
463 2315 495 2355 1,
523 2318 581 2355 19,
609 2319 661 2348 16.
710 2335 751 2340 -
778 2318 944 2350 malefica

255 2362 311 2389 est
334 2358 382 2389 ib.
405 2362 450 2389 20
476 2363 511 2390 et
532 2363 587 2391 26.
635 2378 670 2383 -
704 2360 856 2402 triginta
882 2372 944 2393 an-

255 2401 311 2433 nis
346 2402 536 2434 zodiacum
568 2404 750 2445 percurrit
781 2405 828 2436 ib.
861 2408 880 2435 3
910 2409 945 2437 et

258 2447 298 2476 16
338 2456 436 2486 sqq.;
479 2449 546 2484 21,
584 2452 617 2479 7.
688 2448 727 2479 In
776 2448 942 2489 genitura

254 2490 380 2521 mundi
424 2491 459 2522 in
500 2490 721 2532 Capricorno
767 2493 946 2524 Saturnus

257 2534 403 2565 meabat
445 2534 493 2565 ib.
528 2537 583 2566 24.
657 2535 837 2577 Aquarius
879 2536 944 2569 Sa·

258 2581 363 2608 turno
387 2577 492 2609 datur
516 2578 565 2611 ib.
593 2581 646 2610 26.

211 2619 336 2663 Satyri
362 2621 396 2652 in
424 2622 605 2653 Parnasso
626 2626 745 2653 monte
770 2622 886 2655 auditi
909 2623 946 2654 S.

256 2665 285 2701 l,
311 2667 363 2703 18,
381 2667 414 2696 5.
460 2666 616 2697 Sathuni
641 2666 727 2697 dicti
755 2666 790 2698 S.
817 2667 845 2708 1,
863 2670 944 2708 8,9.

216 2709 364 2740 Samum
397 2718 459 2740 vas
483 2709 519 2740 G.
550 2710 579 2749 1,
602 2713 658 2750 20,
682 2712 736 2740 26.

212 2751 346 2784 Saxum
372 2756 553 2785 vetustum
579 2753 651 2792 111,
678 2755 710 2792 6,
736 2755 767 2784 6.

213 2794 365 2828 Scabies
390 2798 550 2829 curanda
573 2797 642 2837 111,
664 2799 698 2836 3,
723 2799 777 2829 11.

218 2839 338 2872 Scabri
361 2851 490 2874 versus
510 2841 570 2881 vl,
591 2843 625 2881 3,
647 2843 679 2872 9.

964 20 1140 65 1NDEX

1028 132 1204 164 Scaevoia
1250 134 1412 174 pontifex
1458 137 1495 168 S.
1538 138 1572 176 1,
1615 140 1672 176 16,
1714 141 1764 170 10.

1074 175 1161 207 Eius
1197 187 1409 218 responsum
1445 180 1529 221 quid
1565 181 1668 212 feriis
1701 183 1763 224 agi

1073 220 1205 251 liceret
1229 219 1275 251 ib.
1308 224 1359 252 11.
1406 223 1445 254 P.
1471 224 1650 256 Scaevola
1673 225 1762 257 Sex-

1075 268 1131 294 tus
1159 263 1221 302 111,
1250 266 1301 303 13,
1329 268 1380 296 11.

1028 306 1264 338 Scantianum
1292 310 1427 340 malum
1454 309 1520 348 111,
1545 313 1598 351 19,
1618 314 1651 343 2.

1028 350 1130 382 Scari
1158 352 1203 382 ab
1229 352 1371 392 Optano
1399 353 1434 384 iu
1466 353 1632 387 Italicum
1661 366 1761 387 mare

1073 395 1192 435 sparsi
1218 395 1283 431 111.
1313 399 1363 434 16,
1394 400 1442 428 lo.

1030 439 1219 481 scaturigo
1242 449 1416 480 aquarum
1455 440 1502 478 V,
1533 442 1589 481 19,
1618 445 1670 474 19.
1723 461 1754 466 -

1071 483 1279 514 morborum
1303 484 1378 524 vll,
1403 486 1436 523 4,
1465 485 1516 514 11.

1026 525 1269 557 Scaudianum
1297 528 1432 559 malum
1464 527 1527 566 111,
1553 530 1604 566 19,
1627 530 1659 558 2.

1029 570 1140 600 Scene
1164 569 1329 611 figmenti
1356 571 1396 602 C.
1423 572 1449 610 1,
1473 574 1506 609 2,
1529 573 1561 602 4.

1025 612 1177 654 Sceptro
1211 625 1290 646 cum
1321 616 1427 646 oculo
1461 613 1759 656 hieroglyphicis

1069 657 1205 689 litteris
1242 658 1474 700 significatur
1506 658 1626 690 Osiris
1663 657 1699 689 S.
1729 658 1760 697 l,

1068 703 1201 740 m‚m.

1023 744 1196 776 Scintilla
1226 746 1390 777 stellaris
1423 746 1605 778 essentiae
1637 744 1759 777 anima

1068 788 1107 818 C.
1135 788 1163 827 1,
1194 790 1242 824 14,
1273 791 1325 819 19.

1027 832 1207 873 Scipiades
1232 832 1289 869 Vl,
1319 834 1347 872 1,
1373 833 1428 863 46.

1022 875 1163 917 Scipio,
1205 875 1362 907 Africani
1398 879 1519 917 pater,
1560 874 1708 907 saucius
1736 885 1758 906 a

1068 930 1173 950 servo
1190 919 1225 951 in
1250 924 1370 952 castra
1397 920 1591 961 perductus
1608 918 1644 950 S.
1660 919 1688 958 1,
1706 921 1756 957 11,

1067 966 1120 994 26.

1022 1006 1147 1048 Scipio
1169 1006 1366 1038 Tullianus
1392 1006 1432 1037 C.
1459 1006 1492 1043 1,
1523 1008 1551 1046 1,
1574 1008 1607 1036 2.
1643 1004 1698 1036 Cf.
1719 1004 1756 1036 S.

1068 1052 1094 1087 1,
1124 1053 1151 1091 1,
1176 1052 1208 1082 4.
1258 1051 1346 1082 Eius
1372 1050 1550 1082 somnium
1575 1049 1684 1090 quale
1707 1048 1756 1079 sit

1067 1095 1106 1125 C.
1131 1096 1164 1134 1,
1189 1099 1229 1133 3,
1258 1097 1307 1127 12.
1356 1095 1544 1135 Quomodo
1567 1094 1646 1124 eius
1674 1103 1755 1133 per—

1067 1150 1177 1170 sonae
1211 1139 1403 1171 conveniat
1433 1137 1613 1169 somnium
1644 1146 1755 1178 gene-

1066 1184 1143 1214 rale
1174 1187 1238 1214 aut
1268 1182 1452 1224 publicum
1483 1182 1531 1213 ib.
1568 1183 1619 1212 14.
1668 1179 1754 1210 Eius

1065 1227 1183 1268 pietas
1212 1231 1247 1258 et
1274 1226 1465 1268 prudentia
1489 1225 1538 1257 ib.
1567 1228 1620 1257 12.
1669 1223 1756 1273 Eius

1065 1270 1219 1302 virtutes
1249 1270 1286 1301 C.
1313 1271 1340 1307 l,
1368 1273 1419 1308 10,
1443 1273 1464 1300 2
1489 1281 1562 1311 sqq.
1612 1268 1753 1300 Somnn

1066 1314 1291 1355 propositum
1328 1314 1367 1345 C.
1399 1314 1430 1352 1,
1455 1315 1492 1351 4,
1526 1317 1552 1344 1.
1599 1311 1752 1352 Quando

1063 1358 1181 1389 deleta
1206 1358 1432 1398 Carthagine
1454 1355 1690 1397 triumpharit
1713 1354 1752 1385 C.

1063 1401 1109 1437 11,
1140 1404 1190 1439 11,
1221 1404 1269 1432 16.
1318 1401 1502 1442 Scipionis
1527 1398 1690 1432 Africani
1717 1402 1754 1428 et

1062 1444 1272 1476 Numantini
1299 1445 1343 1475 de
1373 1445 1488 1475 seculi
1519 1443 1576 1475 sui
1607 1442 1753 1474 luxuria

1062 1489 1310 1520 testimonium
1339 1488 1403 1528 111,
1434 1491 1485 1525 16,
1509 1491 1542 1518 3.

1017 1530 1227 1573 Scipionum
1254 1543 1382 1563 nomen
1417 1532 1511 1563 unde
1541 1528 1684 1561 venerit
1714 1528 1751 1560 S.

1062 1575 1217 1614 haee

1022 1619 1117 1650 Scire
1155 1619 1316 1659 aliquem
1362 1616 1402 1649 C.
1443 1617 1477 1655 1,
1514 1619 1574 1656 16,
1609 1617 1640 1647 4.
1679 1617 1750 1646 not.

1066 1664 1156 1694 Scire
1179 1673 1218 1693 se
1244 1662 1453 1693 maluerunt
1477 1660 1516 1691 C.
1543 1661 1571 1697 1,
1594 1662 1628 1699 2,
1651 1661 1706 1690 20.

1021 1707 1138 1738 Scissa
1161 1706 1194 1738 iu
1222 1717 1409 1737 numerum
1433 1705 1471 1736 C.
1499 1705 1526 1743 1,
1552 1707 1584 1743 6,
1609 1706 1661 1734 18.

1021 1751 1204 1782 scissionis
1234 1750 1325 1781 ratio
1350 1749 1437 1781 ibid.

1020 1795 1117 1826 Scita
1141 1801 1244 1836 atque
1268 1794 1424 1824 consulta
1449 1791 1485 1823 S.
1508 1792 1536 1830 1,
1564 1792 1614 1828 16,
1637 1791 1692 1821 34.

1021 1839 1234 1870 Scitamenta
1258 1838 1334 1877 vll,
1361 1839 1413 1875 14,
1443 1838 1470 1866 1.

1017 1881 1185 1913 Scomma
1221 1881 1304 1919 Vll,
1336 1884 1374 1920 2,
1407 1882 1448 1918 23
1485 1881 1523 1917 3,
1556 1880 1568 1908 1
1597 1887 1686 1926 sqq..
1717 1875 1747 1926 ‘A

1060 1926 1191 1966 quibus
1240 1924 1451 1956 scommatis
1498 1922 1534 1953 in
1583 1929 1751 1952 conVlvm

1059 1970 1313 2001 abstinendum
1339 1969 1388 2000 sit
1410 1968 1458 2000 ib.
1482 1969 1513 1998 4.
1561 1965 1750 1996 Scomma-

1060 2017 1134 2045 tum
1158 2013 1283 2045 varius
1307 2024 1395 2044 usus
1420 2012 1469 2043 ib.
1486 2012 1526 2041 13
1541 2020 1616 2050 sqq.
1653 2007 1749 2038 Usus

1059 2058 1267 2088 moderatus
1300 2056 1574 2088 Lacedaemone
1616 2061 1637 2083 a
1675 2050 1749 2101 LX-

1058 2112 1170 2140 eurgo
1207 2100 1396 2132 institutus
1434 2100 1481 2131 ib.
1511 2100 1566 2128 22.
1614 2095 1749 2146 ΟἾοηᾱι-

1059 2145 1109 2175 tio
1129 2145 1283 2176 dicentis
1306 2154 1348 2175 ea
1370 2141 1599 2175 commendat
1622 2138 1698 2177 wll,
1714 2139 1746 2175 3,

1056 2190 1108 2218 20.

1016 2228 1172 2270 Σκοπὸς,
1198 2229 1424 2271 propositum
1450 2227 1488 2258 C.
1514 2227 1543 2266 Ι,
1566 2227 1655 2276 4,.1.

1011 2274 1185 2315 Scorpius
1216 2274 1322 2304 Marti
1358 2277 1393 2304 et
1423 2271 1551 2303 Veneri
1585 2270 1744 2300 (innatum

1056 2318 1201 2359 signum
1238 2317 1275 2348 C.
1313 2317 1347 2355 1,
1370 2319 1432 2353 21,
1461 2318 1524 2353 243
1562 2313 1599 2344 S.
1630 2312 1663 2348 1,
1689 2312 1744 2349 12,

1058 2364 1109 2392 11.
1158 2361 1346 2401 Quomodo
1380 2360 1492 2392 solem
1532 2357 1669 2388 referat
1708 2353 1745 2385 S.

1056 2406 1218 2441 1,21,20.
1255 2405 1341 2435 Eius
1365 2409 1490 2435 natura
1517 2401 1605 2433 ibid.
1637 2399 1744 2430 Scor-

1057 2449 1106 2490 pii
1134 2458 1215 2489 pars
1240 2453 1294 2479 est
1318 2447 1427 2479 Libra
1452 2446 1501 2478 ib.
1523 2447 1585 2483 253
1614 2443 1745 2481 12,11;

1057 2492 1310 2529 Gl,ffi,m.

1016 2538 1170 2567 Scortum
1198 2535 1446 2567 nobilissimum
1470 2532 1506 2563 S.
1531 2531 1640 2581 1,.10,
1671 2531 1722 2560 13.

1017 2580 1223 2621 scriptionis
1244 2576 1533 2619 (inscriptionis)
1555 2574 1683 2606 titulus
1706 2571 1744 2602 S.

1058 2623 1246 2661 Llhl&
1717 2657 1726 2665 ⁸

1013 2666 1180 2707 Scropha
1224 2665 1319 2697 unde
1372 2662 1651 2705 cognominatus
1697 2660 1745 2690 sit

1059 2709 1286 2742 Tremellius
1308 2708 1344 2740 S.
1373 2708 1399 2747 1,
1423 2710 1457 2746 6,
1480 2708 1534 2737 30.

1016 2754 1147 2785 Sculna
1177 2754 1242 2792 111,
1269 2756 1320 2790 17,
1348 2754 1398 2783 16.

1012 2796 1147 2829 Scurra
1176 2795 1378 2831 consularis
1407 2792 1536 2825 Cicero
1566 2791 1604 2824 S.
1633 2789 1687 2829 11,
1712 2790 1742 2829 1,
