1845 3126
196 51 250 91 48
827 47 1101 89 MACROBII

195 160 361 202 nimium
402 161 633 211 arroganter
668 161 747 198 tres
785 157 855 199 tibi
892 158 986 199 velis
1020 157 1224 199 Menelaos
1267 158 1500 212 contigisse,
1543 171 1633 199 eum
1679 157 1734 198 illi

133 219 307 260 lltanto
348 214 429 267 regi
472 226 577 253 unus
621 212 806 254 evenerit.
881 214 985 255 Tum
1030 227 1168 255 omnes
1211 214 1509 255 Praetextatum
1553 214 1735 255 iuvantes

196 286 310 314 orare
353 270 576 323 blandeque
620 269 668 310 ad
714 283 926 310 commune
967 270 1133 310 invitare
1175 270 1444 319 consortium,
1489 270 1734 324 Evangelum

198 328 357 382 quidem
389 326 546 380 saepius
579 331 618 366 et
648 326 838 374 maxime,
887 325 956 366 sed
987 339 1288 380 nonnumquam
1320 333 1359 367 et
1389 340 1478 367 cum
1511 340 1557 367 eo
1588 326 1736 380 pariter

134 386 406 437 lfliiigressos.
473 383 583 422 Inter
614 382 710 422 haec
736 382 961 435 Evangclus
995 382 1124 436 petitu
1156 383 1334 422 omnium
1368 388 1632 436 temperatus:
1679 382 1735 421 M.

198 438 410 486 Varronis,
453 438 600 492 inquit,
645 438 788 478 librum
827 438 938 478 vobis
977 438 1147 478 arbitror
1185 452 1266 478 non
1304 438 1484 492 ignotum
1517 452 1563 478 ex
1594 437 1737 478 saturis

196 494 418 549 Menippeis
454 494 523 548 qui
562 494 807 535 inscribitur:
846 495 976 536 Nescis
1003 494 1097 549 quid
1122 508 1258 549 vesper
1290 495 1422 542 vellat,
1457 494 1497 533 in
1534 507 1614 547 quo
1643 507 1737 533 con-

197 552 374 594 vivarum
404 563 616 591 numerum
644 550 717 591 hac
742 550 823 603 lege
850 550 1008 598 delinit,
1041 555 1087 590 ut
1116 563 1246 603 neque
1270 550 1400 590 minor
1432 563 1550 603 quam
1581 548 1738 590 Gratia-

198 622 285 649 rum
321 607 389 655 sit,
435 620 566 660 neque
595 620 715 660 quam
747 606 955 647 Musarum
992 606 1254 646 numerosior.
1313 606 1388 646 Hic
1422 606 1537 647 video
1571 610 1738 658 excepto

198 678 291 719 rege
320 662 489 704 convivii
521 667 582 702 tot
612 676 682 703 vos
720 676 806 702 esse
843 668 942 716 quot
971 663 1112 703 Musae
1147 667 1258 703 sunt:
1307 662 1401 715 quid
1436 676 1530 715 ergo
1564 660 1738 715 perfecto

137 722 369 763 lssnumero
406 718 595 772 quaeritis
633 718 892 759 adiciendos?
964 719 1019 759 Et
1057 718 1235 759 Vettius:
1277 718 1383 766 Hoc,
1431 718 1580 772 inquit,
1623 716 1739 757 nobis

202 775 423 831 praesentia
460 779 588 815 vestra
626 774 859 828 praestabit,
901 779 948 814 ut
989 779 1028 814 et
1059 775 1196 815 Musas
1235 774 1456 827 inpleamus
1499 779 1539 814 et
1570 772 1740 820 Gratias,

133 845 325 888 [meiquas
356 831 405 871 ad
436 831 579 871 festum
610 831 776 870 deorum
808 830 986 870 omnium
1018 830 1203 884 principis
1232 843 1405 883 aequum
1436 835 1496 870 est
1517 828 1739 870 convenire.

204 889 307 930 Cum
338 886 458 940 igitur
489 886 781 935 consedissent,
813 887 948 927 Horus
976 885 1174 927 Avienum
1208 885 1386 934 intuens,
1425 899 1544 939 quem
1575 884 1739 925 familia-

139 947 189 986 14
205 945 286 986 rius
317 944 568 998 frequentare
596 942 735 984 solitus
764 947 865 983 erat:
926 943 972 982 In
1001 941 1090 991 hoc,
1116 942 1258 996 inquit,
1287 942 1449 983 Saturni
1474 941 1596 991 cultu,
1621 954 1740 995 quem

292 1078 394 1120 [Mss.
423 1077 590 1110 ABGPS.

202 1133 454 1166 convivium
478 1133 545 1165 vel
566 1132 772 1166 consortium
798 1131 825 1163 A
852 1142 873 1164 a
897 1143 931 1174 p.
958 1143 1003 1164 m.
1142 1134 1195 1165 12.
1235 1133 1284 1165 Μ.
1316 1131 1480 1164 Varronis
1505 1156 1512 1164 .
1528 1156 1536 1163 .
1552 1156 1559 1163 .
1583 1140 1744 1163 numero-

202 1179 285 1220 sior]
310 1177 356 1209 cf.
387 1178 486 1209 Gen.
514 1176 555 1209 N.
582 1178 621 1209 A.
649 1177 750 1217 xm,
778 1179 829 1209 11.
857 1179 899 1217 ἓξ
931 1179 945 1208 1
976 1180 1011 1208 et
1033 1179 1065 1207 2.
1100 1180 1136 1209 et
1161 1177 1212 1209 Io.
1236 1177 1384 1209 Saresb.
1411 1176 1506 1217 vul,
1533 1179 1585 1208 10.
1611 1192 1654 1199 -—
1683 1185 1745 1206 sa-

203 1224 291 1256 turis
324 1221 384 1254 AB
412 1221 490 1262 (GS
519 1232 592 1263 ap.
619 1222 684 1262 m.)
710 1225 764 1254 vl.
813 1222 955 1263 satyris
987 1221 1064 1260 (GS
1091 1231 1111 1253 a
1134 1233 1205 1253 sec.
1231 1225 1298 1259 m.)
1324 1221 1454 1253 v3-bP.
1494 1239 1537 1245 —
1578 1219 1746 1261 nempeis

204 1267 241 1300 S.
270 1286 315 1291 -
336 1277 456 1309 vesper
482 1277 606 1298 serus
634 1266 732 1309 cligb
761 1266 856 1297 Gell.
885 1266 906 1297 l.
934 1277 963 1298 e.
988 1284 1030 1289 —
1059 1266 1218 1307 diffinit
1245 1266 1281 1297 S.
1304 1284 1348 1290 —-
1372 1276 1602 1307 nequaquam
1625 1274 1745 1296 musa—

203 1323 279 1344 rum
306 1311 347 1342 P.
379 1329 418 1333 —-
459 1321 529 1342 esse
553 1322 623 1342 om.
648 1313 687 1342 A.
720 1328 763 1333 —
795 1315 873 1342 sunt
899 1321 1017 1342 musae
1038 1321 1116 1352 v—g.
1144 1329 1185 1333 ——-
1219 1310 1422 1342 adiiciendo
1449 1311 1551 1351 p2dz.
1692 1310 1744 1338 13.

211 1356 345 1388 I'ettius
377 1354 573 1386 s-bAssPS.
622 1355 755 1387 vetius
793 1358 918 1393 (eraso
956 1358 989 1392 c)
1024 1355 1066 1386 G.
1122 1355 1270 1386 sectius
1308 1365 1374 1396 v—g
1413 1359 1448 1385 et
1484 1354 1544 1386 hic
1579 1355 1614 1386 et
1648 1351 1747 1384 infra

205 1402 244 1441 (ἓ
274 1403 357 1437 17.).
385 1417 427 1422 -
459 1400 660 1442 praesentia
683 1404 798 1431 vestra
823 1400 919 1431 nobis
949 1410 1028 1441 v-g.
1058 1417 1101 1423 —
1136 1400 1257 1431 solitus
1276 1401 1410 1439 fuerat
1435 1398 1478 1430 G.
1616 1399 1667 1429 14.
1708 1397 1747 1428 ln

204 1446 267 1477 hoc
292 1443 622 1487 ABGSv-gl'2567.
672 1444 712 1476 In
737 1444 840 1477 huius
867 1443 971 1476 s-bP.
997 1462 1033 1467 —
1064 1445 1202 1477 deorum
1229 1444 1319 1484 (om.
1341 1443 1549 1486 principem)
1574 1442 1615 1474 A.
1664 1442 1746 1473 deo-

205 1567 334 1609 Steph.
362 1562 522 1607 ΓΌμηρος
544 1564 607 1607 μὲν
631 1562 699 1607 γὰρ
724 1589 731 1597 .
746 1588 755 1597 .
770 1588 777 1597 .
809 1564 945 1618 θνσίαν

1013 1570 1044 1597 et
1070 1565 1253 1597 consistere
1277 1565 1311 1597 in
1333 1576 1465 1606 novem,
1489 1568 1539 1604 ut,
1560 1574 1634 1595 cum
1656 1573 1749 1605 pau-

205 1609 425 1652 ποιουμένου
453 1609 514 1642 καὶ
546 1609 734 1647 ἐστιῶντος
762 1609 827 1641 τοῦ
857 1611 944 1651 Αγα-

1013 1610 1141 1641 cissimi
1169 1610 1332 1641 convivae
1361 1614 1450 1649 sunt,
1474 1620 1542 1640 non
1565 1608 1749 1650 pauciores

204 1653 378 1697 μέμνονος
409 1650 563 1694 ἄκλητον
594 1650 758 1694 ἐποίησεν
790 1650 945 1685 ἐλθόντα

205 1697 270 1731 τὸν
294 1694 482 1730 ,Μενέλεων
507 1695 563 1729 ἐπὶ
588 1694 654 1739 τὴν
676 1696 808 1738 θοίνην
840 1696 945 1739 χείρω

208 1740 296 1775 ὄντα
317 1739 373 1774 ἐπὶ
396 1738 461 1783 τὴν
486 1741 550 1772 τοῦ
572 1737 770 1782 ἀμείνονος.

256 1790 307 1819 ll.
356 1786 403 1817 ad
441 1796 616 1818 commune
649 1808 685 1817 ..
725 1783 944 1827 consortium]

206 1832 272 1864 Est
295 1841 383 1863 sane
406 1830 654 1872 pleonasmus,
676 1832 716 1860 ut
738 1829 946 1861 mirandum

206 1888 275 1908 non
299 1875 360 1915 sit,
385 1874 420 1906 in
444 1875 522 1906 cod.
545 1876 570 1906 A
596 1874 759 1906 seribere
783 1872 947 1905 voluisse

207 1920 370 1961 aliquem
407 1919 611 1950 convivium.
670 1919 726 1950 Cf.
763 1922 883 1949 tamen
917 1929 947 1949 c.

206 1968 240 1997 6.
267 1966 286 2004 θ’
310 1966 342 1995 2.
372 1964 418 1994 ad
442 1968 627 1995 conventus
658 1963 768 1995 nostri
799 1963 946 1995 societa—

210 2014 289 2041 tem.

254 2054 307 2083 12.
354 2050 576 2092 temperatus]
605 2049 627 2081 i.
658 2060 689 2081 e.
717 2050 822 2091 quasi
848 2050 948 2082 miti-

208 2102 340 2140 gatus,
375 2095 520 2126 abiecta
546 2094 613 2126 illa
638 2095 870 2127 amarulenta
892 2095 948 2127 di-

209 2141 380 2179 cacitate⁷
403 2139 451 2170 cf.
472 2140 491 2178 ἓ
512 2141 544 2170 2.

254 2196 293 2217 ex
322 2184 450 2216 saturis
478 2182 685 2225 Menippeis]
718 2183 947 2224 „Pleraeque

209 2228 385 2261 Varronis
427 2231 575 2269 satyrae
620 2227 769 2259 fuerunt
805 2228 948 2268 Menip-

209 2284 317 2315 peae,
353 2273 390 2303 h.
418 2283 447 2303 e.
479 2281 588 2312 prosa
615 2271 779 2313 Menippi
805 2271 947 2314 Cynici,

210 2329 317 2359 quem
342 2316 437 2348 infra
462 2327 492 2347 c.
515 2318 567 2346 11.
588 2314 616 2357 [§
638 2316 710 2357 42]
736 2316 948 2348 Macrobius

211 2361 473 2404 philosophum
491 2364 528 2391 et
546 2371 691 2392 servum
709 2360 826 2392 fuisse
847 2360 947 2399 (licit,

210 2406 398 2448 exemplo,
448 2404 623 2437 carminis
665 2404 768 2436 vario
812 2416 948 2447 genere

210 2451 384 2482 distincta
424 2453 533 2490 atque
576 2449 738 2490 expolita
787 2449 948 2491 scriptae

211 2499 327 2527 erant.
377 2492 454 2524 vid.
487 2494 570 2524 Ern.
603 2494 646 2525 ad
679 2493 824 2526 Fabi-ic.
857 2495 946 2526 bibl.

211 2539 289 2572 Lat.
322 2550 354 2580 p.
390 2540 492 2569 129.“
525 2538 638 2569 Zmin.
673 2557 715 2562 —
748 2538 850 2570 Nunc
874 2539 947 2571 vid.

210 2583 249 2615 F.
270 2583 422 2615 Oehler.
450 2582 498 2614 M.
524 2581 696 2614 Varronis
726 2586 842 2615 satur.
870 2583 948 2615 Me—

212 2628 312 2669 nipp.
339 2627 446 2668 reliq.
474 2638 506 2668 p.
532 2629 572 2657 21
602 2638 679 2668 sqq.

258 2673 376 2704 Nescis
407 2671 490 2713 quid
521 2682 640 2713 vesper
671 2671 785 2713 vehat]
827 2671 870 2702 cf.
900 2671 946 2711 11,

211 2719 245 2754 8,
268 2719 302 2746 2.
344 2716 422 2747 Vid.
447 2715 487 2747 F.
515 2715 666 2747 Oehler.
690 2716 713 2747 l.
742 2727 772 2747 c.
801 2727 833 2757 p.
858 2719 946 2756 170„

213 2759 273 2790 nbi
299 2759 505 2791 afferuntur
532 2760 631 2801 Yirg.
653 2760 788 2803 Georg.
815 2761 844 2801 1,
868 2762 946 2793 461.

213 2811 248 2835 et
275 2803 350 2835 Liv.
377 2803 480 2842 XLV,
507 2806 539 2842 8,
569 2808 600 2836 6.

256 2852 294 2880 ut
334 2858 441 2888 neque
486 2849 596 2880 minor
639 2873 647 2880 .
664 2873 671 2880 .
718 2848 945 2889 numerosior]

211 2891 315 2923 Haec
341 2891 487 2923 Gellius
523 2892 629 2932 xm,
657 2895 716 2928 ll,
741 2895 774 2923 2.
806 2892 860 2924 sic
893 2892 949 2923 in-

212 2938 451 2978 terpretatur:
478 2936 514 2968 id
535 2942 584 2969 cst
603 2937 774 2980 proficisci
799 2949 820 2969 a
839 2937 948 2970 tribus

1013 1654 1083 1685 sint
1119 1665 1223 1695 quam
1256 1659 1343 1692 tres,
1378 1665 1452 1685 cum
1484 1652 1646 1695 plurimi,
1680 1663 1749 1683 non

1012 1698 1129 1739 plures
1160 1709 1263 1740 quarn
1296 1709 1426 1729 novem.
1476 1698 1530 1728 Cf.
1561 1697 1650 1728 Hor.
1682 1695 1749 1728 Od.

1015 1741 1087 1781 111,
1122 1744 1181 1781 19,
1216 1744 1267 1773 ll.
1316 1743 1466 1774 Tribus
1507 1746 1569 1774 aut
1603 1750 1750 1772 novem

1018 1786 1206 1818 Miscentur
1237 1787 1368 1828 cyathis
1396 1787 1523 1829 pocula
1551 1785 1748 1817 commodis.

1019 1831 1086 1871 Qui
1122 1831 1271 1863 Musas
1307 1836 1402 1863 amat
1440 1832 1589 1873 impares
1623 1830 1751 1861 'I'ernos

1014 1880 1066 1907 ter
1111 1875 1251 1916 cyathos
1291 1876 1459 1907 attonitus
1501 1875 1587 1917 petit
1630 1875 1751 1905 Vates:

1015 1924 1082 1951 tres
1105 1919 1261 1961 prohibet
1285 1931 1391 1961 supra
1407 1920 1576 1951 Rixarnm
1599 1923 1752 1951 metuens

1016 1968 1162 2006 tangere
1181 1964 1348 1996 Gratia.

1059 2012 1197 2049 emcepto
1236 2018 1320 2051 rege
1360 2007 1522 2048 convivii]
1560 2006 1640 2039 Vid.
1673 2009 1749 2037 not.

1015 2051 1060 2083 ad
1087 2051 1115 2089 Ι,
1139 2054 1172 2089 5,
1199 2054 1250 2083 13.
1297 2051 1368 2083 Sed
1395 2051 1465 2083 nisi
1490 2052 1582 2083 haec
1604 2051 1649 2083 ab
1675 2050 1750 2083 alio

1015 2095 1171 2137 quodam
1202 2095 1339 2127 inserta
1369 2100 1471 2137 sunt,
1512 2095 1573 2137 qui
1605 2098 1751 2137 putaret

1016 2144 1162 2181 praeter
1207 2140 1367 2171 Vettium
1415 2150 1544 2171 novem
1585 2138 1751 2171 adfuisse

1016 2184 1209 2224 convivas,
1243 2183 1456 2216 Macrobius
1487 2183 1567 2225 ipse
1600 2182 1751 2222 erravit,

1016 2232 1099 2260 sunt
1127 2228 1222 2260 enim
1250 2239 1378 2260 novem
1407 2240 1488 2260 cum
1513 2228 1650 2265 Vettio,
1680 2238 1749 2260 non

1016 2273 1095 2305 sine
1122 2284 1176 2305 eo-
1226 2272 1304 2304 Vid.
1332 2273 1501 2314 prolegg.
1529 2284 1562 2314 p.
1587 2283 1677 2304 xxu.

1063 2319 1114 2348 13.
1162 2322 1200 2349 ut
1225 2322 1256 2349 et
1286 2318 1406 2349 Musas
1429 2316 1636 2359 impleamus]
1669 2316 1693 2348 i.
1719 2327 1750 2349 e.

1016 2372 1141 2394 earum
1168 2372 1371 2393 numerum.

1060 2407 1199 2438 deorum
1224 2406 1372 2438 omnium
1389 2404 1570 2448 principis]
1589 2401 1751 2436 Saturni.

1060 2450 1157 2537 qu§cm
1175 2494 1397 2535 familiarius
1415 2494 1643 2534 frequentare
1666 2490 1751 2522 soli-

1015 2544 1071 2572 tus
1102 2539 1189 2581 erat]
1222 2538 1245 2570 i.
1277 2550 1307 2569 e.
1339 2547 1493 2579 quocum
1527 2534 1752 2567 familiarius

1015 2583 1174 2616 vivebat.
1229 2583 1331 2614 Alias
1361 2581 1496 2614 dicitur
1531 2580 1589 2611 vel
1624 2579 1752 2611 schola

1014 2628 1074 2659 vel
1110 2628 1238 2659 domus
1271 2623 1516 2667 frequentari,
1557 2627 1620 2655 aut
1653 2627 1752 2654 certe

1015 2672 1125 2703 homo
1167 2682 1236 2702 non
1281 2671 1352 2702 nisi
1396 2671 1441 2702 ab
1483 2667 1569 2700 aliis
1608 2667 1749 2699 multis.

1016 2716 1071 2747 Cf.
1095 2715 1173 2747 Cic.
1199 2714 1269 2747 Off.
1296 2715 1325 2755 Ι7
1347 2716 1402 2753 39,
1431 2715 1503 2745 139.
1529 2714 1559 2744 si
1584 2712 1751 2752 (domus)

1016 2760 1208 2801 aliquando
1252 2760 1323 2791 alio
1369 2758 1506 2789 (lomino
1554 2757 1657 2789 solita
1703 2761 1753 2789 est

1009 2805 1316 2846 frequentari,
1343 2801 1431 2834 Tac.
1454 2801 1542 2832 Ann.
1571 2800 1670 2839 XIII,
1697 2803 1751 2832 18.

1020 2848 1072 2880 Ne
1097 2853 1222 2880 coetu
1247 2847 1478 2879 salutantium
1497 2847 1751 2887 frequenta-

1014 2897 1135 2924 retur
1164 2892 1428 2934 Agrippina.
1460 2909 1501 2913 —
1532 2890 1754 2930 plusquam-

1016 2936 1219 2980 perfectum
1249 2936 1396 2979 ponitur
1428 2945 1492 2980 pro
1524 2934 1752 2976 imperfecto.
