1845 3131
185 18 267 58 520
803 14 1079 56 MACROBII

387 126 554 167 Lumine
583 126 638 165 sic
668 125 829 165 tremulo
859 132 977 173 terra,
1005 132 1038 165 et
1067 138 1163 165 cava
1192 127 1350 168 caerula
1379 127 1554 175 candent,

187 200 224 234 et
254 193 464 234 Lucretius
494 190 533 230 in
558 194 690 231 sexto:

121 261 208 302 [176]
389 248 597 287 Praeterea
627 245 718 286 solis
745 244 872 286 radiis
896 245 1066 286 iactatur
1097 247 1218 300 aquai

390 303 555 352 Il‘umor‚
587 309 620 343 et
644 302 688 342 in
714 301 837 342 lucem
863 302 1025 342 tremulo
1053 302 1215 342 rarescit
1244 301 1292 342 ab
1318 310 1433 344 aestu.

149 384 174 422 8
560 405 614 411 —
639 381 716 423 Hic
745 381 915 422 canclisla
942 381 1113 436 populus
1142 389 1255 423 antro

387 438 564 478 Imminet
594 444 627 478 et
655 438 777 478 lentae
803 445 937 478 teoeunt
966 438 1193 479 umbracula
1220 438 1324 478 vites.

188 503 292 543 Sunt
324 504 391 556 qui
425 504 635 545 aestiment
674 503 750 544 hoe
781 505 944 545 verbum
979 504 1209 545 umbracula
1237 503 1402 556 Virgilio
1441 509 1605 545 auctore
1632 519 1720 545 con-

188 559 375 612 positum,
407 573 497 600 eum
524 560 650 600 Varro
676 561 827 600 Rerum
860 560 1082 600 divinarum
1115 560 1215 600 libro
1247 559 1404 600 decimo
1433 560 1591 601 dixerit:
1620 561 1721 603 Non-

186 615 305 655 nullis
339 616 629 669 nuzqistratibus
670 617 713 656 in
750 616 894 671 oppido
932 616 974 656 icl
1005 631 1127 670 qenus
1152 615 1375 656 umbraculi
1402 631 1638 665 concessum,
1682 621 1721 656 et

187 670 329 711 Cicero
366 671 403 710 in
434 671 574 725 quinto
603 670 652 711 de
679 672 854 724 legibus:
910 672 1020 712 Visne
1047 673 1171 726 iqitur
1202 672 1406 726 (quoniam
1438 672 1497 712 sol
1515 672 1722 727 paululum

188 741 211 766 a
238 727 399 767 meridie
429 728 509 767 iam
538 727 706 767 devemus
736 727 909 775 videtur,
943 728 1160 782 nequedum
1192 728 1285 768 satis
1315 728 1362 768 ab
1391 728 1451 768 liis
1480 729 1638 769 novellis
1658 741 1724 768 ar-

189 783 344 823 boribus
371 784 496 823 onmis
523 783 586 823 liic
615 783 720 823 locus
743 783 953 837 opacatur)
980 783 1235 823 descendatur
1258 783 1310 824 ad
1324 784 1464 831 Lirim,
1492 799 1610 838 eaque
1628 798 1725 839 quae

189 846 335 878 restant
382 840 425 878 in
467 838 545 878 illis
581 839 764 879 alnorum
810 839 1046 879 umbraculis
1086 840 1399 893 persequamur?
1459 838 1645 880 Similiter
1684 840 1724 880 in

191 894 336 934 Bruto:
365 894 444 935 Sed
470 901 514 934 ut
544 900 577 934 et
607 894 862 949 Theophrasti
885 893 1099 934 doctissimi
1123 894 1292 934 hominis
1315 894 1561 936 umbraculis.

152 973 178 1013 9
397 974 679 1015 Transmittunt
700 987 819 1014 cursu
845 987 1022 1028 campos,
1051 981 1163 1029 atque
1191 974 1349 1028 aqmina
1376 976 1482 1015 cervi

389 1029 666 1071 Pulverulenta
689 1031 787 1084 fuya
810 1030 1038 1083 qlom-erant.

191 1094 311 1143 Quod
346 1095 401 1136 ait
430 1095 610 1149 speciose
641 1097 908 1137 transmittunt
934 1109 1006 1150 pro
1035 1102 1260 1144 transeunt,
1301 1094 1356 1135 sie
1388 1101 1427 1136 et
1452 1096 1657 1138 Lucretius
1686 1096 1725 1136 in

190 1150 387 1191 secundo:

391 1207 440 1247 Et
464 1208 775 1248 circumvolitant
802 1208 955 1262 equites,
984 1206 1205 1260 mediosque
1232 1213 1387 1261 repente

394 1263 430 1302 T
426 1264 676 1304 ransmittunt
698 1263 828 1304 valido
859 1263 1069 1318 quatientes
1096 1264 1233 1316 impete
1259 1276 1426 1316 campos.

193 1328 269 1368 Sed
302 1333 341 1368 et
370 1329 614 1369 *Paestanus
632 1328 875 1370 Vibonensis
905 1328 961 1369 sic
993 1328 1064 1369 ait:
1094 1328 1262 1369 Pedibus
1289 1342 1403 1383 equos
1432 1328 1726 1377 transmisimus,

196 1384 303 1436 quod
330 1390 388 1425 est
418 1386 682 1426 transivimus.

282 1506 385 1548 [Mss.
412 1508 549 1541 APSM.

191 1560 395 1594 Edd.PSN.
423 1582 461 1585 —
488 1564 523 1595 in
546 1563 652 1605 serto]
679 1574 709 1594 v.
727 1564 803 1594 874.
832 1580 870 1586 —-
900 1573 998 1604 aqua
1026 1562 1123 1603 (sup.
1148 1561 1229 1593 add.
1250 1565 1283 1598 e)
1311 1561 1356 1592 M.
1406 1569 1498 1602 aque
1523 1558 1561 1591 S.
1588 1577 1631 1584 —-
1655 1559 1728 1592 luce

190 1604 231 1636 N·
368 1610 399 1638 8.
436 1607 515 1649 llic]
543 1607 618 1638 Ecl.
645 1607 706 1648 lx,
730 1609 784 1639 41.
811 1626 849 1630 —
880 1607 1092 1639 existiment
1119 1606 1203 1637 Sub.
1250 1605 1425 1637 extiment
1450 1603 1574 1645 vichg.
1621 1604 1728 1636 aesti-

191 1654 300 1682 mant
325 1650 363 1681 P.
391 1668 431 1674 —
456 1652 510 1683 hio
534 1652 627 1683 locus
654 1651 729 1683 hoc
759 1656 908 1694 pacatur
934 1651 972 1682 A.
1000 1669 1036 1673 —-
1063 1662 1104 1682 ea
1130 1661 1218 1692 quae
1241 1654 1329 1687 (om.
1355 1652 1434 1690 que)
1456 1648 1494 1679 A.
1521 1665 1561 1671 --
1593 1658 1730 1689 prose-

191 1704 339 1735 quamur
360 1695 464 1727 s-bP.
496 1714 528 1718 -
556 1696 591 1727 in
614 1696 736 1738 Bruto]
760 1698 792 1734 9,
811 1698 866 1726 37.
892 1713 935 1718 —
959 1695 1170 1726 umbraculis
1197 1699 1272 1726 etc.
1299 1693 1398 1735 c-gb.
1537 1694 1569 1723 9.
1599 1692 1728 1724 Trans·

190 1738 345 1780 mittunt]
371 1740 454 1771 Aen.
482 1739 538 1778 IV,
568 1741 641 1771 154.
667 1758 709 1763 --
735 1740 770 1771 in
794 1739 954 1781 secundo]
981 1750 1012 1770 v.
1037 1741 1114 1770 325.
1138 1739 1234 1779 (329.
1250 1737 1312 1774 L.)
1338 1755 1376 1760 —
1399 1735 1584 1778 patientes
1607 1735 1648 1767 N.
1688 1753 1730 1760 -·

190 1781 264 1799 *⁴¹*
289 1783 347 1814 sed
374 1789 404 1816 et
434 1784 628 1816 Paestanus
660 1784 861 1815 Vibonensis
887 1784 935 1816 sic
961 1784 1011 1815 ait
1040 1782 1164 1824 (quasi
1192 1781 1365 1814 nonnulla
1386 1780 1626 1817 excidissent)
1654 1780 1727 1812 s-b.

190 1825 320 1864 „Haec
352 1827 425 1859 iam
450 1828 536 1860 olim
564 1827 674 1860 lectio
705 1828 874 1859 omnibns
906 1828 1096 1869 hucusque
1128 1825 1400 1868 exemplaribus
1435 1824 1731 1856 constantissime

190 1868 355 1911 inolevit,
378 1872 468 1904 adeo
496 1876 533 1904 ut
565 1873 732 1905 Pestanus
752 1873 952 1904 Vibonensis
970 1871 1067 1903 inter
1092 1876 1259 1903 auctores
1287 1871 1433 1912 legatur
1458 1868 1493 1900 in
1519 1868 1643 1900 Indice
1667 1868 1729 1910 qui

193 1918 248 1946 est
266 1916 308 1947 ad
329 1917 465 1948 calcem
492 1916 665 1949 editionis
679 1917 724 1948 11.
740 1916 919 1959 Stephani
945 1921 992 1957 et,
1010 1926 1100 1958 quae
1123 1926 1202 1948 eain
1223 1914 1386 1957 proxime
1411 1913 1567 1955 excepit,
1584 1917 1730 1946 nostrae

191 2028 303 2061 etiam
330 2030 552 2073 Euripideae
579 2031 794 2074 tragoediae
820 2032 929 2064 dede-

191 2076 248 2104 rat
274 2085 422 2114 nomen3
455 2086 673 2117 quamquam
700 2076 809 2107 etiam
835 2076 929 2117 apud

192 2117 357 2149 Gellium
380 2118 421 2150 N.
450 2120 488 2150 Α.
513 2120 556 2158 V,
584 2123 644 2158 ll,
670 2123 719 2150 12.
745 2120 856 2161 vulgo
878 2120 931 2151 le-

192 2161 296 2203 gitur
321 2174 342 2193 a
372 2163 410 2203 Q.
438 2163 552 2195 Ennio
577 2164 613 2195 in
640 2164 884 2205 lllenalippa.

235 2208 269 2235 8.
309 2217 384 2237 cum
408 2232 437 2238 ..
462 2207 602 2248 dixerit]
634 2207 729 2238 idem
758 2207 856 2239 valet
888 2217 930 2239 ac

191 2260 300 2325 gunza
334 2255 447 2282 tamen
486 2274 517 2282 ..
554 2252 679 2284 dixerit
714 2251 773 2283 vel
808 2252 868 2283 scd
898 2273 929 2282 ..

216 2304 262 2324 zxz
284 2319 289 2324 .

234 2337 371 2369 Rerum
396 2337 592 2370 divinarum
617 2338 702 2371 libro
727 2337 867 2380 decimo]
893 2339 932 2370 In

190 2380 259 2411 hoc
284 2381 399 2413 Varro
427 2381 574 2413 videtur
604 2382 726 2425 egisse
759 2382 802 2414 de
834 2382 933 2414 ludis

190 2426 369 2463 scenicis3
409 2426 481 2458 vid.
518 2427 558 2457 st.
597 2427 769 2458 Merkelii
811 2427 931 2468 prole-

190 2480 328 2511 gomm.
352 2471 394 2501 ad
416 2470 645 2510 O==id.Fast.‚
671 2471 732 2502 ubi
759 2483 793 2513 p.
821 2482 929 2502 cnxn.

190 2514 366 2555 leguntur
392 2515 545 2546 haecce:
576 2515 720 2556 „Verba
744 2526 764 2547 a
789 2515 930 2546 Macro-

191 2557 249 2589 bio
277 2565 423 2590 servata
448 2560 618 2591 fortassis
640 2560 684 2591 ad
710 2560 831 2602 ipsum
852 2570 930 2590 sce-

193 2613 259 2633 nae
296 2614 423 2635 nonu-n
450 2605 706 2645 explicandum
740 2604 930 2637 illustran-

194 2647 324 2679 ‹lnmve
352 2648 626 2689 pertinuerunt,
653 2660 757 2689 quem
784 2648 827 2679 ad
853 2659 930 2679 ino-

191 2690 273 2721 dnm
308 2692 403 2732 apud
434 2692 602 2724 Servium
635 2697 690 2724 est
721 2693 764 2724 ad
790 2692 875 2723 Aen.
901 2692 930 2731 I,

192 2737 270 2765 164:
313 2737 359 2767 Ec
383 2737 476 2768 (licta
499 2748 600 2768 scena
630 2732 703 2768 ἀπὸ
728 2735 792 2777 τῆς
815 2735 933 2773 amois.-

190 2779 285 2819 apud
311 2781 473 2822 antiquos
501 2782 588 2812 enim
618 2781 801 2813 theatralis
831 2791 932 2812 scena

188 2823 356 2862 parietem
380 2836 447 2856 non
474 2824 648 2864 habebat,
683 2825 742 2857 sed
767 2825 809 2856 ‹le
827 2826 931 2864 fron.-

191 2865 286 2897 dibus
312 2879 333 2899 u
346 2869 568 2901 mbracula
606 2869 853 2911 quaercbant.“

1046 2030 1214 2063 Similiter
1247 2030 1283 2062 in
1321 2028 1441 2070 Bruto]
1477 2028 1592 2060 Immo
1621 2029 1732 2069 longe

998 2075 1072 2106 alia
1109 2079 1165 2106 est
1201 2074 1257 2105 vis
1294 2073 1393 2105 vocis
1426 2073 1627 2104 umbracula
1662 2073 1729 2104 illo

998 2119 1092 2158 loco„
1117 2129 1147 2149 c.
1172 2121 1205 2150 9.
1232 2117 1248 2158 §
1272 2120 1347 2157 37„
1373 2116 1434 2148 ubi
1459 2116 1612 2158 legitur:
1642 2116 1729 2148 Pro-

998 2166 1144 2194 cesserat
1168 2162 1256 2193 enim
1281 2162 1317 2192 in
1343 2160 1446 2192 solem
1478 2165 1508 2192 et
1541 2160 1728 2202 pulverem,

997 2218 1064 2238 non
1089 2210 1127 2238 ut
1150 2216 1167 2237 e
1187 2205 1335 2237 militari
1357 2205 1590 2242 tabernaculo,
1615 2204 1673 2236 secl
1693 2209 1731 2237 ut

998 2261 1015 2282 e
1035 2250 1264 2291 Theophrasti
1280 2249 1468 2281 doctissimi
1489 2248 1635 2280 hominis
1653 2259 1730 2281 um-

1000 2294 1159 2326 braculis.
1208 2293 1309 2325 conf.
1338 2293 1382 2325 de
1407 2293 1508 2333 legg.
1534 2292 1599 2333 111,
1623 2295 1656 2334 6,
1678 2294 1731 2326 14.

1003 2338 1084 2370 Post
1119 2349 1141 2369 a
1180 2338 1412 2380 Theophrasto
1450 2337 1636 2369 Phalereus
1672 2337 1733 2370 ille

1005 2382 1196 2414 Demetrius
1232 2405 1263 2414 ..
1298 2381 1504 2414 mirabiliter
1539 2381 1731 2414 doctrinam

1000 2437 1039 2458 ex
1056 2426 1316 2458 umbraculis
1342 2426 1605 2457 eruditorum
1625 2426 1730 2458 otio-

999 2481 1078 2512 que
1114 2482 1182 2502 non
1216 2470 1316 2502 modo
1351 2471 1386 2502 in
1423 2470 1526 2501 sotem
1561 2474 1664 2511 atque
1694 2469 1730 2500 in

995 2515 1186 2556 pulverem,
1232 2515 1292 2546 sed
1330 2515 1365 2546 in
1403 2514 1514 2555 ipsum
1551 2513 1731 2544 discrimen

998 2560 1172 2600 aciemque
1195 2559 1368 2600 produxit.
1411 2556 1499 2588 Cum
1524 2555 1730 2598 Virgiliano

997 2614 1065 2634 non
1090 2603 1159 2634 nisi
1187 2603 1282 2634 alter
1306 2602 1372 2633 ille
1399 2602 1501 2633 locus
1520 2599 1730 2632 Ciceronia-

999 2658 1067 2678 nus
1093 2647 1280 2678 commode
1305 2649 1548 2686 comparatur.

1042 2694 1075 2722 9.
1127 2691 1195 2723 Sed
1220 2695 1251 2722 et
1274 2690 1496 2721 *Paestanus
1528 2688 1729 2720 Vibonensis

998 2736 1046 2767 sic
1069 2735 1138 2767 ait.-
1166 2734 1313 2766 Pedibus
1338 2744 1439 2774 equos
1464 2731 1729 2775 transmisimus]

999 2778 1109 2811 Nolui
1139 2778 1228 2809 haee
1262 2777 1373 2808 verba
1401 2776 1607 2819 corrigere,
1647 2776 1732 2817 quia

1000 2823 1108 2855 etiam
1128 2831 1220 2852 nunc
1237 2820 1334 2852 idem
1350 2820 1467 2853 sentio
1485 2820 1578 2863 quod
1597 2820 1731 2862 scripsi

1000 2866 1035 2898 in
1055 2864 1219 2908 Syinbol.
1243 2876 1275 2907 pv
1301 2866 1369 2897 11.:
1396 2864 1544 2907 „Usque
1569 2864 1654 2898 (lum
1676 2865 1731 2898 in·
