1845 3131
219 10 302 52 480
851 3 1128 49 MAGROBII

217 120 267 162 de
294 116 501 161 cantharo:
531 115 582 156 Ec
609 112 745 169 yravz‘s
772 114 918 155 adtrita
939 115 1131 170 pendebat
1158 115 1367 158 cantharus
1389 130 1498 158 ansa.

218 177 280 217 De
308 173 484 228 scyphis:
515 172 565 212 Ec
592 184 702 211 sacer
730 170 892 225 inplevit
920 171 1099 211 deoelram
1127 172 1305 226 scyphus.

179 232 278 279 2Ea
320 235 452 270 autem
499 226 612 267 cuius
654 225 805 279 figurae
847 225 926 266 sint
969 225 1109 280 quisve
1153 239 1291 267 eorum
1344 227 1479 268 feeerit
1513 225 1757 267 mentionem

218 300 336 328 nemo
364 283 532 338 quaerit,
558 281 734 322 contenti
759 281 859 322 scire
884 280 1158 322 cuiuscemodi
1182 295 1268 322 esse
1295 283 1448 336 pocula.
1506 283 1561 323 Et
1587 281 1758 336 scyphos

219 341 381 396 quidem
413 338 724 391 cantharosque,
756 342 946 378 consueta
976 338 1081 391 vulgi
1112 338 1293 386 nomina,
1330 337 1536 378 ferendum
1568 338 1599 378 si
1629 344 1757 378 trans-

218 402 326 447 eant,
361 396 430 437 sed
461 395 510 436 de
551 393 760 434 carchesiis
797 393 1043 447 cymbiisque
1072 407 1174 447 quae
1209 395 1315 447 apud
1342 394 1506 434 Latinos
1538 393 1644 434 haud
1676 392 1759 433 scio

218 468 268 494 an
299 466 491 506 umquam
523 450 716 504 reperias,
760 449 865 503 apud
899 448 1074 489 Graecos
1108 455 1241 490 autem
1284 455 1377 490 sunt
1416 448 1636 497 rarissima,
1678 462 1760 489 non

218 509 333 551 video
359 521 430 549 cur
458 521 539 547 non
564 511 755 559 cogantur
780 505 982 558 inquirere
1021 505 1117 559 quid
1144 505 1215 545 sibi
1246 518 1347 545 nova
1379 510 1418 545 et
1449 505 1656 558 peregrina
1687 518 1759 544 no-

180 565 328 611 3mina
350 564 483 605 velint.
542 563 615 603 Est
640 566 772 602 autem
801 562 1040 602 carchesium
1071 561 1258 615 poculum
1289 560 1449 601 Graecis
1481 560 1760 600 tantummodo

219 626 373 662 notum.
432 617 618 659 Meminit
657 617 741 658 eius
775 617 1024 671 Pherecydes
1063 617 1103 657 in
1149 617 1259 657 libris
1300 616 1576 664 historiarum,
1626 615 1762 668 aitque

219 678 355 718 Iovem
393 675 611 716 Alcmenae
658 672 829 726 pretium
874 672 1110 713 concubitus
1157 672 1402 713 carchesium
1444 685 1609 712 aureum
1655 671 1762 711 dono

221 732 388 774 dedisse.
447 729 526 770 Sed
556 728 725 768 Plautus
756 728 957 768 insuetum
988 742 1135 768 nomen
1166 728 1347 782 reliquit,
1389 727 1525 782 aitque
1558 727 1598 767 in
1630 726 1764 767 fabula

155 786 540 846 [1441Amphitryone
560 792 742 839 pateram
769 783 924 832 datam,
958 797 1048 823 cum
1074 784 1191 836 longe
1221 784 1433 837 utriusque
1473 782 1606 837 poculi
1637 782 1762 835 figura

182 844 377 887 4diversa
405 841 466 882 sit.
531 841 673 880 Patera
701 838 819 888 enim,
849 843 895 879 ut
923 844 962 879 et
995 839 1123 893 ipsum
1154 853 1299 879 nomen
1326 839 1473 880 indicio
1503 844 1573 887 est,
1600 838 1762 891 planum

223 914 269 942 ac
294 903 434 955 patens
465 901 544 947 est,
574 895 819 936 carchesium
850 908 944 936 vero
973 908 1183 949 procerum
1217 900 1257 935 et
1280 894 1383 936 circa
1412 894 1580 936 mediam
1610 898 1762 948 partem

313 1022 416 1063 1Mss-
445 1019 473 1051 P
500 1017 574 1059 (AS
600 1028 667 1049 om.
692 1017 859 1058 Graec).

227 1097 262 1102 -
295 1078 342 1109 Et
364 1072 503 1118 gravis]
527 1073 606 1104 Ecl.
630 1073 687 1112 Vl,
715 1075 766 1104 17.
790 1090 834 1095 —
858 1072 906 1104 Et
931 1082 1051 1103 sacer
1076 1072 1200 1104 attrita
1223 1071 1264 1102 P.
1292 1089 1332 1095 —-
1359 1072 1405 1103 Ec
1433 1070 1541 1114 sacer]
1563 1070 1648 1103 Aen.
1668 1068 1765 1108 vni,

221 1124 300 1154 278.
436 1120 468 1149 2.
510 1118 685 1149 eiusmodi
709 1117 745 1149 S.
792 1117 1034 1148 huiuscemodi
1059 1127 1135 1158 v-g.
1166 1133 1197 1138 —
1229 1116 1259 1147 si
1283 1121 1493 1147 erauscant
1520 1116 1558 1147 A.
1606 1115 1637 1146 si
1663 1126 1764 1145 nau-

223 1167 316 1198 siant
343 1163 437 1205 „B“.
467 1180 502 1185 —
529 1173 575 1193 αη
599 1172 795 1203 nunquam
821 1163 875 1191 vl.
903 1180 945 1184 --
971 1161 1053 1192 sint
1078 1160 1113 1192 S.
1142 1178 1185 1182 —
1213 1161 1403 1203 peregriua
1427 1171 1594 1202 graeca
1621 1169 1698 1200 v-g.
1723 1175 1766 1181 —

223 1210 332 1243 velint
355 1207 497 1239 nomina
518 1205 555 1237 S.
671 1207 704 1235 3.
738 1205 876 1246 feredes
901 1205 940 1237 Λ.
961 1222 1004 1228 ——
1027 1209 1144 1247 atque
1168 1203 1204 1235 S.
1231 1222 1271 1227 —-
1297 1205 1521 1236 Alcumenae
1543 1203 1631 1235 Edd.
1658 1203 1696 1234 Ρ.
1722 1219 1766 1226 —-

226 1260 331 1296 etque
353 1253 387 1284 ἱη
414 1251 453 1283 Ρ.
486 1267 518 1272 -
550 1248 809 1292 Amphitryone]
837 1249 864 1287 1,
888 1251 920 1289 3,
943 1251 997 1280 36.
1135 1250 1167 1279 4.
1208 1249 1330 1280 ctiam
1357 1249 1468 1290 ipsum
1493 1248 1534 1279 P.
1561 1265 1596 1271 -
1636 1251 1674 1278 et
1699 1256 1766 1288 pa-

226 1304 301 1332 tens
323 1297 357 1329 S.
381 1313 424 1318 —
451 1305 679 1337 compressum
703 1294 936 1332 mediocriter,
965 1297 1166 1324 ansatum
1192 1291 1448 1330 casaubonus,
1474 1291 1534 1332 qui
1560 1290 1762 1322 adnotavit:

226 1342 378 1383 „Neque
405 1339 500 1370 enim
533 1343 694 1369 ansatum
726 1338 941 1369 mediocriter
972 1341 1091 1378 potest
1122 1335 1213 1375 dici,
1255 1336 1358 1367 cuius
1387 1346 1498 1367 ansae
1529 1335 1573 1366 ad
1600 1334 1765 1366 infimum

226 1386 441 1429 pertingunt
465 1393 485 1414 a
512 1384 701 1419 summ0‚“
725 1388 760 1413 et
784 1381 964 1421 Zeunius,
989 1380 1048 1422 qui
1071 1379 1278 1411 aduocauit:
1313 1380 1428 1418 „Cum
1450 1385 1610 1411 ansatum
1634 1379 1766 1410 medio-

225 1432 327 1463 criter
357 1427 596 1469 sequentibus
628 1426 738 1467 plane
770 1430 968 1467 repugnet,
1007 1425 1166 1456 transfer
1200 1425 1416 1456 mediocriter
1447 1425 1489 1455 ad
1522 1433 1768 1464 compressnm3

225 1481 334 1516 atque
359 1473 428 1504 nisi
456 1476 616 1503 ansatum
643 1470 788 1501 omnino
815 1471 939 1501 delere
963 1468 1156 1506 malueris,
1176 1469 1268 1509 quod
1294 1469 1422 1499 durum
1444 1479 1525 1499 esse
1545 1467 1701 1506 videtur,
1730 1466 1766 1498 in

225 1520 347 1551 locum
368 1516 433 1548 τοῦ
457 1515 673 1547 mediocriter
699 1514 871 1546 translati
899 1513 1082 1546 substitue
1106 1514 1313 1553 utrimque.“
1368 1522 1615 1554 compressum,
1640 1522 1767 1543 anca-

225 1569 309 1597 tum
335 1560 552 1594 mediocriter
578 1558 670 1590 coni.
697 1559 901 1598 Fontanus,
937 1557 998 1598 qni
1025 1556 1231 1589 adnotaiit:
1265 1555 1376 1595 „Fuit
1405 1557 1474 1587 hoc
1501 1556 1689 1598 poculum,
1728 1558 1768 1587 ut

226 1608 368 1639 Graeca
397 1605 506 1636 verba
533 1608 635 1642 sunt,
674 1601 804 1639 ἱκανῶς
830 1600 1012 1643 ἐπίμηκες,
1047 1606 1082 1633 et
1110 1601 1190 1632 ideo
1218 1611 1467 1641 compressum
1498 1600 1644 1641 quidem
1670 1599 1768 1630 cirea

225 1649 471 1684 meditullium
496 1648 558 1678 sed
584 1648 824 1688 protuberans
850 1646 992 1678 leviter.
1008 1670 1015 1676 .
1032 1669 1061 1678 ..
1086 1647 1259 1677 Ancatum
1283 1649 1403 1675 autem
1430 1645 1474 1676 ab
1501 1655 1606 1675 ancus
1633 1643 1768 1675 formu-

226 1701 301 1728 tnm
328 1699 393 1726 est.
433 1693 562 1724 Festus
584 1691 630 1732 [p.
657 1693 707 1721 19.
736 1690 875 1733 Muell]
900 1692 1042 1722 Ancus
1065 1690 1265 1732 appellatur
1290 1689 1348 1730 qui
1369 1689 1539 1719 aduncum
1565 1688 1666 1720 habet
1687 1688 1768 1719 bra-

226 1741 358 1780 chium,
385 1743 422 1770 ut
447 1736 626 1779 exporrigi
650 1747 717 1767 non
741 1736 861 1777 possit.
910 1735 1085 1766 Glossae:
1128 1736 1285 1773 Aucus,
1317 1729 1484 1773 λορδός.“
1518 1731 1595 1764 Vid.
1617 1736 1690 1764 not.
1725 1749 1768 1756 —

272 1849 376 1889 xxl,
408 1850 442 1879 2.
489 1858 586 1879 nemo
618 1846 773 1888 quaerit,
817 1845 966 1877 contenti

227 1893 326 1935 scire]
366 1893 390 1924 i.
421 1904 453 1924 e.
486 1902 595 1933 quum
628 1901 753 1922 ornnes
783 1888 966 1921 litterato-

228 1950 287 1971 res
310 1937 400 1969 satis
433 1937 594 1969 habeant
619 1934 736 1975 scire,
777 1934 822 1965 cf.
855 1945 885 1966 c.
915 1937 965 1966 19.

228 1984 515 2066 §iidiuscemodfl
563 2020 750 2054 macrobio
804 2020 966 2052 tribuere

227 2071 324 2103 hane
357 2070 512 2101 formam
547 2078 615 2098 non
649 2065 835 2102 dubitavi,
875 2075 966 2105 quae

1034 1841 1082 1881 ὦς
1127 1839 1378 1884 Φερεκύδης
1418 1839 1461 1874 ἐν
1496 1841 1545 1885 τῇ
1586 1837 1768 1882 δευτέρα

1033 1886 1169 1929 ἱστορεῖ
1200 1885 1260 1917 καὶ
1292 1883 1493 1928 Ἡρόδωρος
1527 1883 1547 1917 ὁ
1577 1874 1769 1927 Ἡρακλεαῖ-

1033 1943 1112 1973 της,
1138 1936 1173 1962 et
1200 1942 1232 1972 p.
1256 1932 1332 1962 475.
1358 1941 1385 1961 e.
1415 1928 1546 1972 Χάρων
1572 1927 1604 1960 δ’
1629 1924 1648 1961 ὁ
1670 1931 1769 1971 Λαμ-

1033 1972 1197 2017 ψακηνὸς
1226 1971 1262 2006 ἐν
1290 1976 1365 2011 τοῖς
1383 1969 1509 2015 ’Ώροις
1531 1970 1631 2015 παρὰ
1657 1975 1769 2005 Λακε-

1034 2019 1250 2060 δαιμονίοις,
1275 2017 1397 2059 φησὶν,
1424 2016 1474 2050 ἔτι
1497 2016 1558 2048 καὶ
1582 2017 1631 2054 εἰς
1655 2013 1769 2048 αὐτὸν

1033 2062 1244 2094 δείκνυσθαι
1271 2059 1312 2092 τὸ
1342 2058 1451 2098 ὁέπας
1478 2058 1519 2092 τὸ
1549 2058 1660 2092 δοθὲν
1681 2057 1768 2091 Ἀλκ-

228 2116 264 2148 in
302 2112 487 2146 nonnullis
524 2110 794 2151 exemplaribus
830 2110 967 2150 legitur

228 2159 288 2191 vel
316 2158 410 2200 apud
438 2157 651 2187 Ciceronem
678 2154 721 2184 de
748 2153 883 2184 invent.
918 2152 965 2192 ll,

229 2206 292 2242 45,
319 2204 394 2234 134.
444 2199 595 2231 Rectior
619 2198 734 2229 forma
763 2201 817 2228 est
849 2197 965 2228 cuius-

232 2245 435 2290 quemodi,
470 2245 516 2275 cf.
545 2242 678 2273 Duker.
706 2241 750 2272 ad
776 2240 874 2272 Flor.
899 2240 965 2281 111,

227 2294 270 2331 4,
289 2293 342 2330 2.,
385 2288 507 2320 navis.
531 2288 574 2319 ad
604 2287 691 2317 bell.
715 2285 874 2316 African.
901 2287 966 2323 19,

231 2334 464 2374 Oudendorp.
483 2336 519 2364 et
543 2330 783 2363 Hildebraud.
803 2330 845 2360 ad
862 2329 965 2369 Apul.

231 2380 315 2412 Met.
346 2378 439 2417 Vlll,
468 2380 518 2408 17.
544 2387 578 2417 p.
604 2376 681 2407 554.
707 2372 968 2405 Eiuscemodi

231 2423 373 2466 legitur
396 2434 428 2453 c.
456 2425 508 2459 19,
535 2423 587 2451 20.

275 2472 435 2500 consueta
459 2465 561 2507 vulgi
587 2461 741 2502 nomina]
774 2459 966 2492 Genitivus

231 2512 380 2554 ponitur
412 2522 475 2552 pro
508 2507 649 2546 dativo,
692 2510 730 2537 ut
765 2505 902 2536 Comm.
939 2504 967 2542 1,

236 2560 294 2596 13,
318 2560 349 2588 5.
382 2555 535 2587 Orionis
568 2551 761 2594 proximam
791 2550 966 2591 regionem

232 2605 267 2633 et
300 2604 332 2631 8.
367 2600 577 2631 maurianae
611 2594 848 2627 volubilitatis
885 2604 966 2624 con-

231 2656 315 2677 sona
338 2644 540 2681 accessione,
563 2639 622 2672 ubi
644 2639 718 2671 vid.
739 2640 812 2669 not.

279 2692 311 2720 3.
363 2688 519 2719 ll'lcminit
543 2686 615 2718 eius
642 2682 850 2723 Pherecydes
882 2679 966 2721 cet.]

235 2732 289 2764 Cf.
317 2732 445 2764 Athen.
470 2731 532 2769 XI,
555 2732 607 2761 49.
631 2739 663 2768 p.
680 2728 744 2758 474
770 2726 793 2756 f.
816 2720 969 2765 Ἀρχαιόν

234 2787 344 2807 τατον
379 2772 410 2807 δ’
445 2773 517 2806 ἐστὶ
554 2769 726 2813 ποτήριον
756 2766 797 2801 τὸ
837 2765 967 2809 καρχή-

234 2828 330 2859 σιον,
369 2819 405 2851 εἴ
429 2830 466 2861 γε
498 2814 516 2850 ὁ
555 2814 641 2853 Ζεὺς
674 2810 845 2854 ὁμιλήσας
879 2808 966 2843 Ἀλκ-

232 2860 326 2906 μήνῃ
352 2862 458 2896 ἔδωκε
482 2862 600 2903 δῶρον
622 2856 713 2892 αὐτὸ
744 2857 807 2899 τῆς
828 2855 966 2897 μίξεως,

1031 2104 1126 2148 μήνῃ
1150 2101 1221 2136 ὑπὸ
1247 2101 1354 2144 Διὸς,
1387 2100 1442 2136 ὅτι
1464 2100 1698 2145 Ἀμφιτρύωνι
1722 2102 1768 2135 εἰ-

1032 2147 1165 2190 κάσθη.

1079 2192 1234 2233 aureum]
1259 2192 1337 2223 Iloc
1359 2189 1527 2224 ἐπίθετον
1558 2201 1626 2223 non
1654 2201 1769 2233 agno—

1034 2237 1104 2268 seit
1127 2237 1346 2268 Athenaeus.

1077 2283 1108 2312 4.
1155 2287 1279 2321 patera
1318 2304 1350 2312 ..
1388 2280 1531 2322 planum
1570 2290 1611 2310 nc
1646 2283 1770 2320 patens

1035 2325 1098 2366 est]
1133 2324 1189 2356 Cf.
1224 2325 1323 2355 sarr.
1353 2323 1392 2355 L.
1419 2323 1458 2354 L.
1490 2323 1533 2363 V,
1559 2326 1621 2364 26,
1650 2323 1666 2363 §
1694 2324 1770 2353 122.

1039 2371 1222 2401 Praeterea
1263 2369 1297 2400 in
1332 2368 1467 2410 poculis
1500 2372 1598 2399 erant
1625 2371 1771 2409 paterae

1035 2415 1077 2446 ab
1113 2425 1149 2445 eo
1188 2413 1294 2454 quod
1330 2414 1468 2444 latum
1509 2411 1666 2444 Latini
1707 2410 1769 2442 ‹li-

1036 2462 1133 2490 cunt
1159 2458 1282 2488 dictae.

1080 2507 1111 2534 et
1147 2502 1238 2532 circa
1266 2500 1415 2531 mediam
1441 2502 1576 2541 partem
1610 2506 1769 2538 conpres-

1035 2557 1120 2583 sum,
1141 2550 1299 2577 ansatum
1328 2541 1553 2582 mediocriter]
1577 2540 1630 2571 Ab
1657 2540 1769 2571 Athe-

1034 2601 1125 2622 naeo
1151 2589 1243 2620 baec
1268 2599 1348 2619 esse
1373 2587 1563 2625 desumpta
1586 2583 1678 2615 vidit
1697 2583 1769 2615 iam

1035 2635 1272 2666 Casaubonus
1298 2635 1334 2663 et
1362 2631 1442 2671 ipsa
1468 2630 1546 2660 eius
1572 2628 1683 2660 verba
1713 2631 1770 2659 at-

1036 2678 1122 2711 tulit
1152 2675 1328 2714 Zeunins,
1366 2683 1457 2714 quae
1507 2671 1593 2712 (XI,
1632 2673 1693 2705 49.
1735 2683 1767 2712 p.

1034 2724 1111 2755 474.
1147 2721 1199 2760 e.)
1239 2722 1323 2749 sunt
1361 2717 1513 2748 haecce:
1562 2712 1770 2756 Καρχήσιον

1037 2763 1260 2802 Καλλίξεινος
1294 2757 1312 2792 ὁ
1345 2757 1479 2797 Ῥόδιος
1512 2755 1549 2790 ἐν
1583 2762 1659 2795 τοῖς
1689 2756 1770 2796 περὶ

1029 2805 1287 2847 Ἀλεξανδρείας
1340 2803 1448 2846 φησὶν
1495 2798 1550 2834 ὅτι
1594 2798 1769 2844 ποτήριόν

1032 2850 1125 2884 ἐστιν
1162 2847 1343 2892 ἐπίμηκες,
1389 2843 1668 2890 συνηγμένον
1706 2844 1770 2882 εἰς
