1843 3163
396 31 869 76 SATURNALIORUM
912 30 1012 73 LlB.
1044 31 1135 72 Vll.
1172 30 1292 73 CAP.
1326 31 1354 71 l.
1565 31 1648 73 555

105 145 348 187 iudicatione
373 158 611 199 conponam,
636 145 772 199 aperio
805 144 966 199 quidem
996 142 1272 198 philosophiae
1299 142 1559 183 tricliniorum
1590 144 1646 184 l‘o-

105 215 185 250 res,
236 201 303 241 sed
342 201 522 254 spondeo
558 201 612 241 sic
650 201 953 249 interfuturam,
1001 214 1049 239 ne
1085 213 1310 240 mensuram
1344 205 1461 240 notae
1496 200 1570 239 sihi
1602 215 1648 240 ac

103 256 367 297 sectatoribus
404 257 486 297 suis
517 257 825 311 dispensationis
864 256 1039 296 excedat.
1110 256 1222 296 Tunc
1261 255 1423 296 Furius:
1468 255 1574 304 Quia
1612 258 1688 296 tet&

104 313 281 361 unicum,
303 313 502 361 Eustathi‚
532 313 673 367 inquit,
704 319 946 353 sectatorum
977 311 1254 372 philosophiae
1283 317 1417 352 nostra
1449 317 1558 352 aetas
1587 317 1648 353 tu-

105 369 171 417 lit,
214 374 350 409 oratus
390 369 442 408 sis
481 375 525 410 ut
564 370 726 410 modum
768 366 1077 421 dispensationis
1108 379 1228 419 quam
1259 367 1328 406 das
1358 367 1392 407 ei
1424 367 1648 408 convivanti

108 424 224 465 nobis
256 425 339 478 ipso
370 425 593 478 patefacias.
653 426 706 465 Et
736 423 994 464 Eustathius:
1024 421 1202 462 Primum
1235 422 1309 462 hoc
1341 437 1428 462 eam
1460 423 1542 463 scio
1567 425 1688 465 ser-¹.)

103 486 303 528 saturam,
344 487 387 520 ut
416 495 550 520 secum
583 481 764 521 aestimet
797 478 1065 533 praesentium
1095 478 1251 531 ingenia
1284 478 1565 519 convivarum:
1611 487 1650 520 et

104 536 135 576 si
163 536 295 590 plures
323 536 470 590 peritos
498 537 556 576 vel
585 537 723 576 saltem
753 541 953 575 amatores
982 535 1042 574 sui
1078 534 1117 574 in
1148 533 1318 575 convivii
1349 534 1537 574 societate
1562 549 1649 589 rep-

105 592 262 646 pererit,
296 605 519 632 scrmoncm
552 592 601 632 de
632 606 674 632 se
701 591 873 645 patietur
901 590 1060 644 agitari:
1091 590 1197 644 quia,
1228 590 1336 630 velut
1365 603 1516 644 paucae
1545 591 1647 631 litte-

104 661 169 688 rae
200 653 333 688 mutae
364 647 565 701 dispersae
590 647 691 687 inter
720 647 864 688 multas
891 646 1046 687 vocales
1077 646 1116 686 in
1145 646 1374 687 societatem
1405 646 1512 687 vocis
1539 646 1651 688 facile

104 709 409 751 mansuescunt,
452 703 506 743 ita
545 703 714 744 rariores
755 702 912 757 inperiti
943 702 1162 756 gaudentes
1192 702 1396 743 consortio
1429 703 1648 756 peritorum

102 764 172 800 aut
201 764 442 808 consonant,
485 758 516 799 si
548 773 626 812 qua
660 765 850 813 possunt,
895 764 965 799 aut
995 772 1128 799 rerum
1160 758 1298 799 talium
1332 759 1546 812 capiuntur
1580 772 1649 799 au-

102 814 201 856 ditu.
261 814 301 856 Si
330 828 423 856 vero
463 815 595 869 plures
627 816 676 855 ab
714 815 965 855 institutione
994 814 1227 868 disciplinae
1259 814 1378 855 huius
1412 815 1529 855 alieni
1560 815 1719 864 sint‚l()

102 870 380 925 prudentibus,
406 871 473 924 qni
507 871 715 925 pauciores
742 871 975 919 intererunt,
1007 871 1159 911 sanciet
1189 870 1545 911 dissimulationem
1576 872 1650 920 sui,

103 932 141 967 et
171 926 345 980 patietur
372 927 654 980 loquacitatem
689 927 828 967 maiori
863 926 964 981 parti
991 926 1222 967 amiciorem
1260 926 1430 975 sociare,
1478 940 1528 966 ne
1562 940 1649 967 rara

103 982 289 1022 nobilitas
334 996 354 1022 a
398 983 512 1036 plebe
550 983 861 1023 tumultuosiore
904 982 1101 1023 turbetur.
1169 982 1223 1022 Et
1264 981 1361 1022 haee
1390 995 1470 1023 una
1506 988 1566 1023 est
1601 983 1711 1024 dell

104 1037 379 1092 philosophiae
410 1038 643 1087 virtutibus,
690 1039 800 1092 quia,
843 1052 934 1079 eum
974 1043 1111 1079 orator
1139 1052 1219 1078 non
1251 1038 1365 1078 aliter
1394 1037 1466 1077 nisi
1496 1038 1649 1079 orando

105 1094 313 1148 probetur,
354 1093 617 1148 philosophus
649 1108 729 1134 non
760 1094 891 1135 minus
923 1094 1092 1134 tacendo
1123 1107 1195 1147 pro
1223 1098 1404 1147 tempore
1439 1107 1557 1146 quam
1591 1095 1648 1135 lo-

105 1149 267 1203 quendo
299 1149 616 1204 philosophatur.
675 1149 741 1190 Sic
778 1163 872 1203 crgo
909 1149 1025 1203 pauci
1062 1149 1131 1204 qui
1165 1149 1335 1189 aderunt
1371 1149 1573 1190 doctiores
1610 1150 1649 1190 in

104 1218 341 1245 consensum
380 1206 490 1246 rudis
522 1205 710 1246 consortii
745 1206 852 1247 salva
890 1211 929 1245 et
965 1205 1066 1245 intra
1102 1218 1144 1246 se
1177 1205 1408 1259 quiescente
1441 1205 1521 1246 veri
1553 1219 1718 1261 no-[2031

103 1260 212 1301 tione
244 1260 488 1313 migrabunt,
523 1266 568 1300 ut
598 1261 728 1302 omnis
760 1260 981 1301 discordiae
1012 1261 1187 1314 suspicio
1222 1261 1402 1302 facessat.
1462 1261 1546 1303 Nee
1575 1264 1648 1304 mi·
1668 1265 1717 1305 12

102 1329 191 1356 rum
224 1315 257 1356 si
294 1316 435 1357 doetus
473 1316 590 1357 faciet
622 1316 731 1370 quod
766 1316 859 1357 fecit
892 1316 1095 1370 quondam
1126 1316 1362 1357 Pisistratus
1396 1316 1648 1360 Athenarum

104 1376 317 1427 tyrannus:
363 1372 431 1426 qui
465 1386 554 1413 cum
584 1372 674 1413 filiis
710 1372 792 1413 suis
829 1378 983 1413 rectum
1018 1372 1150 1413 dando
1184 1372 1395 1413 eonsilium
1429 1386 1509 1413 non
1545 1375 1649 1428 opti-

104 1427 258 1469 nuisset
288 1427 500 1470 adsensum
539 1433 661 1482 atque
689 1428 779 1469 ideo
818 1433 922 1469 esset
950 1428 990 1468 in
1031 1428 1233 1470 simultate
1259 1442 1351 1469 cum
1387 1427 1541 1478 liberis,
1581 1432 1650 1472 ubi

104 1483 181 1525 hoe
211 1483 378 1526 aemulis
407 1498 567 1526 causam
599 1483 721 1526 fuisse
749 1484 883 1538 gaudii
912 1484 1109 1540 comperit
1140 1498 1187 1526 ex
1223 1484 1289 1525 illa
1324 1484 1523 1526 discordia
1562 1501 1650 1542 spe-

1159 1614 1252 1647 Edd.
1279 1614 1563 1658 vicahgspdzh.]

105 1686 147 1690 —
169 1668 278 1700 doceo
306 1668 348 1699 H.
487 1672 517 1701 Τ.
550 1670 719 1711 aperiam
746 1681 824 1712 v-g.
849 1687 888 1693 —
915 1681 936 1702 a
962 1670 1186 1703 sectatoribus
1211 1669 1248 1701 S.
1384 1673 1416 1701 8.
1460 1671 1527 1711 Qui
1558 1676 1654 1704 ante

106 1712 245 1744 unicum
267 1712 359 1753 (del.
382 1715 422 1750 n)
448 1713 515 1744 Hl.
566 1714 657 1754 Quia
682 1719 714 1746 te
733 1715 872 1746 unicum
900 1714 967 1746 ΗΞ.
1103 1717 1134 1745 9.
1176 1714 1328 1746 Primum
1353 1715 1414 1746 hoc
1434 1738 1442 1746 .
1459 1738 1465 1746 .
1481 1739 1489 1747 .
1512 1715 1653 1748 verbum

106 1756 252 1795 nullum,
277 1757 346 1788 uisi
363 1757 617 1800 philosophum,
642 1758 760 1801 sensit]
785 1757 840 1790 Cf.
868 1759 963 1790 Plut.
987 1757 1114 1801 Symp.
1137 1758 1165 1799 1,
1194 1760 1220 1798 1,
1242 1761 1273 1790 3.
1315 1757 1514 1799 Sequentia
1538 1770 1653 1800 usqne

106 1800 151 1833 ad
177 1805 328 1833 extrem.
353 1803 373 1840 ἓ
402 1804 452 1833 17.
481 1802 657 1845 leguntur
682 1803 775 1843 apud
802 1803 853 1834 lo.
875 1802 1023 1835 Saresb.
1048 1802 1151 1842 t‘lll,
1177 1805 1228 1834 10.
1255 1821 1296 1825 —-
1323 1802 1384 1835 hoc
1411 1814 1486 1834 eam
1515 1803 1654 1836 ASfflz

105 1845 196 1886 v-gb
223 1844 356 1885 „Bodh
382 1845 511 1877 Ben.“.
558 1846 737 1885 ‚‚Reete.‘·
763 1846 874 1879 Zenn.
921 1847 1032 1879 hanc
1062 1848 1138 1879 iam
1165 1847 1204 1878 P.
1253 1847 1365 1878 hanc
1398 1858 1472 1879 eam
1497 1858 1569 1879 s-z.
1608 1866 1653 1872 —

106 1889 376 1922 observaturam
402 1890 513 1921 91112
526 1889 606 1922 Sar.
634 1909 668 1914 -
700 1892 906 1933 praeseutia
931 1891 971 1923 P.
997 1909 1042 1915 —
1074 1891 1253 1923 amatoris
1277 1902 1308 1922 v.
1338 1909 1380 1915 —
1415 1892 1588 1934 patiatur
1613 1891 1651 1924 S.

244 1936 296 1965 10.
331 1934 434 1966 huius
460 1935 666 1978 disciplinae
693 1946 769 1978 v-g.
810 1954 842 1959 —
885 1940 975 1967 sunt
998 1934 1025 1966 A
1052 1945 1071 1967 a
1098 1946 1130 1977 p.
1157 1945 1223 1975 rn.;
1250 1935 1308 1966 112
1330 1935 1410 1967 Sar.
1450 1954 1490 1959 —
1528 1937 1651 1969 amici-

107 1977 238 2010 tiorem
259 1977 339 2010 Sar.
374 1978 450 2016 (Cf.
477 1978 665 2018 Comm.1‚
693 1982 745 2017 ll,
775 1982 857 2018 11.).
883 1997 924 2002 -
950 1980 1082 2012 sociare
1106 1983 1207 2021 (sup.
1234 1979 1316 2011 add.
1342 1984 1495 2018 sonare)
1519 1980 1559 2012 A.

154 2023 207 2053 ll.
244 2026 294 2054 est
316 2034 387 2054 una
413 2023 454 2055 dc
479 2024 664 2056 virtutibus
687 2024 926 2067 philosophiae
957 2035 1037 2066 v-g.
1081 2041 1113 2047 —-
1153 2024 1259 2066 pauci
1284 2025 1432 2056 aderunt
1458 2025 1548 2065 (om.
1574 2026 1652 2067 qui)

106 2076 183 2098 v-a.
211 2083 251 2089 —
275 2067 577 2108 interquiescente
602 2078 634 2099 v.
683 2069 783 2100 inter
813 2080 847 2101 se
877 2069 1071 2111 quiescente
1095 2067 1162 2099 ica.
1211 2068 1303 2100 intra
1337 2079 1372 2100 se
1401 2070 1652 2110 quaestione

106 2108 186 2143 Sar.

107 2227 209 2260 nullo
238 2227 363 2261 addito
394 2229 559 2262 subiecto
593 2230 685 2263 dicit
716 2230 846 2263 Cicero

108 2283 143 2314 p.
168 2272 278 2305 Rosc.
302 2272 380 2305 Am.
405 2276 460 2313 47,
488 2277 564 2306 136.

153 2316 201 2347 sic
226 2339 258 2348 ..
284 2327 326 2348 ne
353 2341 384 2350 ..
416 2319 571 2360 excedat]
599 2318 677 2352 tid.
703 2323 774 2352 not.
800 2319 843 2352 ad

110 2358 250 2390 Comm.
274 2360 301 2399 1,
330 2362 383 2399 17,
409 2365 442 2392 8.

152 2403 268 2445 notae]
305 2403 402 2435 idem
437 2405 515 2436 fere
543 2405 579 2436 h.

104 2447 302 2487 familiaris
326 2458 355 2479 c.
377 2450 410 2486 2,
437 2448 454 2490 §
479 2450 511 2479 4.

152 2492 185 2524 8.
232 2496 351 2524 oratus
376 2490 435 2533 sis]
464 2491 519 2523 Cf.
535 2491 575 2533 V,
600 2494 633 2531 2,
655 2495 700 2531 3.,
728 2496 766 2525 et
787 2493 844 2533 Vl,

108 2538 141 2575 7,
167 2536 199 2566 3.
226 2540 388 2568 exoratus
412 2536 466 2568 sit.

153 2578 291 2611 modum
330 2578 613 2622 dispensationis]
656 2578 846 2612 Plutarch.

109 2622 148 2654 S.
172 2621 207 2662 1,
233 2625 272 2662 1,
297 2624 328 2655 3.
362 2635 393 2665 p.
425 2625 501 2655 613.
527 2622 567 2654 C.
604 2622 711 2656 dicit:
759 2618 847 2663 ὅρον

110 2662 189 2698 τινὰ
214 2665 277 2698 καὶ
300 2667 523 2709 χαρακτῆρα.

153 2713 186 2742 9.
244 2711 373 2752 peritos
409 2711 463 2743 vel
504 2710 626 2743 saltem
674 2714 848 2742 amatores

111 2753 176 2795 sm']
210 2755 408 2796 respondet
433 2755 592 2787 Graeco:
638 2750 849 2797 φιλολόγους

113 2797 209 2839 apud
231 2797 329 2829 Plut.
353 2810 388 2840 p.
413 2801 492 2830 613.
516 2798 558 2830 1).

156 2841 248 2874 velut
278 2852 413 2883 paucae
443 2843 580 2875 litterae
610 2846 726 2874 mutae
761 2840 845 2882 eet.]

112 2883 336 2918 Plutarchus
368 2898 401 2928 p.
438 2888 514 2918 613.
550 2885 590 2917 Ε.
622 2885 736 2918 habet
770 2888 848 2918 tan-

615 2406 637 2436 l.
671 2406 770 2438 valet
803 2417 846 2438 ac

326 2113 377 2142 12.
414 2122 555 2144 causam
588 2112 718 2155 gaudii
736 2113 848 2154 fuisse
877 2112 1162 2156 comperisset
1187 2111 1266 2145 Sar.
1306 2130 1344 2135 —
1384 2118 1423 2146 et
1456 2123 1495 2146 ca:
1523 2114 1587 2146 illa
1612 2113 1649 2147 S.

917 2234 1012 2263 tum:
1060 2225 1178 2272 ὥσπερ
1217 2226 1378 2273 ἄφωνα
1420 2228 1653 2274 γράμματα

917 2271 1133 2316 φωνηέντων
1156 2272 1211 2312 (ἐν
1231 2273 1358 2319 μέσῳ).

962 2321 1013 2350 10.
1059 2319 1216 2361 patietur
1250 2320 1494 2362 loquacitatem
1529 2321 1655 2352 maiori

911 2363 1009 2405 parti
1029 2364 1224 2395 amiciorem
1251 2364 1394 2406 sociare]
1429 2364 1652 2396 Plutarchus

926 2418 949 2438 ).
972 2408 1051 2438 613.
1070 2406 1110 2438 F.
1128 2403 1282 2447 ’Ἕψεται
1305 2406 1366 2439 καὶ
1388 2403 1565 2449 ἀγαπήσει
1586 2405 1653 2449 τὴν

914 2418 1055 2482 ἐκείνων
1079 2448 1279 2493 διατριβήν.
1328 2451 1392 2483 Est
1417 2462 1507 2493 ergo
1528 2452 1653 2493 loqua-

914 2495 1052 2526 citatem
1076 2518 1107 2527 ..
1136 2496 1267 2526 sociare
1300 2493 1396 2526 idem
1431 2495 1528 2536 quod
1560 2506 1652 2527 com-

913 2538 1062 2570 muniter
1108 2538 1160 2570 uti
1204 2538 1416 2579 loquacitate
1460 2537 1484 2570 ἰ.
1527 2549 1559 2570 e.
1605 2539 1654 2571 ad

915 2591 991 2612 eam
1026 2592 1061 2613 se
1095 2582 1364 2614 accommodare.
1413 2581 1467 2613 Cf.
1499 2583 1520 2622 5
1555 2585 1586 2614 l.
1617 2587 1654 2615 et

914 2623 1042 2656 lustin.
1066 2624 1110 2663 X,
1137 2627 1167 2664 1,
1189 2627 1222 2656 6.
1253 2626 1318 2657 Ubi
1342 2626 1378 2657 in
1404 2631 1501 2658 tanto
1523 2627 1653 2669 populo

914 2679 982 2699 non
1007 2668 1117 2700 solum
1142 2669 1306 2700 sociari
1330 2680 1448 2702 verum
1472 2671 1577 2702 etiam
1602 2671 1653 2703 si-

917 2711 980 2743 leri
1002 2712 1213 2753 paricidium
1233 2713 1357 2754 potuit.

964 2756 1015 2786 ll.
1063 2755 1159 2797 quia]
1186 2755 1343 2796 positum
1371 2760 1428 2787 est
1458 2766 1523 2798 pro
1547 2758 1651 2799 quod.

917 2797 996 2830 Vid-
1022 2804 1094 2831 not.
1118 2800 1163 2831 ad
1187 2799 1326 2832 Comm.
1351 2800 1380 2840 Ι,
1406 2802 1439 2839 6,
1461 2803 1516 2832 62.

964 2845 1015 2918 Ῑὲ.
1062 2843 1196 2885 dando]
1226 2843 1306 2877 vid.
1336 2844 1504 2887 prolegg.
1532 2856 1565 2888 p.
1593 2855 1650 2878 xl..

917 2896 973 2919 me
1003 2911 1009 2919 .
