1845 3131
184 35 269 76 274
829 35 1106 80 MACROBII

190 160 329 189 sumus
361 145 400 185 id
437 143 691 206 potissimum
718 145 767 185 ab
799 159 848 186 eo
877 148 1089 200 probatum
1124 150 1233 204 quod
1269 164 1316 192 ex
1349 165 1420 194 sua
1450 152 1745 194 consuetudine

192 205 232 245 in
266 203 408 244 ultimo
442 205 596 254 posuit,
637 205 681 241 ut
710 215 731 241 a
770 201 833 242 dei
867 203 1052 245 dedicato
1085 205 1328 249 simulachro
1357 209 1568 251 delubrum
1601 223 1743 264 coepe-

155 260 245 303 4rit
295 256 530 310 nuncupari.
613 257 799 310 Virgilius
846 264 980 300 tamen
1031 266 1247 316 utramque
1291 265 1486 306 rationem
1537 266 1747 319 diligenter

194 321 253 356 est
282 319 485 355 executus.
546 313 598 353 Ut
629 314 732 355 enim
771 329 791 355 a
825 322 1027 370 postrema
1065 318 1323 373 incipiamus,
1374 322 1598 364 observavit
1634 323 1744 364 delu-

194 373 308 413 brum
346 369 625 411 nominaturus
667 376 737 412 aut
776 373 936 426 proprie
972 374 1138 416 deorum
1178 376 1339 417 nomina
1374 383 1444 418 aut
1476 392 1521 419 ea
1551 393 1655 433 quae
1685 378 1746 420 dis

195 426 595 469 accommodarentur
623 427 815 468 inserere:

364 486 412 524 Ac
436 484 585 537 (lentini
612 485 727 539 lapsu
757 486 919 527 delubra
948 486 1001 527 ad
1030 502 1181 528 smnma
1212 488 1401 530 dracones

366 541 582 595 Esl'uyiunt,

199 604 257 646 et,
283 602 328 636 ut
359 611 451 637 mox
478 596 762 637 simulachrum
797 598 1040 648 nominaret,
1069 600 1293 641 subtexuit:

610 669 821 709 saevaeque
845 664 985 710 petum
1022 657 1236 698 Tritonidis
1266 673 1409 705 arcem,

366 710 447 750 Sub
479 709 716 765 pedibusque
743 711 836 751 deae
864 713 1062 768 clypeique
1091 715 1161 755 sub
1192 715 1282 755 orbe
1311 722 1507 769 temnitur,

370 766 449 807 Nos
480 766 641 806 delubra
667 766 781 807 ileum
808 769 955 817 miseri,
986 770 1125 824 quibus
1151 772 1310 812 ultinms
1338 781 1430 813 esset

370 822 440 862 Ille
470 822 564 862 dies.

162 879 311 921 {illlam
357 892 449 919 vero
494 877 725 932 opinionem
769 878 818 919 de
858 893 969 930 area,
1019 895 1139 935 quam
1184 883 1313 924 Varro
1357 882 1625 937 praedixerat,
1669 894 1752 922 non

201 935 356 977 omisit:

372 991 580 1046 Principio
606 991 768 1033 delubra
798 992 961 1041 adeunt,
986 1008 1201 1050 pacemque
1226 1009 1300 1050 per
1327 1009 1422 1037 aras

371 1048 614 1102 lia-quirum,

203 1109 242 1144 et
272 1117 382 1144 mox:
419 1109 496 1144 Aut
523 1112 610 1144 aule
638 1118 709 1145 ora
739 1105 851 1145 deum
876 1107 1046 1160 pinques
1075 1108 1274 1162 spatiatur
1303 1107 1356 1147 acl
1381 1120 1485 1147 aras.

206 1160 314 1210 Quid
361 1160 465 1200 enim
510 1166 569 1200 est
610 1161 806 1215 spatiatur
852 1175 971 1215 quam
1017 1162 1145 1215 spatio
1181 1162 1248 1203 lati
1295 1163 1447 1203 itineris
1492 1160 1754 1202 obambulat?

207 1216 330 1266 Quod
377 1216 586 1257 adiciendo
628 1222 720 1257 ante
760 1230 848 1256 aras
893 1218 1068 1259 ostendit
1116 1232 1246 1259 aream
1291 1219 1543 1273 adsumptam
1587 1217 1756 1258 deorum

201 767 311 806 item:

207 1287 338 1313 eausa.
395 1274 452 1312 lta
483 1287 556 1313 suo
586 1287 697 1313 more
722 1273 830 1314 velut
855 1273 962 1314 aliud
990 1274 1145 1328 agendo
1176 1275 1298 1329 inplet
1325 1275 1508 1316 archana.

169 1330 194 1368 o
322 1329 384 1369 De
439 1328 499 1369 ‹lis
553 1343 718 1383 quoque
762 1330 1037 1371 Romanorum
1088 1332 1282 1386 propriis,
1336 1332 1374 1372 id
1425 1337 1486 1372 est
1525 1328 1759 1379 Penatibus,

297 1457 400 1499 [Hss.
427 1457 593 1490 ABGPS.

208 1525 286 1556 v—g.
317 1532 354 1536 -—-
394 1514 442 1544 ab
477 1513 533 1544 ‹Iei
568 1524 645 1556 ug.
708 1519 745 1546 et
782 1514 836 1546 dei
873 1517 960 1551 (um.
998 1518 1038 1553 a)
1077 1514 1112 1546 S.
1274 1516 1305 1546 4.
1357 1519 1516 1547 executus
1557 1518 1647 1553 (nm.
1687 1516 1756 1552 est)

207 1559 242 1590 h.
283 1577 326 1582 --
366 1559 514 1600 propria
553 1558 590 1589 S.
642 1577 680 1581 -—
725 1559 783 1601 At]
824 1560 910 1591 Aen.
957 1559 1009 1598 ΙΙ,
1051 1562 1126 1590 225.
1174 1577 1207 1582 —
1259 1560 1403 1591 delubra.
1444 1560 1489 1591 orl
1528 1570 1661 1590 summa

210 1604 280 1635 Sub
311 1604 521 1645 pedibusque
558 1604 656 1645 deae]
693 1603 749 1634 Gr.
788 1604 876 1634 Serv
921 1605 943 1635 Ι.
972 1615 1001 1635 c.
1040 1622 1080 1627 -—
1122 1603 1327 1646 saeuaeque]
1364 1604 1411 1636 ib.
1447 1606 1524 1635 226.
1557 1621 1598 1626 —
1641 1602 1757 1634 'I'rito-

206 1649 319 1680 nidos
342 1648 445 1679 s-bl'.
478 1666 507 1670 —
545 1648 630 1689 bos]
659 1648 899 1687 Λ(·ιι.11.χ241·1Δ
1040 1652 1073 1680 5.
1112 1649 1253 1681 dimisit
1273 1660 1351 1690 v-g.
1375 1666 1415 1671 —
1444 1649 1631 1680 delubrum
1657 1649 1758 1689 (sup.

207 1696 247 1730 u)
275 1693 314 1723 G.
358 1711 395 1714 —
439 1692 625 1734 Principio]
654 1694 738 1724 Aen.
763 1693 820 1731 lv,
848 1697 902 1725 56.
937 1712 978 1716 —
1017 1693 1099 1736 Aut]
1127 1693 1172 1725 ib.
1201 1696 1254 1725 62.
1293 1711 1331 1716 —
1370 1696 1440 1726 Aut
1545 1691 1757 1733 obambulat]

208 1737 261 1768 Cf.
288 1737 391 1768 Serv.
417 1737 458 1767 nd
489 1738 574 1768 Aen.
603 1737 659 1775 lv,
685 1741 739 1769 56.
775 1757 802 1761 —
854 1744 901 1770 est
932 1738 1057 1770 (eliud
1087 1748 1158 1769 v-n.
1214 1739 1340 1770 aliud
1366 1744 1413 1770 est
1441 1737 1548 1780 lug-hp
1599 1756 1633 1760 -
1674 1747 1757 1779 spa-

208 1783 306 1813 tiari
328 1782 404 1818 (vel
432 1786 546 1824 spec.)
572 1794 650 1823 v-g.
686 1801 716 1805 —
748 1783 814 1814 lati
840 1784 924 1814 loci
949 1784 1051 1814 Serv.
1079 1783 1102 1814 Ι.
1128 1794 1157 1815 c.
1187 1801 1217 1806 —-
1253 1783 1511 1814 obambulabat
1539 1782 1578 1813 P.
1611 1800 1649 1804 ——
1678 1781 1759 1812 alia

209 1828 349 1870 agendo
373 1826 409 1857 S.
548 1830 579 1858 6.
624 1830 706 1870 (ἀρ.
736 1829 775 1858 Ι.
804 1829 896 1868 Quid
920 1829 970 1859 dii
989 1833 1134 1870 penates
1155 1828 1211 1860 v3i
1235 1828 1293 1868 (vl
1324 1830 1374 1868 Qu
1386 1829 1426 1865 i).
1452 1845 1494 1851 ---
1518 1827 1646 1859 decimo
1669 1837 1760 1858 nono

214 1938 385 1969 Sabinus:
418 1938 646 1969 Delubrum
673 1940 812 1981 effigies
840 1950 860 1970 a
888 1939 948 1970 ‹le-

1020 1938 1152 1980 rentur]
1182 1938 1202 1970 i.
1222 1950 1250 1970 e.
1270 1942 1332 1970 aut
1351 1937 1501 1970 deorum
1528 1936 1759 1981 cognomina,

210 1983 393 2014 libratione
417 1983 570 2015 corticis:
602 1995 680 2015 nam
708 1985 845 2025 antiqui
862 1985 948 2024 feli-

1021 1989 1058 2015 ut
1086 1984 1181 2015 infra
1212 1984 1374 2014 Tritonis.

210 2028 298 2059 cium
327 2027 484 2058 arborum
509 2038 623 2058 ramos
650 2029 772 2059 cortice
797 2029 951 2060 detracto

212 2073 247 2103 in
272 2072 411 2113 effigies
440 2072 577 2102 deorum
603 2073 822 2111 formabant,
861 2073 952 2103 unde

217 2117 342 2148 Graeci
372 2112 505 2154 ξόανον
538 2116 666 2148 dicunt
710 2116 807 2153 (vid.
842 2116 948 2147 eund.

211 2160 255 2192 ad
298 2160 383 2190 Aen.
432 2159 494 2196 IV,
544 2162 631 2196 56.).
708 2160 950 2191 Doederlinus

213 2204 352 2246 (Etym.
379 2214 413 2245 p.
438 2205 511 2240 54.)
541 2204 634 2236 haue
659 2216 781 2235 vnn-eni
809 2205 952 2236 derivat

213 2249 259 2280 ab
284 2259 325 2279 eo
348 2248 440 2289 quod
469 2253 524 2278 est
549 2250 680 2287 lavere,
716 2246 843 2281 λούειν.
892 2249 949 2280 Cf.

214 2293 317 2325 Serv.
346 2293 368 2324 Ι.
389 2304 418 2323 e.
452 2293 675 2325 Delubrum
702 2294 842 2333 dicitnr,
862 2294 952 2336 quod

214 2350 282 2370 uno
303 2343 389 2370 tecto
411 2338 515 2378 plura
537 2339 773 2380 complectitur
794 2339 952 2378 numina,

215 2383 298 2424 quia
324 2394 391 2414 uno
413 2387 499 2414 tecto
525 2383 725 2422 diluitur,
748 2388 784 2415 ut
808 2389 855 2414 est
882 2384 952 2414 Ca-

211 2427 371 2469 pitolium
395 2427 427 2457 in
455 2438 520 2468 quo
542 2433 591 2459 est
618 2428 774 2458 Minerva
799 2428 953 2470 Iuppiter

219 2472 313 2503 Iuno.
361 2472 434 2503 Alii
465 2472 516 2512 [ut
555 2471 705 2514 Cincius]
740 2472 856 2504 dicunt
884 2473 952 2503 ‹le-

216 2516 376 2547 lubrum
411 2527 482 2547 esse
514 2517 624 2547 locum
659 2522 739 2548 ante
776 2517 951 2558 templum,

217 2561 275 2592 ubi
300 2571 393 2602 aqua
420 2561 542 2593 currit.
575 2572 596 2591 a
623 2561 844 2592 diluendo.
889 2562 953 2593 Est

217 2610 332 2637 autem
358 2605 587 2646 synecdoche.
620 2605 652 2636 h.
681 2617 708 2636 e.
733 2617 754 2636 a
775 2611 877 2647 parte
900 2611 952 2637 to-

217 2655 296 2680 turn
315 2675 321 2681 .
338 2673 368 2680 ..
440 2650 511 2680 Alii
561 2650 784 2681 delubrum
836 2651 954 2681 dicunt

216 2695 380 2735 templum
415 2694 456 2724 ab
491 2705 527 2725 eo
556 2695 647 2736 quod
680 2695 770 2726 nulli
802 2695 955 2726 irmctum

219 2739 378 2779 aedificio
398 2739 517 2779 pluvio
540 2740 749 2771 diluatur.
774 2739 955 2781 Hartung.

220 2783 239 2812 l.
264 2793 291 2812 e.
314 2794 346 2824 p.
376 2785 445 2814 144.
468 2784 645 2815 delubrum
664 2783 717 2815 ait
739 2783 954 2825 siguificare

219 2828 337 2858 locum
361 2828 406 2858 ab
431 2827 527 2859 (nuni
555 2839 621 2859 usu
648 2829 791 2870 privato
814 2828 955 2860 delibe-

221 2876 351 2902 ratum.

263 2916 290 2944 4,
340 2920 400 2946 ant
440 2926 479 2946 ea
514 2927 602 2958 qnae
632 2916 685 2948 dis
717 2916 954 2948 accommoda-

1064 2027 1224 2069 inserere]
1251 2027 1314 2058 Vid
1354 2026 1523 2068 prolegg.
1550 2036 1583 2066 p.
1609 2035 1666 2056 xl..

1064 2074 1096 2103 5.
1144 2070 1259 2113 quam]
1285 2071 1445 2112 positum
1469 2074 1523 2101 est
1550 2079 1614 2110 pro
1633 2068 1715 2101 nisi.

1069 2116 1167 2156 Quod
1191 2114 1388 2156 adiciendo]
1421 2125 1469 2145 sc.
1496 2114 1644 2145 verbum
1673 2124 1758 2156 spa-

1019 2160 1140 2192 tiatur.
1201 2159 1317 2201 Vulgo
1360 2159 1455 2190 male
1496 2158 1566 2189 hnc
1606 2158 1758 2190 verbum

1020 2203 1055 2235 in
1079 2203 1382 2236 antecedentibus
1406 2202 1583 2244 scriptum
1606 2207 1662 2235 est
1680 2202 1761 2234 vul-

1020 2249 1174 2292 garibus
1196 2248 1346 2287 litteris5
1372 2249 1434 2280 sed
1460 2248 1495 2279 in
1521 2247 1761 2288 sequentibus

1020 2299 1100 2326 ante
1129 2304 1212 2325 aros
1244 2292 1382 2324 litteris
1409 2291 1614 2333 distinctis,
1653 2290 1761 2334 quasi

1021 2338 1114 2370 haec
1138 2342 1262 2369 essent
1286 2338 1396 2369 verba
1422 2336 1583 2379 Virgilii.

1066 2384 1161 2415 velut
1187 2383 1288 2414 aliud
1313 2382 1467 2425 agendo]
1491 2382 1543 2414 Cf.
1569 2380 1605 2421 l,
1624 2381 1680 2412 24.
1705 2382 1760 2412 17.

1021 2433 1198 2469 tamquam
1228 2427 1355 2459 aliud
1381 2438 1526 2470 agens.

1064 2475 1096 2503 6.
1144 2472 1180 2504 id
1206 2477 1254 2504 est
1275 2471 1474 2512 Penatibus]
1504 2471 1543 2502 In
1569 2467 1760 2501 Servianis

1021 2515 1304 2548 conum-‚nimiis
1335 2516 1379 2547 ad
1413 2526 1493 2546 euru
1525 2512 1676 2554 Virgilii
1704 2512 1760 2544 lo-

1021 2572 1102 2593 eum
1127 2571 1234 2602 quem
1262 2560 1391 2591 citavit
1417 2557 1627 2590 Macrobius
1652 2556 1758 2596 (Aen.

1023 2606 1095 2645 ΙΙΙ,
1134 2606 1228 2644 119.)
1263 2603 1417 2645 legitur:
1468 2603 1562 2633 Sane
1592 2601 1654 2632 hoc
1685 2601 1758 2634 loco

1028 2650 1201 2692 Virgilius
1227 2653 1362 2680 secutus
1391 2651 1539 2678 veterum
1565 2646 1759 2688 opinionem

1027 2694 1268 2736 Neptunum
1300 2696 1432 2724 tanturn
1459 2696 1488 2722 et
1518 2690 1758 2732 Apollinem

1021 2737 1235 2769 nominavit:
1284 2737 1446 2768 dicuntur
1487 2735 1576 2766 enim
1615 2734 1652 2765 1ιί
1698 2734 1760 2766 dii

1026 2782 1209 2814 Penates
1224 2781 1354 2820 fuisse,
1381 2791 1464 2822 quos
1484 2789 1596 2811 secum
1617 2778 1761 2810 advexit

1023 2827 1179 2865 Aeneas,
1210 2825 1366 2867 quamvis
1389 2824 1535 2856 diversis
1562 2823 1644 2855 locis
1668 2823 1762 2855 alias

1023 2871 1200 2912 opiniones
1234 2869 1383 2901 aliorum
1416 2874 1552 2901 secutus
1583 2872 1687 2910 poeta
1718 2866 1760 2899 de

1024 2915 1091 2947 diis
1119 2914 1305 2948 Penatibus
1329 2914 1467 2946 diversa
1492 2913 1630 2953 dimerit,
1654 2914 1690 2945 et
1713 2910 1759 2944 ud
