1843 3163
314 29 790 73 SATURNALIORUM
829 28 928 70 ΗΒ.
963 29 1053 70 Vll.
1092 28 1212 71 CM».
1254 28 1299 69 V.
1331 28 1400 69 vl.
1547 30 1630 71 58¹.»

85 148 144 184 tas
172 143 380 184 observata
412 155 491 182 non
516 141 680 188 sauciet,
707 141 790 194 ipse
820 145 951 181 tamen
982 140 1097 181 luxus
1126 154 1282 182 morum
1308 140 1358 182 sit
1382 140 1697 196 aegritudo42231

85 199 157 240 llis
198 198 466 239 favorabiliter
502 197 676 251 exceptis
707 197 909 237 Disarius:
946 197 1177 238 (Jhsecutus
1203 211 1267 245 es,
1305 197 1452 252 inquit,
1480 197 1696 242 Busta-33

86 254 152 303 thi,
183 254 426 302 dialecticae,
458 268 529 305 ego
562 253 792 293 medicinae.
848 253 930 303 Qui
961 254 1065 293 wlct
1096 254 1240 304 eligere
1273 253 1476 307 sequenda
1510 268 1626 296 usum

85 310 278 359 consulat,
307 316 346 350 et
376 310 471 364 quid
502 310 553 350 sit
582 310 718 349 utilius
750 309 907 349 sanitati
940 309 1180 361 experientia
1212 310 1381 349 docebit.

201 367 265 406 ΥΙ.
321 367 419 406 Post
456 366 550 405 hacc
592 365 819 406 maxianus:
875 365 923 403 lit
965 364 1062 404 alios
1099 365 1259 417 (pridem
1304 366 1479 405 medicos
1525 366 1663 407 idem!

84 421 260 462 dicentes
302 436 459 476 semper
494 421 645 469 auditi,
689 421 821 461 xinum
865 420 966 459 inter
1004 420 1129 459 calida
1172 421 1438 468 censendum,
1486 422 1552 462 sed
1591 428 1631 462 et.

85 492 190 518 nunc
214 479 465 525 Eustathius,
496 492 584 517 cum
616 491 755 517 causas
785 475 988 516 ebrietatis
1016 476 1239 527 attingeret,
1269 477 1523 529 praedicabat
1552 478 1630 518 vini

84 534 269 575 calorem.
330 534 431 574 Mihi
466 539 597 574 autem
638 546 757 586 saepe
794 532 867 572 hoc
905 545 1060 571 mecum
1098 532 1296 585 reputanti
1337 533 1417 572 risa
1457 539 1516 572 cst
1553 534 1629 574 nini

84 597 226 631 natura
254 590 388 641 frigori
420 589 583 643 propior
611 602 731 642 quam
766 588 908 628 calori:
947 593 986 627 et
1015 588 1054 628 in
1089 588 1261 628 medium
1294 588 1451 641 profero
1484 589 1631 642 quihus

83 646 131 686 ad
163 646 238 686 hoc
266 642 556 687 aestimandum
590 644 744 692 trahor,
788 649 833 684 ut
868 648 1042 684 vestrum
1076 644 1126 684 sit
1157 644 1205 684 de
1240 658 1325 685 mea
1356 645 1632 686 aestimatione

85 702 290 743 iudicium.
353 701 522 749 Vinum,
566 706 760 754 quantum
793 714 879 741 mea
912 699 986 740 sert
1015 700 1172 755 opinio,
1218 701 1322 741 sicut
1353 706 1494 742 natura
1524 701 1670 754 frigi-2

83 757 176 799 dum
207 762 278 805 est,
308 757 361 797 ita
392 770 515 811 capax
546 756 604 796 vel
636 756 754 796 etiam
786 756 977 810 adpetens
1009 757 1052 797 lit
1083 756 1237 805 caloris,
1269 770 1359 797 cum
1387 758 1521 799 calidis
1547 757 1630 799 sue-

83 813 133 854 rit
166 812 387 854 admotum.
447 814 547 854 Nam
578 818 617 852 et
648 812 795 853 serrum
822 826 911 852 cum
944 817 1054 853 tactu
1082 813 1132 853 sit
1160 812 1361 864 frigidum,

488 893 536 897 —
566 865 735 921 ψυχρὸν
765 865 801 908 δ’
837 867 901 908 ἕλε
929 865 1088 920 χαλκὸν
1120 866 1312 919 ὀδοῦσιν,

83 924 114 964 si
146 929 277 964 tamen
312 924 436 965 solem
471 924 700 978 pertulerit,
744 924 1001 973 concalescit,
1051 931 1090 966 et
1122 925 1229 965 calor
1265 926 1415 966 advena
1451 926 1628 967 nativum

83 980 206 1033 frigus
237 980 408 1034 expellit.
468 982 554 1021 lloc
585 986 718 1020 utrum
755 980 807 1020 ita
846 994 931 1020 esse
960 981 1060 1021 ratio
1096 982 1334 1035 persuadeat
1364 982 1629 1036 requiramus.

87 1036 232 1077 Vinum
271 1043 340 1076 aut
371 1041 469 1090 potu
495 1037 751 1077 interioribus
787 1037 1040 1086 csmciliatur,
1072 1044 1141 1078 aut
1174 1038 1276 1086 fotu,
1304 1044 1349 1079 ut
1379 1039 1669 1092 superliciern3

84 1098 208 1140 curet,
239 1092 463 1133 adhibetur.
523 1093 623 1133 Cum
652 1092 874 1133 infunditur
902 1093 996 1141 euti,
1028 1094 1124 1147 quin
1152 1093 1337 1146 frigidum
1365 1095 1416 1135 sit
1445 1109 1518 1135 nee
1548 1109 1629 1135 me-

84 1148 161 1188 dici
193 1148 337 1188 inlitias
369 1153 486 1189 eunt:
523 1149 693 1189 calidum
727 1154 859 1188 tamen
894 1149 933 1188 in
963 1149 1220 1190 interioribus
1251 1151 1503 1203 praedicant,
1537 1165 1629 1191 cum

85 1218 166 1245 non
193 1204 270 1244 tale
302 1204 533 1253 descendat,
571 1205 640 1245 scd
671 1204 891 1245 admixtum
928 1205 1065 1245 calidis
1102 1206 1361 1247 concalescat.
1426 1208 1544 1248 Certe
1569 1209 1669 1247 re-4

83 1259 309 1314 spondeant
346 1260 457 1309 volo,
504 1274 576 1301 cur
621 1260 829 1302 stomacho
871 1260 910 1301 in
952 1261 1227 1303 lassitudinem
1265 1262 1517 1317 degeneranti
1556 1264 1698 1320 ad[229]

1138 1375 1231 1407 Edd.
1255 1375 1540 1419 vieahgspdzh]

83 1428 182 1470 (sup.
206 1426 287 1459 add.
310 1430 362 1466 es)
389 1426 430 1459 Α.
458 1445 498 1450 -
525 1438 626 1470 ergo
651 1428 842 1461 medicinae
866 1430 921 1461 dz.
965 1429 1003 1461 ln
1031 1430 1095 1471 spd
1122 1430 1208 1462 huic
1235 1431 1346 1473 capiti
1374 1432 1428 1469 (in
1454 1434 1514 1474 spi
1545 1443 1633 1465 non-

82 1472 154 1505 nisi
178 1477 359 1504 commate
381 1471 518 1514 positu)
544 1471 793 1505 suhiicinntur
816 1477 890 1505 tres
917 1474 1098 1512 asterisci,
1123 1475 1225 1517 quusi
1252 1475 1390 1518 aliquid
1420 1477 1612 1509 exciderit.

172 1517 231 1548 vl.
284 1518 398 1559 Caput
430 1517 489 1549 sl.
535 1518 660 1548 Vinum
689 1523 819 1550 natura
840 1519 1016 1561 frigidum
1045 1521 1161 1562 potius
1188 1521 1299 1552 videri
1325 1532 1426 1562 quam
1460 1523 1633 1554 calidum.-

82 1566 114 1595 ct
139 1572 199 1594 cur
223 1572 303 1593 raro
325 1561 497 1602 feminae,
529 1572 624 1593 senes
646 1562 712 1594 cito
736 1563 956 1595 inebrientur.
989 1563 1092 1596 cli-h.
1232 1567 1260 1596 1.
1308 1566 1565 1598 Flavinianus
1588 1567 1632 1599 ΙΙ.

84 1624 125 1629 --
160 1605 265 1647 nunc]
290 1605 348 1638 Cf.
372 1616 402 1637 c.
423 1608 465 1644 5,
491 1607 511 1645 ἓ
541 1607 588 1636 14.
618 1623 661 1630 -—
686 1607 746 1638 hoc
769 1618 872 1650 saepe
901 1608 988 1638 Edd.
1014 1607 1051 1640 S.
1080 1627 1112 1631 —
1147 1609 1323 1652 proprior
1349 1609 1388 1641 Ρ.
1414 1629 1455 1633 -
1491 1612 1631 1643 existi·-

82 1651 246 1682 mondum
271 1650 328 1682 ab.
363 1650 612 1682 estimandum
638 1649 763 1692 viehg.
790 1670 829 1674 -
855 1653 1127 1684 existimatione
1153 1655 1210 1685 ah.
1253 1655 1487 1686 extimatione
1508 1655 1632 1698 viu-hg.

216 1696 250 1725 2.
288 1695 413 1725 caloris
429 1696 476 1735 fit
505 1705 583 1735 v-g.
633 1700 692 1727 est
723 1696 848 1727 caloris
873 1697 978 1728 s-hl’.
1017 1714 1061 1720 —
1096 1695 1251 1739 ψυχρὸν]
1280 1698 1425 1729 nomer.
1454 1699 1496 1730 Il.
1524 1697 1552 1740 ἑ,
1577 1703 1631 1732 75.

82 1736 225 1780 ψυχρὸν
249 1761 278 1769 ..
306 1734 454 1770 ὀδοῦσιν
488 1749 558 1769 oin.
587 1738 623 1770 S.
662 1756 702 1762 —
743 1736 772 1771 ὸθ
798 1736 851 1772 ἕλε
884 1752 952 1772 oin.
981 1751 1055 1773 v-a.
1104 1752 1195 1773 ,ιειε
1226 1742 1263 1773 Α.
1302 1760 1341 1764 -
1383 1739 1530 1781 ὅλουις
1556 1755 1631 1777 v-a.

83 1780 219 1815 ὀδοῦσι
245 1782 278 1814 h.
418 1784 449 1813 3.
495 1783 617 1814 linum
645 1783 728 1825 eet]
762 1783 816 1815 Cf.
845 1785 942 1817 l’lut.
968 1788 1094 1828 Symp.
1122 1786 1192 1826 ΙΙΙ,
1223 1788 1262 1823 5,
1295 1788 1304 1817 1
1335 1797 1387 1829 sq.
1421 1806 1462 1811 —
1506 1790 1631 1821 linum

83 1827 195 1870 qaod
220 1832 281 1859 aut
316 1838 391 1867 c—g.
431 1844 472 1850 —-
514 1830 675 1866 anisola
702 1833 762 1861 aut
787 1835 871 1870 potu
896 1831 1115 1862 interioribus
1140 1831 1345 1862 conciliatur
1382 1843 1413 1863 v.
1454 1851 1498 1856 —
1536 1839 1631 1866 curet

82 1882 151 1904 om.
177 1870 214 1903 S.
255 1889 299 1894 —
337 1871 571 1911 inferioribus
598 1872 641 1903 ΙΙ.
681 1891 720 1896 -—
758 1873 956 1908 distendat
988 1874 1024 1907 S.
1068 1892 1109 1899 —
1152 1875 1353 1908 admistum
1380 1887 1457 1919 v-g.
1595 1880 1628 1910 4.

82 1980 142 2002 vos
163 1969 286 2001 deinde
310 1974 459 2008 transeo,
479 1982 621 2012 quorum
643 1972 822 2014 profunda
891 1973 1034 2006 dicatur
1059 1975 1196 2006 advena
1222 1976 1281 2007 vel
1309 1976 1457 2009 animai.
1507 1977 1562 2009 Cf.
1601 1989 1630 2009 c·

82 2019 114 2046 et
160 2015 373 2046 insatiabilis
418 2016 507 2057 gula
555 2016 632 2047 hinc
682 2018 821 2048 maria

82 2063 330 2096 scrutatur,
366 2058 443 2090 hinc
469 2064 622 2091 terras.-
654 2061 729 2091 alia
754 2061 820 2092 ha-

82 2103 164 2143 mis,
202 2103 275 2134 alia
302 2103 436 2144 laqueis
460 2104 534 2135 alia
563 2105 686 2136 retium
712 2106 821 2136 variis

81 2147 265 2190 generibus
291 2157 366 2178 cum
395 2159 525 2190 magno
555 2149 671 2180 labore
700 2160 818 2191 perse-

82 2191 216 2232 quitur.-
238 2192 346 2223 nullis
369 2192 579 2224 animalibus
602 2194 671 2225 nisi
697 2204 736 2225 cx
759 2196 820 2233 sa-

80 2236 186 2267 stidio
211 2246 283 2278 pax
307 2239 367 2267 est.
388 2258 419 2267 ..
449 2236 660 2276 Quantulum
686 2248 725 2269 es
752 2238 819 2269 ista

75 2280 180 2319 sera
212 2280 459 2321 periculose
492 2287 624 2323 capta
661 2283 820 2314 dominus

81 2324 208 2355 crudus
230 2334 270 2354 ac
290 2334 464 2355 nauseans
481 2325 630 2367 gustat?
665 2332 818 2368 quantu-

81 2366 152 2398 lum
176 2378 217 2398 ex
237 2372 284 2399 tot
310 2368 553 2409 conchyliis
579 2374 665 2401 tam
686 2370 819 2413 longe

81 2411 283 2443 advectis
310 2422 372 2452 per
400 2412 503 2442 isium
530 2414 738 2445 stomachum
762 2416 818 2446 in-

80 2455 282 2496 explebilem
305 2454 459 2487 labitur?
486 2455 584 2487 Plin.
612 2456 654 2488 N.
682 2457 727 2488 H.
754 2458 817 2499 lx,

79 2500 136 2537 34,
159 2510 188 2532 S.
212 2501 266 2530 53.
304 2500 377 2530 Iam
410 2500 548 2541 quidem
583 2512 623 2532 cx
654 2506 727 2533 tota
760 2513 817 2534 re-

80 2553 156 2575 rum
177 2548 306 2575 natura
329 2544 699 2577 damnosissimum
720 2556 817 2578 ven-

81 2588 140 2620 tri
163 2598 278 2619 mare
300 2592 349 2620 est
374 2591 440 2619 cet.

123 2633 177 2662 33.
228 2631 294 2663 His
309 2632 553 2671 favorabiliter
579 2631 738 2674 exceptis]
761 2631 817 2665 Cf.

80 2685 111 2705 c.
128 2677 160 2706 3.
184 2675 204 2715 §
227 2677 256 2707 1.
282 2676 377 2708 Haec
402 2677 567 2709 dicentem
587 2678 694 2716 favor
719 2688 816 2709 exec-

77 2719 130 2760 pit
151 2720 315 2751 omniurn.

125 2762 183 2801 vl,
209 2765 241 2795 2.
288 2764 318 2796 si
344 2763 471 2805 tamen]
508 2762 712 2797 Dicendum
738 2768 818 2798 erat

79 2810 206 2845 tamen,
231 2808 271 2839 si.

123 2850 275 2892 advena]
312 2862 404 2883 novo
437 2852 544 2884 modo
579 2852 739 2885 refertur
772 2854 815 2885 ad

80 2903 175 2933 rem,
209 2905 318 2935 quum
343 2896 489 2937 proprie
513 2907 583 2929 non
608 2896 680 2930 nisi
705 2897 815 2930 homo

889 2021 921 2051 8.
949 2020 969 2058 ἓ
998 2021 1050 2050 15.
1077 2020 1280 2052 advenam
1309 2032 1444 2053 sensum
1464 2023 1630 2065 frigoris,

890 2067 925 2094 et
950 2074 980 2094 0.
1016 2063 1108 2104 12‚§
1141 2066 1191 2095 12.
1223 2076 1283 2096 aer
1314 2067 1505 2103 advena,
1543 2072 1580 2099 et
1613 2069 1629 2107 ς’

887 2109 943 2138 32.
989 2108 1030 2139 de
1075 2109 1266 2141 aclvenis
1307 2111 1422 2142 undis.
1493 2111 1546 2143 De
1592 2123 1630 2143 re

890 2151 983 2183 cons.
1010 2151 1048 2183 C.
1070 2152 1118 2193 ll,
1145 2155 1197 2193 15,
1221 2158 1240 2185 7
1263 2165 1316 2196 sq.

934 2201 1047 2228 utrum
1075 2221 1106 2229 ..
1136 2198 1226 2230 ratio
1249 2199 1475 2242 persuadeat]
1513 2199 1569 2232 Cf.
1599 2211 1629 2232 c.

889 2241 920 2272 4.
947 2240 977 2281 §.
1000 2243 1031 2272 3.

935 2296 964 2325 3.
1015 2296 1235 2328 interioribus
1270 2299 1489 2341 conciliatur]
1539 2299 1562 2331 i.
1599 2311 1628 2331 0.

888 2339 931 2370 ad
960 2339 1137 2372 interiora
1164 2342 1325 2373 curanda
1351 2343 1559 2376 adhibetur.

932 2399 968 2426 nt
994 2396 1205 2437 superficiem
1238 2396 1344 2438 curet]
1379 2397 1401 2429 i.
1428 2409 1446 2429 0
1493 2398 1535 2430 ad
1565 2409 1629 2429 eu-

888 2441 959 2469 tem
997 2440 1209 2471 curandam.
1259 2440 1314 2472 cf.
1341 2452 1369 2472 0.
1395 2444 1434 2481 8,
1460 2442 1476 2482 §
1503 2446 1556 2481 8.;
1595 2453 1625 2474 0.

889 2482 984 2523 13‚§
1018 2485 1075 2513 27.
1135 2483 1326 2524 Singulari
1363 2486 1468 2516 modo
1505 2485 1626 2528 ipsum

888 2526 1088 2557 remedium
1123 2527 1259 2559 dieitur
1284 2539 1425 2560 curare.

930 2591 989 2611 nec
1014 2581 1138 2612 medici
1159 2582 1291 2623 infitias
1315 2582 1407 2625 eunt]
1441 2582 1494 2614 Cf.
1528 2583 1623 2617 Plin.

886 2622 926 2655 N.
958 2624 1004 2655 H.
1044 2624 1144 2665 le,
1175 2629 1204 2657 5.
1236 2637 1263 2658 s.
1292 2630 1323 2658 7.
1370 2629 1457 2659 l‘ino
1494 2633 1625 2661 natura

886 2672 934 2699 est
958 2668 1082 2700 hausto
1112 2671 1321 2702 accendendi
1351 2672 1463 2704 calore
1492 2673 1626 2705 viscera

886 2712 1002 2752 intus,
1061 2714 1180 2753 foris
1229 2715 1379 2754 infuso
1431 2717 1624 2760 refrige-

884 2756 1026 2789 randi.

931 2811 1128 2854 descendat]
1148 2811 1202 2844 Cf.
1228 2815 1248 2854 ἕ
1274 2817 1305 2846 6.
1334 2816 1562 2849 descendit
1588 2817 1623 2848 in

887 2855 1026 2895 viscera,
1049 2860 1084 2888 et
1111 2856 1238 2890 Horat.
1256 2859 1371 2901 Epod.
1394 2862 1428 2900 2,
1452 2862 1506 2891 53.
1530 2862 1622 2901 Afra

884 2900 960 2932 avis
984 2900 1219 2936 descendat
1245 2903 1281 2935 in
1304 2909 1454 2938 ventrem
1479 2915 1601 2937 mcum.
