1845 3126
215 63 271 106 58
843 56 1118 101 MACROBII

214 173 299 216 Diti
328 171 471 214 sacello
498 174 537 211 et
565 169 739 211 Saturno
775 181 865 219 ara,
910 169 1025 211 cuius
1054 169 1198 211 festum
1230 169 1453 211 Saturnalia
1480 170 1747 212 nominarunt.

148 231 198 274 31
216 231 399 284 Cumque
425 226 494 268 diu
519 225 704 266 humanis
733 225 928 280 capitibus
955 225 1090 267 Ditem
1127 230 1166 266 et
1201 225 1376 267 virorum
1409 226 1579 268 victimis
1611 226 1748 268 Satur-

214 300 309 328 num
336 285 492 353 placare
522 295 564 323 se
593 281 799 322 crederent
822 286 984 336 propter
1011 282 1215 323 oraculum
1245 281 1285 321 111
1310 295 1391 336 quo
1418 287 1517 323 erat:

353 338 443 380 Καί
470 335 658 393 κεφαλὰς
674 335 816 393 Ἅιδῃ,
849 337 923 379 καὶ
948 338 1008 393 τῷ
1036 337 1165 392 πατρὶ
1194 335 1373 390 πέμπετε
1401 338 1535 392 φῶτα,

213 396 426 438 Herculem
466 394 597 435 serunt
631 400 767 449 postea
804 408 891 435 cum
926 380 1120 449 Geryonis
1151 407 1293 448 pecore
1324 407 1394 448 per
1424 394 1577 434 Italiam
1617 405 1746 433 rever-

212 458 359 494 tentem
393 452 564 493 suasisse
595 451 750 491 illorum
781 450 967 505 posteris,
996 455 1041 491 ut
1071 449 1209 490 faustis
1235 449 1434 490 sacrificiis
1462 449 1630 490 infausta
1659 461 1746 488 mu-

212 514 342 550 tarent
380 507 590 549 inferentes
620 507 705 547 Diti
740 521 821 548 non
853 506 1059 548 hominum
1093 506 1221 560 capita
1253 506 1320 547 sed
1356 506 1489 547 oscilla
1524 505 1573 545 ad
1607 503 1746 545 huma-

211 579 303 607 nam
334 564 501 619 effigiem
529 569 613 605 arte
644 563 843 614 simulata,
889 569 928 605 et
961 576 1047 604 aras
1077 562 1282 604 Saturnius
1313 576 1394 602 non
1424 561 1633 602 mactando
1662 560 1746 601 viro

301 691 403 734 [uss
431 690 597 724 ABGPs.

210 747 314 780 s-bP.
450 749 504 778 30.
542 746 662 778 erectis
686 745 777 786 (om.
806 745 888 787 que)
907 755 985 787 v-g.
1123 747 1179 776 31.
1224 744 1415 776 Saturnum
1444 754 1516 776 om.
1541 743 1578 776 S.
1612 760 1652 766 —
1686 740 1747 774 καὶ

234 790 373 834 ,φῶτα
398 801 468 822 om.
493 791 519 822 A
545 790 596 831 (G
619 790 702 822 add.
723 795 761 822 ut
787 790 822 821 in
845 790 934 832 gr..)
971 807 1008 812 —
1040 789 1240 828 similata,
1247 788 1380 829 ,libens
1407 788 1588 827 rescribo,
1614 786 1649 819 id
1675 786 1748 818 erit

209 835 296 868 ficta
326 839 362 867 et
396 835 566 867 formata.
622 833 818 876 Saepicule
853 834 944 865 hacc
977 843 1045 865 vox
1078 832 1113 864 in
1146 832 1363 865 melioribus
1397 833 1503 865 libris
1535 832 1745 873 corruptaf‘

209 880 311 913 Pont.
334 898 379 904 --
403 880 475 912 viro
499 878 586 911 ABS
611 879 663 916 (G
689 880 734 911 ab
759 878 837 911 ead
864 889 910 910 m.
935 878 1016 910 add.
1043 880 1075 915 s)
1100 879 1156 909 vl.
1203 878 1294 910 viros
1318 881 1381 909 ’13-
1385 878 1437 909 11Ρ
1463 877 1551 918 „Sic
1575 887 1665 918 quas
1691 876 1746 907 in-

207 925 311 967 spexi
333 923 523 957 editiones.
572 923 799 956 Cliartaceus
820 927 940 955 tamen
973 923 1058 954 viro.
1107 921 1210 963 Quod
1237 932 1325 954 sane
1350 922 1460 954 verba
1482 920 1623 953 oraculi
1649 920 1746 952 desi-

208 970 354 1007 derant
388 972 424 1000 et
452 968 628 1001 reiectum
660 972 813 1010 apparet
842 968 887 1000 ab
919 966 995 999 illis
1020 965 1081 1007 qui
1105 976 1174 997 non
1199 966 1434 998 adverterant
1456 965 1615 1009 singulis
1642 964 1746 1008 pagi-

208 1013 265 1047 nis
291 1024 313 1047 a
335 994 510 1046 Cicerone
535 1016 571 1045 et
591 1012 697 1045 Livio
721 1011 902 1045 eiusmodi
926 1011 1109 1044 ablativos
1134 1010 1295 1043 libenter
1317 1010 1420 1053 poni,
1455 1015 1494 1043 ut
1527 1010 1746 1052 defendenda

252 1129 437 1171 erectisque
465 1127 540 1161 Diti
569 1127 695 1160 sacello
727 1132 758 1160 et
789 1127 942 1160 Saturno
1012 1125 1083 1167 19.]
1119 1128 1239 1157 tamen
1271 1129 1327 1157 est
1363 1123 1424 1157 καὶ
1455 1122 1613 1167 κεφαλὰς
1648 1125 1747 1166 Κρο-

208 1172 289 1215 ara]
323 1172 379 1205 Cf.
407 1184 437 1204 c.
467 1175 517 1204 ll.
543 1173 563 1212 §
586 1174 640 1204 48.
667 1173 703 1204 in
732 1172 941 1204 sacellum

211 1217 328 1250 Ditis
351 1227 453 1249 arae
481 1217 667 1249 Saturni
690 1217 884 1249 cohaerens.

251 1263 307 1293 31.
360 1262 511 1294 virorum
555 1261 706 1293 victimis
750 1261 942 1293 Saturnum

203 1306 348 1348 placare
382 1317 417 1338 se
447 1305 632 1348 crederent]
669 1304 692 1337 i.
726 1316 756 1337 e.
782 1304 941 1337 Saturno

205 1349 309 1382 litari
349 1351 407 1382 vel
445 1360 550 1381 sacra
592 1349 625 1381 ei
667 1354 820 1391 accepta
860 1360 942 1381 esse

206 1395 410 1427 crederent.
440 1393 496 1425 cf.
520 1394 586 1433 111,
603 1396 635 1434 5,
651 1395 683 1425 4.
710 1395 824 1433 litare,
850 1394 942 1436 quod

206 1444 255 1471 est
289 1439 458 1480 sacrificio
491 1440 589 1478 sacto
623 1439 829 1480 placasse
866 1450 940 1470 nu-

205 1494 306 1516 men.
363 1483 511 1535 Dionys.
542 1483 582 1514 A.
615 1482 657 1514 R.
688 1482 805 1521 1‚3e.
841 1479 941 1514 ἁπο-

204 1524 568 1568 μειλιττομένους
589 1524 656 1568 τὴν
675 1526 740 1558 τοῦ
758 1526 850 1558 θεοῦ
872 1526 938 1578 w}-

202 1582 269 1604 νιν.
314 1572 463 1603 Lucian.
489 1570 675 1603 Satuinal.
704 1574 732 1602 1.
753 1564 797 1602 Ὠ.
825 1566 941 1612 Κρόνε

230 1614 318 1648 .σοι
340 1613 491 1649 τέθυται
515 1613 576 1647 καὶ
597 1611 939 1656 κεκαλλιέρηται

202 1656 286 1701 παρ’
311 1656 425 1702 ἡμῶν.
451 1676 496 1683 --
522 1659 697 1699 „Priscus
724 1659 856 1690 ltaliae
883 1658 938 1689 in-

203 1705 326 1744 colas,
361 1684 707 1746 Carthaginienses,
746 1703 874 1734 Gallos
903 1706 939 1733 ct

201 1748 297 1780 alias
341 1748 514 1790 quasdam
563 1748 763 1779 orientales
807 1750 938 1800 gentes

203 1792 328 1835 [immo
361 1791 431 1824 τισὶ
462 1791 535 1823 τῶν
565 1790 788 1833 ἑσπερίων
817 1787 938 1824 ἐθνῶν

201 1837 312 1869 habet
335 1835 547 1878 Dionysius]
581 1836 739 1868 Saturno
768 1834 937 1866 victimas

199 1882 381 1914 humanas
414 1880 623 1913 immolasse
648 1879 761 1912 tradit
787 1879 936 1921 Dionys.

201 1926 288 1957 Hal.
323 1927 362 1957 A.
390 1925 431 1955 R.
466 1924 501 1963 1,
527 1928 583 1957 38.
645 1925 697 1956 De
735 1922 934 1965 Carthagi-

202 1969 392 2001 niensibus
437 1979 512 2000 rem
558 1968 749 2000 confirmat
793 1978 936 2010 quoquc

200 2013 318 2046 Silius
342 2012 426 2044 Ital.
445 2012 503 2051 IV,
530 2016 619 2051 767„
645 2011 807 2044 Tertull.
831 2011 934 2053 Apol.

201 2058 230 2099 Ι,
245 2062 278 2097 9,
302 2062 337 2089 et
355 2058 486 2089 Minut.
502 2056 581 2088 Fel.
597 2059 653 2097 30,
667 2060 712 2096 3.,
737 2056 797 2097 qui
824 2056 937 2087 tradit

200 2113 342 2145 quoque
381 2102 512 2134 Gallos
551 2102 730 2133 humanas
767 2100 936 2132 victimas

198 2148 426 2185 immolasse,
451 2146 514 2178 sed
542 2145 737 2177 Mercurio.
782 2144 937 2176 Herculi

200 2191 272 2234 ipsi
314 2192 456 2223 Poenos
506 2190 699 2231 quotannis
746 2189 934 2221 victimam

199 2237 394 2268 humanam
419 2235 601 2267 obtulisse
625 2238 751 2266 auctor
775 2237 831 2265 est
858 2233 935 2265 Pli—

200 2281 282 2313 nius
310 2279 351 2312 N.
377 2280 421 2311 H.
453 2279 612 2310 xxxii.
637 2281 668 2309 5.
702 2278 744 2320 [s.
771 2280 812 2318 4,
839 2280 892 2309 12.
916 2279 931 2315 Q

197 2325 281 2368 39.].
330 2325 380 2356 De
407 2323 570 2356 Molochi
599 2322 843 2355 Orientalium
875 2321 933 2353 dei

197 2370 299 2401 cultu
341 2380 407 2411 per
447 2369 627 2400 humanas
667 2367 836 2399 victimas
876 2378 934 2398 rcs

199 2419 285 2446 nota
306 2418 362 2445 est
381 2425 423 2446 ex
445 2413 551 2445 libris
569 2411 934 2444 divinis.‘Zm11v.—

198 2459 276 2490 vid.
299 2458 461 2491 Lactant.
487 2458 517 2497 I,
542 2460 597 2497 22,
617 2461 649 2489 9.
690 2456 932 2488 Hildebraurl.

195 2503 239 2535 ad
264 2502 396 2535 Arnob.
421 2503 468 2541 11,
485 2505 552 2540 68,
575 2501 636 2533 11111
662 2501 818 2542 legitur:
845 2502 934 2532 Ante

193 2548 380 2580 adventum
412 2549 447 2580 in
476 2547 581 2579 Italia
604 2546 761 2578 Herculis
787 2557 860 2577 cum
892 2556 931 2577 ex

198 2593 370 2634 Apollinis
410 2592 541 2624 monitu
582 2591 704 2633 pat-ri
747 2590 840 2622 Diti
885 2600 931 2622 ac

200 2637 391 2669 Saturno
446 2636 647 2668 humanis
700 2635 931 2677 capitibus

196 2682 543 2722 supplicaretur:
579 2685 609 2712 ct
647 2680 736 2711 hunc
773 2680 931 2711 similiter

195 2735 319 2757 morem
351 2738 418 2757 non
445 2725 578 2766 fraude
604 2724 774 2756 callidula
803 2729 833 2756 ct
864 2735 929 2755 no—

194 2769 324 2800 minum
352 2771 583 2812 ambio-nitate
613 2768 799 2801 mutastis?
846 2768 930 2799 Pel-

195 2811 256 2853 leg
244 2815 339 2845 rrino
376 2815 527 2846 Andeut.
567 2825 599 2856 p.
633 2816 710 2854 Sa,
755 2813 930 2845 Klausen.

197 2866 231 2897 p.
233 2837 332 2888 r’864

243 2899 318 2932 Καὶ
340 2899 497 2943 κεφαλὰς
510 2897 585 2933 Ἀιδ
587 2900 654 2943 η,]
658 2901 711 2937 111
735 2898 927 2933 Lactantio

195 2942 238 2985 [1,
257 2946 322 2985 21,
341 2947 373 2976 7.
380 2912 457 2978 φ.(;1’
484 2945 633 2986 Dionys.
660 2945 745 2978 Hal.
773 2945 811 2977 A.
832 2944 875 2976 R.
899 2943 927 2983 1,

1007 1168 1099 1212 νίδῃ.
1142 1169 1184 1201 At
1207 1170 1336 1202 abnuit
1360 1169 1570 1201 Macrobius
1595 1169 1657 1210 ([111
1683 1169 1746 1201 ui-

1009 1218 1080 1246 tem
1114 1213 1320 1255 capitibus,
1357 1213 1554 1246 Saturnum
1579 1224 1665 1245 vero
1690 1213 1746 1245 vi-

1008 1258 1059 1290 ris
1095 1257 1148 1290 ait
1180 1259 1379 1300 placatum.
1420 1254 1518 1301 Ἀιδῃ
1551 1257 1674 1300 itaque
1707 1258 1743 1290 in

1007 1302 1195 1334 Firmiano
1235 1303 1487 1345 retingendum
1525 1301 1594 1339 sit
1634 1307 1670 1334 et
1701 1298 1743 1334 τὸ

1006 1345 1117 1388 πατρι
1133 1346 1330 1379 Saturnum
1351 1346 1606 1379 denotaverit.
1611 1346 1744 1378 ‘men

1008 1409 1049 1414 ——
1068 1391 1209 1432 „Quasi
1219 1387 1336 1433 Ἅιδης
1354 1403 1421 1423 non
1442 1396 1540 1422 esset
1553 1389 1743 1432 Κρονίδης.

1007 1435 1164 1468 Omnino
1197 1442 1336 1468 certam
1365 1440 1535 1479 putamus
1562 1434 1745 1467 Lactantii

1007 1480 1204 1512 lectionem
1228 1484 1262 1513 et
1283 1485 1437 1521 utroque
1460 1479 1640 1512 Macrobii
1664 1479 1744 1511 loco

996 1518 1112 1566 Ἅιδης
1166 1525 1313 1556 videtur
1370 1525 1485 1557 fuisse
1542 1523 1744 1565 explicatio

1006 1569 1155 1610 glossae
1184 1568 1386 1610 Κρονίεδης
1420 1579 1502 1600 nam
1526 1568 1577 1600 ita
1603 1567 1744 1609 legitur

1006 1613 1116 1644 etiam
1139 1614 1233 1654 apud
1254 1613 1478 1665 Dionysium
1504 1613 1588 1644 Hal.
1610 1618 1646 1644 et
1661 1611 1743 1644 Ste-

1005 1657 1166 1698 phanum
1194 1657 1229 1688 in
1254 1652 1474 1699 Ἀβοριγῖνες,
1498 1656 1559 1698 qui
1585 1657 1629 1688 de
1655 1656 1742 1688 Dio—

1005 1701 1101 1742 nysii
1144 1701 1301 1732 lectione
1343 1701 1505 1734 dubitari
1545 1712 1614 1734 non
1659 1712 1744 1743 per-

1005 1745 1301 1777 11111111.“611(1Ν.

1050 1790 1231 1821 Herculem
1256 1813 1264 1820 .
1284 1813 1290 1821 .

1004 1833 1114 1876 tem]‚
1120 1834 1224 1871 ,Rem
1252 1833 1399 1875 copiose
1425 1837 1573 1865 enarrat
1590 1833 1742 1876 Dionys.

1005 1878 1089 1910 Hal.
1119 1878 1159 1909 A.
1186 1878 1227 1909 R.
1264 1878 1300 1917 1,
1327 1879 1370 1908 39
1396 1888 1495 1919 seqq.
1533 1881 1569 1909 et
1604 1876 1740 1912 Liv.1

1053 1922 1201 1954 ‘Zsmm
1233 1939 1278 1945 —
1302 1922 1402 1952 Adde
1429 1922 1550 1953 Aurel.
1576 1920 1667 1953 vict.
1695 1916 1740 1953 de

1003 1965 1268 2018 011938111Ᾰῖ-
1286 1976 1314 1996 c.
1332 1968 1417 2007 7sq.
1435 1969 1471 1997 et
1489 1965 1559 1997 vid
1575 1970 1648 1997 not.
1662 1977 1740 2007 seq.

1045 2011 1195 2043 suasisse
1218 2011 1353 2042 illorum
1377 2010 1535 2052 posteris,
1550 2015 1588 2042 ut
1603 2011 1739 2050 faustis

1002 2055 1182 2096 sacrificiis
1205 2055 1363 2095 infausta
1386 2054 1572 2096 mutarent]
1602 2054 1656 2086 cf.
1683 2054 1737 2086 in-

1003 2099 1058 2131 1111
1093 2110 1123 2130 c.
1161 2101 1211 2129 11.
1247 2100 1267 2138 §
1300 2100 1374 2137 48„
1423 2098 1572 2141 Dionys.
1606 2098 1641 2137 I,
1669 2101 1738 2139 38„

1004 2143 1109 2176 Ovid.
1138 2142 1237 2174 Fast.
1263 2142 1304 2181 V,
1331 2144 1397 2173 625
1422 2154 1518 2184 sqq,
1553 2142 1682 2175 Festus
1708 2154 1737 2175 s.

1003 2199 1037 2219 v.
1062 2187 1310 2231 sexagenarios
1342 2198 1374 2227 p.
1395 2189 1472 2218 334.
1497 2187 1621 2218 Muell.
1646 2191 1682 2218 et
1708 2198 1737 2220 8.

1002 2243 1035 2263 v.
1062 2232 1246 2271 Potitium,
1271 2242 1303 2272 p.
1328 2233 1424 2268 237„
1461 2231 1556 2263 Plut.
1585 2231 1736 2273 Quaest.

1003 2276 1106 2307 Rom.
1131 2278 1202 2313 32..
1238 2275 1370 2307 Arnob.
1394 2275 1442 2315 ll,
1463 2278 1536 2314 68„
1572 2274 1735 2308 Lactant.

1003 2320 1038 2359 1,
1069 2323 1133 2361 21,
1167 2324 1219 2356 8.,
1272 2320 1455 2362 Hartung.
1496 2319 1550 2360 11,
1593 2331 1626 2361 p.
1658 2322 1733 2352 105.

1001 2364 1173 2396 Creuzcr.
1201 2364 1247 2404 11,
1274 2376 1305 2406 p.
1326 2365 1402 2395 654.

1045 2410 1165 2441 oscilla
1190 2409 1236 2440 ad
1262 2409 1448 2440 humanam
1476 2407 1629 2451 effigiem
1661 2412 1736 2440 arte

1000 2452 1180 2495 simulata]
1206 2452 1261 2484 Cf.
1289 2463 1317 2484 c.
1345 2454 1396 2483 ll.
1421 2453 1538 2492 §48.‚
1579 2452 1734 2484 oscilla

998 2499 1182 2541 quaedam,
1208 2501 1243 2528 et
1270 2496 1360 2529 ibid.
1386 2496 1493 2537 paulo
1520 2505 1650 2536 supra.
1674 2507 1733 2527 ca-

996 2544 1073 2585 pita
1110 2555 1177 2574 non
1217 2541 1405 2573 viventium
1442 2539 1501 2571 sed
1534 2539 1729 2579 fictilia

1001 2587 1199 2638 Dionysius
1239 2586 1260 2616 l.
1294 2596 1323 2615 c.
1362 2587 1641 2615 commemorat.
1682 2582 1733 2615 εἴ·

999 2630 1111 2662 δωλα
1139 2626 1421 2681 ἀνδρείκελα,
1448 2625 1607 2658 εἴδωλα
1631 2637 1732 2678 μορ-

998 2677 1106 2727 φαῖς
1171 2668 1419 2724 ανθρωπων
1487 2668 1732 2711 εἰκασμένα

996 2716 1188 2772 τριάκοντα
1211 2713 1275 2748 τὸν
1300 2711 1475 2757 ἀριθμόν,
1510 2714 1732 2746 Plutarchus

997 2764 1022 2795 1.
1069 2774 1099 2794 c.
1148 2760 1311 2793 εἴδωλα
1358 2764 1508 2790 tautum.
1578 2758 1660 2790 Seii
1664 2770 1732 2801 pea

996 2807 1112 2839 fuisse
1143 2806 1314 2838 (licuntur
1338 2804 1428 2835 haec
1460 2771 1673 2835 simulacrla
1685 2804 1730 2835 al·

997 2852 1104 2884 Ovid.
1137 2851 1341 2926 1.4(τ.622-,
1382 2848 1543 2879 Varrone
1567 2847 1651 2887 Vll,
1675 2849 1731 2879 44.

997 2896 1062 2937 (cf.
1087 2895 1131 2934 V,
1157 2894 1252 2935 45),
1289 2874 1447 2924 Fc'stol.
1473 2903 1503 2924 c.
1562 2891 1731 2924 Lactant-

997 2941 1021 2973 l.
1051 2952 1081 2973 c.
1129 2938 1207 2971 Non
1236 2936 1489 2970 confundcnda
1520 2939 1604 2969 sunt
1635 2936 1729 2969 haec

1322 1794 1443 1840 postea
1476 1813 1483 1820 .
1501 1812 1509 1821 .
1529 1812 1537 1820 .
1566 1793 1741 1821 reverten-
