1843 3163
295 39 771 83 SATURNAIJORUM
803 39 900 80 un.
933 38 1021 79 VH.
1058 37 1178 79 CM».
1209 39 1274 80 Vl.
1303 39 1389 79 vll.
1533 39 1614 80 593

72 158 133 194 est
162 152 444 200 foraminibus,
494 156 538 191 ut
578 156 711 206 pateat
746 151 783 191 in
811 155 965 191 meatus
997 155 1036 190 et
1062 150 1142 190 vias
1172 149 1357 204 praebeat
1387 149 1544 190 bumori
1578 150 1615 190 in

71 208 284 262 egestionis
314 209 463 248 exitum
491 208 732 254 confluenti,
761 221 829 261 per
859 207 953 246 bam·
987 206 1184 246 foramina
1217 219 1338 260 vapor
1370 206 1446 246 vini
1479 206 1615 245 eeleri-

71 270 131 305 ter
167 264 377 304 evanescit.
446 264 595 303 Contra
632 264 793 304 senibus
830 263 979 302 sier-um
1018 276 1163 315 eorpus
1200 267 1278 309 est,
1328 262 1434 315 quod
1475 262 1684 315 pr‹›l›atl‘.l

71 319 264 373 asperitas
297 325 337 360 et
366 320 529 373 squalor
560 319 674 358 rutis.
739 319 850 359 l'nde
882 324 920 357 et
956 318 1052 357 liaeo
1081 323 1188 356 aetas
1213 318 1259 357 ad
1291 317 1434 357 flexum
1471 318 1513 357 lit
1541 317 1614 357 ‹lis-

73 375 235 424 licilior,
280 375 387 429 quod
421 381 480 414 est
516 375 702 415 imlirium
736 373 936 413 siccitatis.
1000 374 1103 412 lntra
1141 372 1213 412 bos
1245 373 1376 413 vinum
1411 388 1483 413 nee
1516 373 1613 427 pati-

72 437 138 471 tur
166 432 486 472 contrarietatem
523 430 778 484 repugnantis
808 428 1005 477 humoris,
1047 434 1085 468 et
1116 428 1266 479 integra
1298 429 1332 468 vi
1371 443 1439 468 sua
1471 430 1613 469 adbae-

70 492 131 527 ret
161 487 317 542 corpori
350 487 481 534 arido,
534 492 573 526 et
603 500 693 526 mox
724 486 808 525 loca
846 489 953 525 tenet
981 497 1083 537 quae
1119 497 1255 536 sapere
1293 483 1442 523 bomini
1474 485 1683 539 mini-[2:321

71 548 208 583 strant.
270 544 379 584 Dura
411 555 574 596 quoque
606 555 692 582 esse
723 554 862 581 senum
895 553 1062 593 corpora
1094 539 1200 579 nulla
1233 538 1431 579 dubitatio
1458 546 1536 580 cst:
1579 548 1618 582 et
1632 546 1684 585 20

72 598 161 638 ideo
195 599 266 652 ipsi
297 598 414 638 etiam
451 597 648 637 naturales
682 602 837 636 meatus
875 595 911 635 in
945 594 1135 635 membris
1167 594 1396 635 durioribus
1428 596 1616 636 obseran-

70 660 147 702 tur,
181 660 220 694 et
249 654 391 694 hausto
428 653 518 693 vino
548 652 744 692 exhalatio
775 651 881 692 nulla
915 650 1120 704 contingit,
1153 650 1220 691 sed
1251 656 1379 691 totum
1410 651 1456 691 ad
1490 651 1614 706 ipsam

70 709 203 749 sedem
236 709 379 750 mentis
410 707 603 749 ascendit.
665 708 766 748 lline
800 708 843 747 lit
871 713 917 748 ut
941 712 980 747 et
1011 706 1095 747 sani
1126 720 1240 747 senes
1267 707 1380 747 malis
1413 707 1676 751 ebriorum⁴21

71 765 275 813 laborent,
307 769 480 805 tremore
510 764 805 811 membrorum,
836 763 994 816 linguae
1025 762 1257 810 titubantia,
1287 763 1531 803 abundantia
1560 764 1616 804 lo-

69 820 240 874 quendi,
289 820 517 860 iracundiae
564 819 848 860 concitatione:
894 819 1039 873 quibus
1080 824 1157 858 tam
1206 819 1414 859 subiacent
1452 819 1616 861 iuvenes

68 876 166 916 ebrii
197 889 316 929 quam
350 890 463 916 senes
492 875 626 915 sobrii.
688 876 727 915 Si
757 889 851 927 ergo
880 876 1002 915 levem
1033 874 1268 928 pertulerint
1295 875 1495 929 inpulsum
1522 876 1615 924 vini,

69 946 147 972 non
180 931 381 985 accipiunt
410 931 505 972 baec
536 931 661 980 mala,
704 931 770 971 sed
811 932 975 971 incitant
1006 931 1152 984 quibus
1182 931 1321 971 aetatis
1352 931 1506 972 ratione
1537 932 1614 972 iam

68 987 172 1042 eapti
203 994 308 1028 sunt.

184 1043 270 1082 vll.
331 1042 506 1082 Probata
535 1042 722 1081 omnibus
751 1041 897 1082 Disarii
930 1041 1200 1096 disputatione
1232 1042 1404 1083 subiecit
1434 1042 1650 1097 Symma—l

70 1098 189 1139 chus:
228 1099 280 1139 [ft
310 1104 485 1152 spectata
519 1103 578 1137 est
607 1104 689 1137 tota
722 1097 822 1137 ratio
851 1112 971 1151 quam
1004 1098 1053 1137 de
1083 1098 1288 1138 muliebris
1321 1098 1525 1139 ebrietatis
1553 1112 1613 1139 ra-

69 1154 186 1194 ritate
216 1154 398 1194 Disarius
431 1153 595 1201 invenit,
626 1153 677 1192 ita
708 1166 833 1192 unum
863 1154 910 1194 ab
942 1166 989 1193 eo
1019 1153 1345 1207 praetermissum
1377 1159 1460 1202 est,
1489 1154 1615 1195 nimio

70 1210 216 1263 frigore
241 1209 349 1262 quod
382 1209 421 1248 in
453 1222 589 1248 earum
623 1222 791 1262 corpore
826 1214 885 1249 est
924 1208 1130 1262 frigescere
1161 1209 1349 1249 haustum
1377 1209 1532 1259 vinum,
1577 1216 1617 1251 et

70 1265 122 1305 ita
152 1264 370 1312 debilitari,
403 1270 448 1304 ut
474 1264 530 1303 vis
558 1264 642 1304 eius
673 1277 774 1317 quae
803 1265 976 1317 elanguit
1006 1264 1157 1304 nullum
1187 1265 1313 1318 possit
1337 1265 1530 1314 calorem,
1569 1266 1617 1306 de

70 1333 151 1374 quo
182 1319 360 1361 nascitur
389 1318 582 1367 ebrietas,
615 1320 799 1360 excitare.
859 1320 921 1361 Ad
954 1319 1049 1360 haec
1082 1321 1240 1360 Herus:
1275 1321 1337 1360 Tu
1366 1335 1479 1371 vero,
1503 1322 1656 1375 Sym-²2

72 1375 231 1426 mache,
274 1375 419 1416 frustra
453 1374 627 1429 opinaris
661 1374 842 1428 frigidam
883 1375 1093 1416 mulierum
1125 1389 1210 1417 esse
1244 1382 1446 1426 naturam,
1496 1391 1615 1432 quam

1125 1487 1217 1519 Edd.
1244 1487 1527 1532 vicahgspdzb]

160 1545 211 1575 19.
250 1543 421 1585 asperitas
447 1543 534 1575 cutis
559 1549 590 1576 et
614 1543 755 1584 squalor
773 1542 807 1573 S.
836 1559 876 1564 —
903 1543 948 1574 acl
966 1544 1099 1585 flexum
1126 1542 1162 1575 S.
1212 1544 1258 1574 ad
1275 1545 1424 1585 fluxum
1448 1545 1525 1577 ΑΗ.
1572 1546 1619 1577 ad

62 1589 199 1630 fletum
219 1587 307 1618 Edd.
328 1588 365 1619 P.
402 1606 441 1611 -
478 1588 596 1619 sicco
622 1591 721 1627 (sup.
747 1587 865 1623 arido)
887 1587 925 1617 A.
1064 1590 1120 1619 20.
1158 1588 1260 1619 ctiam
1286 1589 1354 1630 ipsi
1377 1589 1466 1620 Edd.
1515 1590 1618 1621 etiam

70 1636 162 1673 (om.
195 1633 280 1673 ipsi)
307 1631 345 1662 Ι).
484 1633 540 1662 21.
580 1632 764 1673 impulsum
791 1631 863 1661 vim
889 1630 925 1661 S.

162 1685 237 1717 Vll.
293 1687 405 1728 Caput
440 1686 518 1717 1‘11.
558 1686 705 1717 Feminis
724 1685 939 1728 f²·ig:‘‹liorne
963 1686 1006 1717 sit
1030 1690 1159 1717 natura
1184 1697 1285 1728 quam
1314 1687 1415 1726 viris,
1457 1698 1501 1718 an
1529 1687 1619 1718 cali-

71 1730 158 1762 dior.
206 1731 250 1762 Et
276 1740 336 1761 cur
359 1735 506 1762 mustum
531 1742 597 1761 non
626 1730 777 1761 inebriet.
813 1729 915 1760 clu-b.
1056 1731 1084 1760 Ι.
1123 1731 1269 1762 calorem
1297 1732 1405 1774 possit
1438 1731 1526 1762 Edd.
1552 1731 1620 1763 PS.

204 1776 237 1805 2.
275 1775 462 1805 Mulierum
486 1779 649 1805 naturam
673 1774 875 1805 calidiorem
902 1784 973 1804 esse
999 1774 1104 1805 virili.
1135 1776 1219 1816 Cap.
1247 1778 1287 1806 vl
1315 1778 1378 1815 [v3
1402 1776 1526 1807 eadem
1552 1775 1619 1807 ha-

71 1819 133 1850 bet
155 1817 190 1849 in
218 1819 367 1857 marg).
412 1836 445 1841 —
488 1819 667 1850 mulierum
693 1829 763 1849 esse
787 1817 982 1858 :mv-gua
1042 1829 1113 1849 esse
1135 1820 1315 1851 mulierum
1343 1820 1445 1851 s-M‘.
1494 1820 1619 1852 mulie-

71 1863 167 1894 brem
192 1873 264 1894 esse
289 1862 389 1894 sal-2.
438 1863 622 1894 mulierem
649 1873 721 1895 esse
747 1862 818 1895 Ml.
845 1880 884 1884 —
912 1866 1047 1894 natura
1074 1862 1146 1894 ΜΙ-
1284 1866 1315 1894 3.
1356 1864 1489 1895 Humor
1512 1869 1619 1897 natu-

70 1971 135 2003 pro
160 1960 207 1993 iis
232 1972 323 2003 quae
349 1961 523 2004 leguntur
547 1962 639 2003 apud
665 1962 811 1994 Plutar-

71 2005 180 2036 chum
217 2017 250 2046 p.
288 2008 364 2037 650.
400 2006 458 2037 C.:
504 2004 575 2037 Διὰ
612 2004 675 2038 τὸν
717 2003 810 2038 ἐνδε-

71 2049 153 2091 λεχῆ
185 2049 258 2081 τῶν
296 2046 416 2090 ὑγρῶν
455 2047 716 2090 κατασπασμὸν
753 2047 811 2082 ἐπὶ

69 2090 135 2130 τὰς
169 2088 454 2134 ἀποκαθάρσεις.
505 2093 560 2125 Cf.
590 2105 617 2125 c.
650 2097 703 2135 13,
731 2096 750 2134 §
777 2097 809 2125 6.

71 2139 108 2168 et
133 2147 163 2168 c.
188 2139 241 2175 Η,
265 2137 280 2178 §
306 2140 336 2168 4.
806 2160 809 2162 v

112 2181 270 2223 pluribus
309 2186 497 2214 consertum
536 2186 585 2214 est
617 2182 808 2221 foramini-

70 2224 145 2266 bus]
174 2224 283 2256 immo
315 2226 534 2266 perfossum.
586 2226 810 2257 Plutarchus

72 2269 98 2300 l.
125 2279 153 2299 e.
181 2269 312 2300 habet:
340 2266 452 2307 Εἰκὸς
476 2267 513 2301 δὲ
537 2265 660 2301 αὐτῶν
684 2268 744 2302 καὶ
770 2267 810 2301 τὸ

73 2311 175 2353 σῶμα
203 2335 233 2343 ..
264 2310 523 2353 πολύπορον
546 2311 727 2354 γεγονέναι
751 2312 812 2345 καὶ

71 2355 327 2396 τετμῆσθαι
356 2354 562 2397 καθάπερ
597 2354 813 2399 ἀνδήροις

71 2398 143 2431 καὶ
170 2395 356 2440 ὀχετοῖς.

120 2447 170 2475 19.
218 2444 265 2475 ad
281 2446 416 2485 flexum
440 2444 483 2475 sit
506 2443 699 2485 difficilior]
724 2444 813 2476 Plu-

74 2487 224 2520 tarchus
262 2488 309 2519 ib.
347 2488 409 2518 D.:
453 2487 570 2529 Δηλοῖ
604 2484 642 2519 δὲ
678 2487 738 2520 καὶ
772 2485 813 2520 τὸ

73 2529 338 2572 δυσκαμπὲς
366 2527 498 2563 αὐτῶν.

120 2576 218 2608 Intra
244 2576 317 2619 hos]
355 2576 379 2608 i.
404 2586 433 2607 e.
472 2575 507 2607 in
536 2586 662 2608 senum
687 2586 815 2617 corpo-

74 2618 189 2651 ribus.

119 2664 399 2696 contrarietatem
429 2662 661 2706 repugnantis
692 2661 814 2693 humo-

78 2707 137 2749 ris]
158 2718 239 2739 cum
265 2709 479 2750 pleonasmo
496 2707 652 2749 quodam
676 2706 814 2738 dictum

77 2755 131 2783 est
157 2762 221 2792 pro
249 2753 521 2795 repugnantiam
549 2751 714 2783 humoris.
762 2748 817 2780 Cf.

78 2805 107 2825 c·
140 2797 173 2835 9,
210 2797 230 2834 ἓ
266 2799 299 2829 9.
332 2797 435 2829 huius
475 2794 818 2828 contrarietatis

78 2849 213 2870 ausum.

122 2893 211 2924 quae
235 2893 355 2925 sapere
377 2884 506 2916 homini
530 2881 742 2924 ministrant}
756 2881 819 2913 Ἰιι-

147 2937 196 2976 ΙΙ.

878 1959 1045 1992 finitivus
1073 1972 1191 2003 sapere
1220 1961 1339 1993 locum
1372 1966 1471 1994 tenet
1504 1962 1622 1994 nomi-

879 2004 935 2036 nis
968 2005 1188 2037 substantivi
1217 2005 1250 2037 in
1286 2006 1499 2039 accusativo
1533 2017 1620 2040 casu

879 2048 1001 2090 positi.
1051 2049 1107 2080 Cf.
1136 2060 1168 2081 c.
1192 2051 1224 2089 4,
1251 2051 1271 2090 §
1299 2053 1351 2081 17.

922 2105 977 2133 ⁸20.
1024 2103 1148 2135 hausto
1170 2105 1264 2146 vino]
1292 2105 1367 2136 noli
1391 2105 1530 2137 habere
1557 2116 1621 2148 pro

879 2146 1053 2178 ablativis
1077 2148 1260 2181 absolutis
1285 2153 1323 2181 ut
1346 2152 1366 2188 S
1389 2152 1421 2181 8.
1468 2150 1534 2181 Est
1559 2151 1623 2181 da-

880 2190 976 2222 tivus
1017 2192 1178 2233 pendens
1216 2203 1237 2225 a
1279 2194 1390 2225 zerbo
1431 2195 1623 2237 contingit.-

881 2234 1036 2276 indeque
1080 2237 1275 2278 petendum
1318 2242 1374 2270 est
1414 2238 1621 2270 subiectum

881 2279 983 2310 verbi
1010 2282 1177 2314 ascendit.

923 2336 979 2366 21.
1037 2335 1130 2376 sani]
1176 2335 1272 2368 idem
1313 2337 1436 2369 valere
1477 2337 1622 2369 videtur

881 2388 923 2410 ac
949 2378 1075 2411 sobrii.
1123 2378 1179 2411 Cf.
1205 2392 1235 2411 c.
1263 2384 1296 2420 7,
1324 2383 1344 2421 §
1375 2384 1427 2413 19.
1471 2393 1537 2413 non
1564 2382 1620 2412 in-

879 2423 979 2464 pellit
1006 2423 1046 2455 in
1071 2424 1308 2456 insaniam.

926 2477 1073 2519 linguae
1103 2478 1304 2520 titubantia]
1344 2476 1485 2520 legitur
1512 2477 1622 2509 etiam

883 2520 978 2560 apud
1002 2520 1150 2552 Sueten.
1176 2521 1303 2552 Claud.
1327 2524 1381 2553 30.
1413 2521 1623 2553 Macrobius

884 2562 963 2605 ipse
994 2565 1013 2604 §
1038 2567 1069 2595 9.
1095 2565 1207 2597 habet
1230 2566 1376 2608 linguae
1403 2566 1606 2597 titubatio.

928 2617 1011 2657 vn,
1052 2621 1082 2649 1.
1134 2619 1322 2661 muliebris]
1367 2619 1514 2660 ponitur
1561 2631 1623 2661 pro

884 2661 1051 2703 genitivo
1078 2663 1268 2694 mulierum.

930 2705 1053 2747 nimio]
1110 2705 1205 2738 idem
1256 2707 1333 2738 fere
1382 2707 1479 2738 valet
1528 2707 1623 2748 quod

888 2760 1026 2791 magno.
1076 2749 1130 2782 Cf.
1155 2752 1174 2790 ἓ
1200 2755 1230 2781 7.
1256 2756 1291 2783 et
1317 2761 1346 2782 c.
1370 2753 1422 2789 12,
1449 2753 1469 2790 ἓ
1494 2753 1548 2782 28.

932 2794 1090 2834 calorem,
1118 2795 1159 2826 de
1186 2805 1252 2836 quo
1284 2796 1438 2827 nascitur
1462 2795 1622 2836 ebrietas]

888 2837 991 2869 Haec
1016 2849 1084 2870 non
1112 2843 1318 2881 congruunt
1351 2850 1431 2871 eum
1460 2838 1506 2871 iis
1532 2850 1626 2882 quae

889 2882 1064 2925 leguntur
1090 2894 1119 2915 c.
1143 2885 1174 2923 6,
1201 2885 1221 2923 ς
1244 2886 1276 2915 9.
