1844 3168
296 51 768 95 SATURNALIORL'M
804 52 903 93 LIB.
938 53 966 93 Ι.
1001 53 1193 95 PRAEF.
1235 54 1352 97 CAP.
1388 56 1414 95 Ι.
1603 59 1629 97 ¹.)

19 110 31 190 l
93 177 217 219 prope
249 169 370 219 atque.
401 164 614 217 effugiendi
644 164 787 204 lorum.
850 164 1022 219 Oportet
1052 166 1155 206 enim
1192 167 1335 207 versari
1376 167 1413 207 in
1450 169 1667 209 eomivio⁴

18 222 19 234 ¹
92 234 294 261 sermones
323 227 367 262 ut
397 222 577 262 castitate
614 221 786 272 integros
817 220 869 261 itn
901 222 1134 276 udpetibiles¹
1167 229 1395 264 venustate:
1437 225 1629 265 mntutiun

93 291 186 318 vcro
220 278 294 318 erit
321 278 523 318 robustior
551 277 790 331 disputatio,
830 291 932 331 quae
965 279 1067 318 viros
1099 285 1138 319 et
1166 279 1306 319 ‹lm-tos
1334 286 1373 320 et
1402 282 1630 334 prm-elaris-

93 333 214 374 simos
254 334 403 374 decent.
463 335 604 387 Neque
644 334 747 374 enim
790 334 932 375 Cottae
971 335 1088 375 Laelii
1130 335 1336 388 Seipiones
1379 338 1630 390 amplissimis

93 389 142 429 de
173 390 303 437 rebus,
334 390 465 444 quoad
497 392 696 430 Ronmime
728 391 878 431 litterae
909 397 1047 438 erunt,
1079 391 1116 431 in
1150 398 1325 431 veterum
1360 393 1466 433 libris
1497 395 1631 448 dispu„

93 447 256 487 tabunt:
288 448 561 487 Praetextatus
593 460 685 487 vero
727 447 930 486 Flavianos
962 448 1129 488 Albinos
1163 448 1423 501 Symmnelios
1452 457 1490 490 et
1523 452 1695 507 liu-{2021

93 502 273 551 statlii‹›s‚
305 517 475 556 quorum
508 503 695 557 splendor
724 503 860 543 similis
886 509 924 543 et
950 518 1028 543 non
1055 503 1215 543 inferior
1247 504 1368 545 iirtus
1394 511 1464 554 est,
1488 507 1626 547 eodem

93 559 213 599 modo
248 559 354 613 loqui
385 559 532 612 aliquid
561 559 708 599 lieitum
739 573 817 599 non
852 559 937 599 erit.
995 560 1076 600 Nec
1110 560 1203 600 milii
1233 560 1359 601 fraudi
1391 561 1458 609 sit,
1503 563 1533 602 si
1563 565 1670 606 unii')

92 620 161 655 aut
185 615 296 655 alteri
326 630 372 655 ex
399 615 457 655 liis
490 629 590 669 quos
621 621 758 655 coetus
790 615 919 669 coegit
950 622 1104 656 malurn
1138 622 1244 656 netas
1277 618 1472 670 posterior
1497 621 1631 661 seculo

93 671 334 711 Praetextati
366 671 458 711 l'uit:
492 671 598 725 quod
632 671 738 711 lieito
772 672 853 711 lieri
885 672 1062 712 Plutonis
1094 673 1235 724 dialogi
1270 674 1498 715 testimonio
1528 683 1632 725 sunt,

93 727 240 782 quippe
277 729 441 767 Soerate.
485 728 535 767 ita
571 727 827 769 Parmenides
868 729 1090 782 antiquior,
1134 735 1179 769 ut
1214 729 1332 770 liuius
1367 731 1534 784 puerilia
1573 734 1633 774 xix

92 782 195 823 illius
224 784 528 838 adprehenderit
562 790 826 833 selim-tutem,
872 790 909 825 et
941 791 1073 825 tamen
1102 785 1203 825 inter
1233 786 1318 827 illos
1352 787 1399 827 de
1428 789 1546 829 rebus
1572 804 1631 829 nr-

92 839 180 880 duis
214 840 456 894 disputatur:
504 840 693 894 inelytum
726 841 927 893 dialogum
961 842 1144 882 Soerates
1178 842 1311 883 hahita
1347 858 1437 883 eum
1468 845 1631 886 Timaeo

94 895 361 951 disputatione
386 896 598 946 consumit,
624 910 724 951 quos
754 903 909 939 constat
936 898 1075 940 eodem
1101 899 1234 940 seculo
1265 914 1344 940 non
1367 899 1502 942 fuisse:
1535 902 1671 943 l'ar-b'

1141 1033 1231 1065 Edd.
1258 1033 1543 1079 vicnhgspdzb]

92 1085 190 1118 beuti
213 1089 312 1128 (sup.
340 1087 393 1124 di)
419 1085 458 1117 R.
487 1104 524 1108 —
552 1086 741 1129 effugienti
765 1086 805 1119 B.
943 1088 975 1118 4.
1016 1099 1052 1119 co
1065 1092 1145 1120 ctae
1169 1087 1204 1120 S.
1254 1094 1322 1122 tote
1347 1091 1391 1122 G.
1414 1108 1455 1114 —
1487 1097 1523 1124 et
1555 1094 1633 1124 Sci-

91 1131 212 1172 piones
235 1142 312 1172 v-g.
347 1149 390 1154 —
424 1136 669 1172 praetextatus
691 1133 883 1173 flavianus
912 1132 1132 1174 symmachus
1158 1138 1189 1165 ct
1217 1136 1419 1167 eustachius
1446 1136 1473 1167 Β
1500 1136 1634 1179 ubique

92 1187 132 1206 us
158 1180 244 1207 mut.
271 1175 304 1207 in
331 1187 385 1211 os;
416 1176 447 1206 G
471 1181 725 1218 praetextatOS,
756 1187 834 1219 sup.
862 1176 944 1208 add.
972 1189 1003 1208 ιι.
1030 1195 1069 1199 -
1099 1178 1317 1211 Eustachios
1339 1179 1466 1212 ASxic.
1601 1185 1633 1215 5.

93 1230 177 1262 quos
208 1225 307 1252 coetu
342 1220 456 1263 coegit
488 1226 627 1252 matura
663 1226 779 1261 actas,
818 1222 1009 1264 posteriori
1042 1233 1121 1264 v-g.
1168 1241 1203 1246 —
1244 1225 1319 1265 fuit
1350 1224 1452 1257 AGS.
1509 1225 1544 1258 in
1570 1226 1633 1258 BP

93 1268 214 1296 utrum
236 1264 284 1297 sit
306 1265 382 1306 suit
408 1275 453 1297 an
473 1265 560 1298 sint
587 1276 656 1297 non
679 1266 804 1308 liquet.
852 1267 920 1300 sint
945 1277 1022 1310 v-g.
1071 1268 1115 1300 sit
1139 1268 1212 1300 s-b.
1239 1286 1281 1292 ·-
1310 1271 1408 1312 quod
1434 1269 1488 1309 (in
1514 1282 1632 1314 marg.

93 1392 146 1422 16.
198 1390 275 1423 Non
307 1391 395 1424 enim
433 1391 466 1423 iu
500 1392 574 1424 acic
604 1398 762 1425 versatur
798 1398 829 1426 et

84 1437 197 1476 serra,
222 1436 280 1468 sed
304 1436 404 1479 quasi
428 1437 572 1468 rudibus
595 1439 667 1470 eius
691 1439 828 1470 eludit

91 1480 216 1512 oratio.
267 1482 297 1512 A
327 1492 379 1512 me
411 1486 526 1513 autem
557 1486 612 1520 (ut
645 1495 717 1514 cum
753 1494 829 1515 ma-

947 1394 1136 1428 Flaviauos
1167 1394 1249 1438 ech]
1290 1395 1367 1428 vid.
1401 1396 1569 1441 prolegg.
1601 1409 1633 1441 p.

897 1448 983 1470 xxiv
1010 1451 1086 1481 sqq.

940 1496 971 1525 5.
1021 1500 1161 1528 matura
1192 1500 1291 1528 aetas
1321 1497 1490 1539 posterior
1523 1498 1634 1530 seculo

90 1525 193 1557 simis
216 1525 359 1557 minima
385 1527 579 1568 conferam)
603 1528 828 1571 gladiato-

91 1579 181 1601 rum
204 1581 272 1612 par
305 1571 554 1603 nobilissimum
586 1573 827 1605 inducitur.

137 1625 170 1656 4.
226 1625 341 1667 Neque
373 1626 462 1657 enim
493 1627 612 1659 Cottae
639 1651 674 1659 ..
708 1627 828 1669 ‹lispu-

92 1669 235 1701 tabunt:
282 1670 521 1701 Praetextatus
544 1682 624 1702 vero
649 1696 655 1702 .
677 1696 683 1702 .
713 1673 830 1703 eodem

93 1715 194 1745 modo
219 1714 311 1754 loqui
342 1714 471 1745 licitum
502 1725 567 1745 uon
595 1714 670 1755 erit]
697 1714 829 1753 „Com-

95 1762 199 1799 parat
219 1762 346 1789 aiictor
368 1769 453 1789 suos
478 1758 725 1800 disputatores
749 1770 829 1791 cum

95 1802 174 1834 illis
197 1802 285 1834 viris
309 1802 369 1843 qni
396 1814 416 1834 a
441 1802 617 1834 Cicerone
641 1804 832 1845 disputan-

95 1851 150 1878 tes
175 1852 258 1878 sunt
283 1847 441 1879 inducti.
468 1847 642 1889 dicitque,
666 1860 745 1880 cnm
774 1848 831 1880 sni

94 1902 160 1923 nec
187 1891 309 1933 gloria
337 1903 402 1923 ncc
438 1892 573 1924 virtute
608 1893 739 1925 cedant
771 1892 832 1925 Ci-

93 1936 301 1968 ceronianis
323 1937 611 1977 disputantibus,
639 1938 706 1970 hos
733 1938 833 1980 ipsos

95 1982 140 2013 de
167 1982 275 2013 rebus
303 1982 542 2024 amplissimis
567 1983 744 2024 quamdam
778 1984 832 2014 lo-

95 2025 158 2068 qui
185 2037 264 2058 esse
293 2028 487 2068 acquum?⁴
514 2027 625 2060 chx.
663 2045 695 2051 -
731 2027 831 2059 Idem

94 2082 163 2103 non
221 2071 408 2112 perspexit
462 2071 572 2103 buius
626 2073 834 2104 sententiae

95 2120 330 2155 structuram,
355 2115 510 2157 ideoque
538 2118 745 2159 complures
772 2129 833 2149 va-

95 2171 159 2193 nas
187 2171 266 2192 eam
300 2161 464 2193 mutandi
495 2163 688 2203 proposuit
720 2162 833 2194 ratio·

96 2216 178 2245 nes.
217 2216 307 2246 quas
341 2205 441 2238 nolui
477 2212 654 2247 repetere.
702 2206 832 2238 Cicero

95 2250 268 2283 dixisset:
307 2251 361 2282 Au
395 2251 473 2291 (vel
503 2254 557 2284 An
587 2255 684 2290 vero)
715 2254 834 2284 Cottae

121 2317 130 2326 .
147 2317 156 2326 .
179 2295 377 2336 disputant.-
402 2296 642 2328 Praetextatus
660 2320 668 2328 .
684 2320 692 2328 .
717 2297 834 2328 eodem

95 2340 196 2371 modo
234 2340 329 2382 loqui
363 2341 494 2372 licitum
533 2353 601 2372 uon
638 2340 727 2373 erit?
781 2341 834 2372 Dc

96 2393 166 2426 qua
195 2384 338 2415 ratione
368 2384 440 2416 vid.
473 2385 586 2416 Hand.
615 2385 781 2417 Turseli.
804 2385 834 2425 I,

96 2439 130 2470 p.
160 2429 239 2461 351.
288 2428 498 2459 Macrobius
532 2440 595 2470 pro
627 2431 833 2471 interroga-

97 2472 194 2504 tione
230 2483 317 2504 usus
348 2477 403 2504 est
432 2474 614 2505 sententia
648 2475 833 2517 negativa.

98 2518 217 2559 Neque
256 2517 416 2559 pertinet
451 2518 494 2549 ad
531 2519 758 2561 disputabunt
799 2523 834 2552 et

96 2562 140 2594 ad
167 2562 297 2594 licitum
320 2574 387 2594 non
410 2563 485 2594 erit.

140 2607 177 2638 in
206 2611 355 2639 veterum
387 2607 497 2649 libris]
541 2608 641 2640 Cotta
680 2608 832 2649 loquens

97 2650 283 2683 inducitur
327 2652 360 2683 in
401 2652 590 2685 Ciceronis
634 2651 741 2685 libris
789 2653 832 2683 de

97 2699 169 2728 nat.
195 2696 307 2736 deor„
340 2697 386 2729 cf.
414 2697 442 2735 Ι,
468 2700 500 2737 6,
528 2698 590 2735 15;
631 2698 771 2729 Laelius
796 2697 831 2728 in

97 2739 206 2772 libris
234 2741 277 2772 de
302 2752 341 2772 re
365 2742 477 2784 publ..
505 2742 551 2773 cf.
579 2742 607 2783 1,
635 2745 767 2781 12‚18;
797 2741 833 2773 in

97 2784 236 2817 Catone
261 2785 419 2825 maiore,
457 2786 503 2818 cs.
533 2788 567 2825 l,
593 2789 633 2825 33
674 2786 710 2819 in
737 2787 834 2819 libro

98 2829 142 2861 de
167 2829 333 2862 amicitia
358 2831 421 2872 qui
451 2830 568 2872 ipsius
594 2831 666 2863 fert
690 2842 835 2874 nomen,

99 2874 145 2906 cf.
164 2876 245 2914 1‚3;
272 2876 388 2918 Scipio
414 2876 448 2908 in
478 2875 584 2907 libris
604 2876 648 2908 de
663 2888 701 2909 re
720 2877 832 2919 pnbl.‚

99 2918 144 2994 ci:
168 2919 198 2959 1,
227 2921 278 2960 12,
306 2922 358 2952 18.
393 2924 429 2954 et
454 2920 492 2953 in
516 2920 654 2954 Catone
682 2922 834 2963 maiore,

102 2973 120 2994 c
141 2986 148 2993 .
175 2963 198 2995 l.
225 2974 255 2995 c.

900 1538 1128 1581 Praetextati]
1157 1540 1316 1572 chnins
1338 1547 1511 1574 maturam
1537 1548 1635 1575 acta-

896 1588 963 1616 tem
997 1584 1140 1625 putavit
1168 1585 1251 1628 poni
1285 1597 1349 1627 pro
1383 1592 1570 1619 senectute
1600 1591 1636 1619 et

897 1629 1048 1660 seculum
1094 1641 1157 1671 pro
1208 1641 1298 1662 aevo
1350 1632 1408 1663 vel
1458 1642 1634 1664 annorum

899 1672 1019 1713 spatio
1041 1684 1131 1714 quos
1155 1674 1263 1705 homo
1289 1675 1365 1705 tere
1392 1676 1545 1708 viveret.
1592 1677 1636 1708 At

899 1721 1038 1747 matura
1070 1722 1186 1757 oetas.
1223 1723 1262 1750 ut
1293 1719 1388 1761 apud
1419 1720 1519 1763 Yirg.
1545 1721 1633 1752 Aen.

900 1760 987 1798 xli,
1010 1763 1087 1792 437.
1116 1772 1194 1794 mox
1224 1774 1297 1794 cum
1322 1769 1490 1796 matura
1516 1766 1636 1798 adole-

900 1806 986 1849 verit
1014 1810 1149 1845 aetas,
1178 1806 1273 1838 idem
1299 1813 1354 1839 est
1378 1810 1471 1849 quod
1496 1809 1637 1842 Graece

899 1848 1038 1890 ηλικία,
1078 1856 1175 1883 aetas
1202 1853 1444 1892 corroborata,·
1479 1858 1514 1886 et
1541 1866 1635 1887 secu-

901 1894 970 1926 lum
1003 1895 1099 1926 idem
1127 1897 1300 1937 estquod
1334 1903 1432 1929 aetas
1463 1899 1519 1930 vel
1550 1905 1636 1932 tem-

898 1950 976 1981 pus.
1025 1939 1080 1971 Cf.
1104 1939 1180 1972 Cic.
1205 1941 1266 1973 Or.
1297 1944 1349 1982 12,
1374 1945 1427 1974 39.
1459 1955 1637 1986 quorum

902 1989 1028 2016 aetas
1054 1996 1157 2027 quum
1190 1986 1225 2017 iu
1259 1997 1398 2018 eorum
1429 1993 1635 2030 tempora,

902 2040 986 2070 quos
1016 2031 1212 2072 nominavi,
1250 2031 1439 2064 incidisset.
1493 2033 1636 2065 Platon.

901 2073 1027 2115 Symp.
1054 2085 1085 2116 p.
1116 2077 1188 2106 173.
1221 2074 1366 2107 παίδων
1394 2072 1510 2108 ὄντων
1534 2073 1638 2119 ἡμῶν

902 2113 969 2158 ἔτι,
1010 2123 1045 2150 et
1081 2118 1193 2151 infra:
1238 2125 1275 2152 ut
1306 2121 1409 2153 huius
1435 2124 1638 2165 pueritia

901 2162 958 2194 vix
996 2164 1092 2196 illius
1134 2165 1402 2207 adprehenderit
1439 2173 1640 2200 senectu—

901 2211 989 2240 tem.
1004 2208 1083 2240 Yid.
1100 2208 1252 2241 Salmas
1271 2210 1333 2242 Ex.
1349 2211 1404 2242 ΡΙ.
1421 2223 1453 2254 p.
1468 2214 1535 2243 252
1553 2212 1637 2244 a.F.

950 2254 1092 2285 socrate
1123 2255 1173 2286 ita
1207 2255 1431 2288 Parmenides
1463 2258 1639 2299 antiquior

902 2297 988 2339 oet.]
1023 2298 1070 2329 cf.
1100 2298 1228 2331 Athen.
1260 2299 1330 2341 xl,
1360 2303 1432 2332 113.
1466 2312 1498 2342 p.
1523 2305 1589 2334 505
1614 2302 1639 2333 f.

904 2341 1119 2385 Παρμενίδῃ
1147 2341 1212 2384 μὲν
1244 2341 1312 2385 γὰρ
1344 2343 1404 2376 καὶ
1436 2341 1558 2377 ἐλθεῖν
1588 2345 1638 2382 εἰς

902 2384 1032 2428 λόγους
1062 2386 1128 2419 τὸν
1159 2387 1225 2420 τοῦ
1256 2386 1457 2427 Πλάτωνος
1487 2388 1641 2431 Σωκρά-

902 2443 968 2473 την
1002 2429 1110 2472 μόλις
1142 2427 1163 2474 ἡ
1205 2429 1327 2474 ἡλικία
1362 2437 1556 2477 συγχωρεῖ,
1593 2436 1638 2467 ad

901 2487 994 2517 quae
1031 2478 1143 2509 verba
1175 2477 1413 2511 Casaubonus
1451 2480 1641 2512 adnotavit

900 2521 1055 2553 haecce:
1094 2522 1276 2562 „Auctore
1305 2523 1469 2567 Diogene
1494 2524 1639 2556 Laertio

901 2565 1139 2599 Parmenides
1165 2567 1320 2600 ssorebat
1346 2569 1444 2600 circa
1474 2574 1640 2611 tempora

902 2609 1136 2653 Olympiadis
1197 2613 1453 2655 sexagesimae
1508 2625 1639 2654 nonae,

901 2653 974 2685 iam
1001 2656 1152 2698 grandis
1178 2662 1264 2688 natu
1292 2662 1327 2689 et
1357 2655 1467 2689 πάλαι
1496 2655 1638 2699 α’νὸρω-

900 2697 995 2735 θείς.
1033 2699 1147 2733 Natus
1174 2705 1295 2733 autem
1321 2701 1492 2734 Socrates
1510 2703 1639 2746 Olym-

902 2743 1009 2785 piade
1034 2746 1311 2788 septnagesima
1345 2747 1515 2788 septima.
1563 2749 1638 2780 lta-

902 2799 971 2829 que
1001 2788 1149 2821 etiamsi
1179 2791 1421 2824 concedamus
1448 2792 1640 2825 Parmeni-

902 2833 984 2864 (lem
1007 2844 1114 2874 quam
1141 2833 1349 2867 diutissime
1371 2836 1520 2877 vixisse,
1547 2837 1638 2869 inci-

903 2877 964 2909 det
1001 2877 1172 2911 iuventus
1206 2879 1371 2914 Socratis
1405 2882 1442 2914 in
1480 2886 1638 2915 aetatem

903 2921 982 2955 eius
1005 2922 1271 2966 decrepitam-‘⁶

946 2967 1069 3002 habita
1101 2980 1176 3002 eum
1213 2970 1353 3004 Timaeo
1385 2970 1636 3014 disputatione]
