1830 3126
209 149 504 213 quaerendum,
538 152 683 211 'utrum
725 145 786 187 his
828 146 1049 187 seeundum
1099 144 1372 186 definitionem
1411 157 1523 185 suam
1565 141 1755 197 Virgilius

208 222 306 251 usus
337 211 411 255 sit,
447 210 487 247 et
515 203 680 258 smgulis
712 202 896 244 vocabuli
928 202 990 243 sui
1021 201 1305 256 proprietatem
1334 214 1445 242 more
1476 214 1549 242 suo
1578 198 1756 241 servarit.

170 269 197 309 2
320 263 489 304 Sacrum
518 269 590 310 est,
637 265 684 301 ut
712 259 924 300 Trebatius
960 258 1061 299 libro
1090 258 1218 312 primo
1250 257 1298 297 de
1335 257 1593 310 religionibus
1622 254 1754 303 refert,

209 320 395 377 quiequid
433 327 485 360 est
515 318 619 374 quod
654 317 815 357 deorum
844 315 1018 356 habetur.
1070 313 1202 354 Huius
1240 312 1482 353 delinitionis
1515 316 1633 366 poeta
1673 323 1754 350 me-

210 390 317 425 mor,
345 375 415 416 ubi
440 388 597 416 sacrum
628 371 864 421 nominavit,
899 370 1228 411 ammonitionem
1256 368 1421 409 deorum
1452 381 1576 422 paene
1601 378 1756 420 semper

210 432 375 474 adiecit:

375 488 502 529 Sacra
532 487 735 527 Dionaeae
768 484 890 525 matri
916 483 1092 538 dio-isque
1122 481 1302 537 ferebam.

211 547 331 586 Item:
374 544 501 587 Sacra
531 543 619 583 Iovi
644 542 778 597 Styyio
807 555 905 596 quae
933 541 1008 580 rite
1038 541 1190 594 incepta
1215 536 1425 592 parabam.

211 603 333 643 Item:
382 626 431 630 ——
467 600 558 640 Tibi
583 600 701 647 enim,
739 598 826 645 tibi,
860 597 1036 637 oiiaoeima
1064 596 1180 642 Iuno,

380 658 525 699 Maclat
554 669 668 695 saera
693 655 832 708 ferens.

173 718 198 759 3
324 715 544 768 Prosanum
574 723 713 751 omnes
744 721 869 763 paene
895 706 1151 749 consentiunt
1181 704 1220 745 id
1251 716 1336 743 esse
1370 701 1478 756 quod
1511 705 1620 741 extra
1648 698 1755 739 sana-

212 771 329 812 tieam
375 782 534 810 eausam
566 767 638 816 sit,
686 765 800 819 quasi
842 777 961 818 porro
999 777 1021 803 a
1056 762 1147 803 fano
1190 765 1230 801 et
1267 774 1287 800 a
1324 758 1516 811 religione
1546 760 1756 797 secretum.

214 827 339 869 Cuius
371 824 616 878 significatus
647 821 872 875 exemplum
907 823 1098 859 executus
1134 822 1213 866 est,
1253 829 1343 856 eum
1372 815 1421 855 de
1449 814 1540 855 luco
1571 817 1610 852 et
1645 810 1758 852 aditu

214 883 430 924 inferorum
460 893 574 921 sacro
604 884 777 932 utroque
812 877 1064 930 loqueretur:

146 955 189 997 [8]
506 961 555 966 —
589 935 754 982 Procul,
790 948 810 974 o
836 932 981 989 procul
1014 938 1086 972 este
1113 928 1287 984 profani,

382 992 603 1035 Conclamat
632 1000 753 1039 vates,
794 998 944 1045 totoque
976 988 1146 1028 absistite
1175 986 1272 1025 luco.

176 1052 276 1096 4Eo
316 1049 468 1091 aceedit
506 1048 616 1103 quod
654 1046 864 1088 Trebatius
898 1045 1114 1100 profanum
1153 1041 1195 1081 id
1228 1038 1395 1095 proprie
1439 1036 1520 1077 diei
1557 1034 1612 1075 ait
1656 1032 1759 1088 quod

216 1124 265 1149 ea:
302 1107 485 1161 reliqioso
521 1106 581 1146 vel
609 1119 721 1144 sacro
762 1104 802 1143 in
838 1102 1038 1142 bominum
1075 1112 1189 1138 usum
1216 1096 1572 1151 proprietatemque
1599 1102 1757 1132 eonver-

214 1179 300 1206 sum
329 1171 399 1211 est,
429 1161 537 1215 quod
568 1158 817 1215 apertissime
848 1161 966 1211 poeta
998 1153 1186 1201 servavit,
1221 1165 1311 1191 cum
1343 1149 1415 1189 ait:

383 1219 538 1266 Fuitne,
561 1230 727 1272 precor,
757 1215 956 1261 miserere,
987 1211 1131 1266 inquit,
1160 1217 1275 1263 tuque
1301 1207 1447 1261 optima
1471 1206 1625 1259 serrum

386 1275 510 1315 Terra
537 1281 637 1321 tene,
668 1272 774 1313 colui
799 1277 944 1312 vestros
971 1269 1008 1308 si
1032 1279 1182 1320 semper
1208 1264 1398 1303 honores:

387 1331 494 1379 Quos
524 1336 660 1370 contra
692 1326 897 1369 Aeneadae
925 1324 1017 1365 bello
1045 1324 1169 1377 secere
1193 1320 1397 1375 profanos.

217 1387 381 1429 Dixerat
408 1386 532 1426 enim:

384 1442 462 1486 Sed
491 1442 651 1495 stirpem
684 1439 826 1479 Teucri
851 1436 958 1478 nullo
991 1433 1215 1475 discrimine
1245 1442 1402 1470 sacrum

385 1498 645 1545 Sustulerant,

217 1556 326 1598 unde
365 1553 540 1595 ostendit
581 1550 740 1607 proprie
781 1547 1055 1603 profanatum,
1099 1542 1208 1598 quod
1251 1554 1298 1582 ex
1337 1551 1450 1580 sacro
1487 1534 1759 1590 promiscuum

218 1611 403 1654 humanis
431 1610 586 1651 actibus
615 1606 913 1648 commodatum
947 1608 1016 1643 est.

178 1671 205 1712 5
329 1668 518 1709 Sanctum
549 1673 619 1712 est,
657 1668 703 1703 ut
737 1662 841 1702 idem
870 1658 1081 1700 Trebatius
1110 1655 1209 1695 libro
1239 1651 1395 1692 decimo
1419 1646 1669 1701 Religionum
1700 1657 1761 1685 re-

220 1725 311 1775 fert,
361 1724 558 1764 interdum
585 1720 685 1762 idem
714 1718 818 1775 quod
843 1729 1001 1758 sacrum
1027 1713 1203 1767 idemque
1230 1708 1333 1765 quod
1363 1705 1608 1761 reli'yiosum,
1643 1702 1761 1742 inter-

311 1852 415 1895 [Mss.
441 1849 609 1883 ABGPs.

220 1908 291 1941 GS.
327 1926 370 1931 —
405 1918 466 1939 suo
496 1916 598 1938 more.
625 1902 759 1935 As-bP.
804 1919 837 1924 —
877 1897 1037 1932 servarit
1064 1894 1167 1927 s-bP.
1303 1893 1336 1922 2.
1376 1886 1468 1929 Quid
1493 1895 1646 1917 sacrum.-
1681 1881 1765 1924 quid

220 1958 393 1986 sanctum.-
429 1952 510 1993 quid
540 1949 762 1991 religiosum:
796 1946 878 1988 quid
905 1945 1104 1986 profanum.
1137 1940 1222 1980 Cap.
1247 1937 1302 1967 vl.
1365 1935 1435 1974 Cap
1473 1931 1540 1962 111.
1581 1929 1630 1961 De
1655 1936 1764 1964 sacro,

220 2003 352 2035 sancto,
377 1997 554 2038 religioso,
581 1999 613 2026 et
635 1992 816 2034 prophano
842 1989 912 2022 v3i.
952 2005 994 2010 ——
1028 1981 1268 2026 diffinitionis
1293 1980 1329 2011 Α.
1361 1995 1399 2000 -
1437 1977 1548 2006 Sacra
1575 1969 1765 2010 Dionaeae]

220 2044 307 2074 Aen.
333 2041 400 2080 111,
421 2043 471 2071 19.
494 2057 537 2062 —
564 2039 674 2068 Sacra
698 2034 783 2076 Iovi]
804 2035 890 2065 Aen.
914 2031 971 2071 w,
997 2032 1075 2060 638.
1098 2045 1139 2049 —-
1162 2025 1302 2068 paravi
1324 2021 1413 2053 Eud.
1437 2023 1472 2050 et
1494 2018 1593 2058 Virg.
1617 2015 1641 2046 l.
1668 2025 1697 2046 c.
1722 2030 1764 2036 —

227 2085 315 2127 Tibi]
336 2085 420 2116 Aen.
446 2082 542 2122 vm,
568 2083 621 2113 34.
759 2081 792 2109 3.
828 2083 859 2109 et
884 2075 1055 2117 religione
1077 2071 1165 2110 (om.
1188 2072 1226 2105 α)
1249 2067 1284 2098 S.
1308 2083 1353 2090 —·
1376 2066 1592 2108 consecutus
1616 2063 1665 2091 est
1685 2067 1766 2100 v-g.

221 2148 264 2154 —-
290 2130 410 2170 adyta
439 2127 483 2160 vi.
534 2127 657 2167 adyto
683 2123 756 2163 chg
780 2122 824 2162 (g
849 2121 882 2152 in
913 2130 986 2159 ing.
1011 2116 1140 2151 aditu).
1168 2131 1208 2136 -
1239 2108 1377 2149 Procul]
1402 2107 1488 2138 Aen.
1515 2105 1573 2144 xl,
1593 2106 1672 2134 258.

266 2176 297 2205 4.
342 2172 524 2215 aptissime
550 2181 582 2200 v.
626 2168 692 2199 vel
716 2166 930 2209 apertissime
952 2162 1050 2203 Si-g.
1074 2177 1117 2182 -—
1145 2154 1276 2198 Faune]
1303 2154 1388 2185 Aen.
1412 2150 1491 2189 ΧΠ,
1515 2152 1593 2181 777.
1618 2166 1661 2171 --
1681 2157 1765 2188 pro-

216 2221 358 2260 fanum
386 2217 452 2259 hg.
477 2232 517 2238 —
550 2212 635 2254 Sed]
665 2212 713 2244 ib.
737 2214 814 2242 770.
849 2227 892 2233 -
923 2205 1200 2251 prophanatum
1222 2200 1263 2232 A.
1309 2198 1510 2241 profanum
1534 2192 1639 2224 s-bP.
1682 2201 1766 2233 pro-

269 2336 301 2365 2.
353 2333 498 2364 Sacrum
527 2328 590 2370 cst]
626 2327 681 2358 Cf.
706 2337 736 2357 c.
760 2328 798 2363 7,
826 2326 846 2364 ς
871 2326 902 2355 3.
927 2324 963 2354 et

223 2379 322 2410 Fest.
362 2378 424 2409 lib.
467 2374 601 2411 xvul,
642 2383 675 2413 p.
715 2373 792 2402 321.
833 2367 963 2400 Muell.

231 2424 354 2455 Gallus
382 2421 499 2453 Aelius
523 2419 575 2450 ait
597 2426 760 2449 sacrum
786 2424 856 2445 esse
879 2423 963 2454 quo-

225 2478 357 2510 cunque
381 2466 480 2497 modo
506 2469 609 2505 atque
631 2461 788 2492 instituto
812 2456 966 2490 civitatis

227 2516 460 2544 consecratum
486 2508 540 2540 sil.

271 2580 303 2609 3.
356 2571 559 2615 Profanum]
583 2571 640 2603 Cf.
662 2569 760 2601 Fest.
784 2566 849 2599 lib.
873 2564 965 2604 XVI,

228 2633 262 2664 p.
292 2622 370 2652 253.
412 2619 651 2657 Prosauum
684 2619 733 2647 est
768 2611 860 2655 quod
882 2609 967 2651 fani

228 2666 399 2708 religione
423 2675 490 2695 non
516 2665 662 2694 tenetur.

274 2730 364 2773 quod
394 2733 491 2761 extra
510 2725 711 2767 fanaticam
742 2730 884 2753 causam
908 2715 966 2758 sit]

230 2775 285 2806 Cf.
313 2774 410 2805 Fest.
433 2783 490 2814 ap.
516 2770 620 2802 Paul.
650 2767 713 2800 lib.
743 2765 808 2805 VI,
847 2775 879 2804 p.
910 2763 966 2793 92.

234 2819 476 2861 Fulguritum,
521 2816 558 2847 id
597 2812 689 2856 quod
731 2815 780 2842 est
814 2806 968 2849 fulmine

231 2863 353 2901 ictum,
376 2862 434 2903 qui
457 2861 551 2892 locus
576 2857 695 2890 statim
708 2854 793 2896 fieri
813 2850 967 2894 putaba-

233 2911 289 2938 tur
310 2905 566 2948 religiosus,
589 2901 678 2945 quod
701 2909 776 2931 eum
802 2897 885 2929 deus
905 2892 970 2926 sibi

1031 2319 1164 2351 dicasse
1189 2316 1373 2348 videretur.
1409 2307 1616 2343 Fanatica
1640 2303 1769 2337 dicitur

1032 2364 1132 2395 arbor
1153 2360 1304 2402 fulmine
1332 2359 1413 2389 icta.
1444 2370 1485 2377 -
1524 2354 1639 2384 Causa
1671 2348 1766 2379 idem

1033 2409 1109 2440 sere
1134 2410 1190 2436 ost
1212 2402 1306 2445 quod
1333 2399 1498 2433 condicio.
1544 2395 1599 2427 Cf.
1624 2392 1700 2424 Cic.
1724 2391 1768 2422 (Ie

1033 2453 1107 2493 leg.
1134 2450 1208 2487 111,
1230 2452 1270 2486 2,
1296 2449 1328 2478 9.
1353 2445 1492 2476 meliore
1517 2441 1552 2472 in
1578 2446 1707 2470 causa
1733 2438 1768 2467 et

1034 2495 1160 2528 statim
1185 2491 1411 2525 commodiore
1434 2483 1693 2518 condicione.

1078 2542 1110 2571 4.
1161 2549 1200 2569 ex
1226 2545 1323 2568 sacro
1346 2526 1590 2575 promiscuum]
1621 2525 1645 2556 i.
1669 2534 1699 2554 e.
1725 2533 1767 2554 ex

1035 2594 1139 2616 sacro
1167 2581 1320 2622 vulgare
1345 2577 1492 2608 factum.
1530 2570 1647 2601 Aliter
1673 2567 1768 2598 onim

1033 2627 1263 2671 promiscuum
1305 2624 1340 2652 et
1383 2614 1633 2664 commodatum
1673 2611 1770 2643 inter

1036 2682 1075 2704 se
1101 2668 1205 2710 iungi
1232 2666 1435 2706 nequeunt,
1477 2659 1548 2690 nim
1573 2657 1668 2688 forte
1692 2665 1769 2686 ma·

1034 2716 1090 2747 vis
1113 2707 1347 2753 interpretari
1370 2711 1406 2738 ut
1423 2703 1664 2747 promiscuum.
1683 2699 1770 2730 Ser-

1036 2759 1136 2795 vius,
1169 2755 1230 2796 qui
1264 2753 1308 2785 ad
1340 2752 1425 2782 Aen.
1458 2747 1544 2786 ΧΠ,
1578 2746 1654 2776 779.
1690 2743 1771 2774 fere

1035 2802 1162 2835 eadem
1187 2798 1311 2837 habet,
1336 2794 1399 2827 sed
1425 2792 1510 2824 aliis
1532 2787 1673 2821 verbis:
1700 2787 1770 2818 Do-

1035 2847 1123 2885 cuit,
1155 2841 1291 2884 inquit,
1323 2840 1511 2882 profanum
1538 2843 1608 2866 esse
1633 2830 1724 2874 quod
1748 2840 1770 2861 a

1034 2889 1206 2933 religione
1235 2887 1271 2918 in
1296 2894 1394 2916 usum
1419 2880 1594 2914 homiuum
1620 2874 1772 2910 transiit.
