1845 3131
205 142 244 177 et
274 136 386 178 Cosis
415 135 652 176 Massicum:
699 135 808 176 Abas
838 135 945 177 hunc
976 138 1159 191 sequitur
1191 152 1313 181 manu
1342 141 1593 204 Populoniae
1618 142 1742 183 Ilvae-

206 206 284 246 que
315 191 547 232 comitatus:
595 196 684 244 post
722 190 796 231 hos
828 192 968 232 Asilan
1007 193 1203 235 miserunt
1232 195 1365 246 Pisae,
1413 211 1515 252 quae
1551 212 1590 238 1n
1621 211 1741 252 quam

137 247 445 301 [mellonginqua
479 245 559 286 sint
592 246 779 287 Etruriae
815 253 926 301 parte
965 249 1099 289 notius
1137 254 1197 290 est
1229 264 1346 304 quam
1383 258 1428 293 ut
1467 253 1738 294 annotandum

204 304 273 343 sit:
303 302 395 342 inde
425 315 516 342 mox
546 302 648 342 redit
678 302 803 343 Caere
834 308 873 343 et
900 304 1051 357 Pyrgos
1080 309 1120 345 et
1151 304 1378 355 Graviscas‚
1408 308 1494 348 loca
1525 309 1615 349 urbi
1648 322 1738 363 pro-

202 358 328 406 xima,
367 358 512 411 quibus
543 358 682 398 ducem
715 361 904 400 Asturem
937 359 1063 400 dedit:
1109 360 1200 401 hine
1227 362 1331 416 rapit
1360 363 1468 403 illum
1503 364 1660 405 Cinirus
1692 364 1740 404 ad

163 414 424 466 5Li0urian1,
473 414 612 454 Ocnus
650 415 870 455 Mantuam.
952 415 1029 455 Sed
1073 430 1145 456 nee
1191 417 1229 457 in
1281 418 1460 471 catalogo
1504 420 1738 460 auxiliorum

203 469 348 518 Turni,
395 469 426 509 si
461 470 556 509 velis
588 470 707 510 situm
737 471 914 511 locorum
953 476 1085 512 mente
1125 486 1373 526 percurrere,
1416 474 1591 515 invenies
1631 475 1738 515 illum

163 525 488 565 &continentiam
527 525 733 578 regionum
777 532 972 568 secutum.
1045 527 1197 569 Deinde
1230 529 1430 570 Homerus
1467 543 1604 570 omnes
1641 544 1741 592 quos

203 581 242 620 in
278 581 457 634 catalogo
499 587 704 622 enumerat
748 582 864 622 etiam
908 588 1127 637 pugnantes
1163 584 1221 624 vel
1261 599 1449 639 prospera
1487 586 1546 626 vel
1585 585 1742 626 sinistra

202 641 309 677 sorte
340 643 646 677 commemorat:
677 643 726 685 et,
758 652 848 678 eum
878 639 962 679 tuit
985 639 1116 680 dicere
1143 639 1295 680 occisos
1321 655 1423 694 quos
1451 640 1631 694 catalogo
1661 654 1740 681 non

201 692 384 741 inseruit,
434 707 513 732 non
550 692 723 733 hominis
764 693 831 733 sed
871 694 1139 735 multitudinis
1177 710 1323 736 nomen
1356 696 1525 736 inducit:
1571 702 1610 737 et
1640 709 1740 749 quo-

202 748 304 788 tiens
334 725 497 788 m’ultam
526 762 663 788 necem
697 748 918 801 significare
946 750 1049 799 v,ult
1076 764 1244 791 messem
1277 751 1483 792 hominum
1515 751 1653 792 factam
1680 751 1739 791 di-

201 803 265 851 cit,
296 804 392 844 nulli
423 809 575 844 eertum
606 817 751 844 nomen
786 804 898 845 facile
930 811 1038 845 extra
1068 807 1291 860 catalogum
1321 808 1379 848 vel
1408 807 1556 848 addens
1587 807 1625 846 in
1654 806 1739 847 acie

163 857 257 901 7vel
304 858 526 900 detrahens.
591 859 667 900 Sed
706 860 820 900 Maro
860 866 990 901 vestet
1025 861 1263 902 anxietatem
1301 862 1419 903 huius
1454 862 1739 903 observationis

200 915 346 955 omisit.
404 916 504 956 Nam
535 920 573 955 et
604 915 642 955 in
673 915 854 969 catalogo
883 916 1110 956 nominatos
1144 918 1332 971 plaeterit
1361 918 1399 957 in
1435 918 1538 957 bello
1571 923 1609 958 et
1641 917 1739 957 alios

198 971 380 1011 nominat
412 976 503 1011 ante
543 985 622 1011 non
663 947 826 1012 dictos.O
865 972 948 1012 Sub
985 973 1155 1013 Massico
1187 973 1288 1014 duce
1320 974 1421 1015 mille
1456 988 1595 1015 manus
1631 974 1738 1015 iuve-

197 1041 292 1068 num
318 1026 472 1068 venisse
502 1026 599 1067 dixit
629 1042 694 1082 quz
724 1042 878 1069 moema
910 1028 1017 1069 Clusi

399 1082 553 1138 quue
583 1083 697 1124 Cosas
724 1083 895 1138 liquere:

198 1136 340 1178 deinde
370 1138 530 1178 Turnus
561 1138 648 1179 navi
678 1137 789 1190 fugit,

399 1194 488 1242 Qua
515 1208 589 1235 rea:
617 1194 786 1236 Clusmes
816 1194 994 1236 advectus
1021 1194 1183 1236 Osinius
1208 1195 1302 1243 oris,

286 1317 388 1358 [Mss
413 1318 513 1350 APS.

194 1374 225 1403 4.
273 1372 460 1414 Virgilius]
486 1373 572 1404 Aen.
598 1373 642 1412 X,
675 1376 736 1406 166
759 1384 836 1415 sqq.
859 1391 901 1397 -
930 1373 1128 1405 Marsicum
1154 1372 1193 1405 P.
1227 1389 1266 1395 —
1302 1372 1422 1404 Albas
1447 1371 1504 1404 ch.
1555 1372 1678 1405 Abbas
1700 1383 1736 1415 g.

193 1432 235 1438 —
263 1427 407 1447 manum
431 1418 468 1447 A.
505 1436 541 1440 -—
578 1418 719 1460 illeque
740 1419 776 1449 A.
805 1435 844 1441 -—
876 1418 1018 1449 Asnam
1044 1418 1169 1449 misere
1194 1427 1261 1459 v-g
1286 1415 1315 1454 (ἰ
1342 1417 1534 1457 miserae).
1558 1434 1599 1440 —
1631 1419 1738 1449 Caere

194 1470 263 1491 s-z.
311 1472 401 1492 cere
420 1461 485 1492 AS.
537 1464 692 1494 Caerete
717 1462 850 1504 v-gbl'.
898 1462 950 1493 ad
975 1467 1094 1494 cerete
1120 1462 1180 1492 1'6.
1226 1461 1272 1492 ad
1298 1461 1456 1493 Certete
1480 1461 1575 1499 ‚,B·‘.
1610 1461 1737 1502 „Lege

194 1504 371 1536 audacter
393 1516 472 1536 cum
497 1506 560 1536 Ed.
586 1511 656 1537 vet.
684 1507 765 1538 Mox
785 1507 873 1538 redit
897 1508 1061 1538 Caerete.
1100 1505 1242 1536 Videsis
1265 1504 1361 1536 enim
1385 1505 1535 1536 Aeneid.
1564 1504 1607 1544 X,
1633 1506 1736 1536 183.⁶‘

195 1548 305 1580 Zeuu.
330 1565 371 1572 —
398 1550 580 1581 oraviscas
599 1550 666 1581 ΑΡ.
716 1551 906 1582 oreviscas
926 1550 1017 1581 SPe.
1039 1567 1083 1573 —-
1104 1554 1270 1581 arturem
1296 1549 1334 1579 A.
1356 1566 1398 1571 -—-
1428 1550 1563 1581 Cinirus
1588 1548 1735 1581 APSs-z

194 1592 340 1623 Mi3Pe.
399 1595 567 1636 Cygnus
592 1594 695 1636 v-gb.
729 1594 854 1635 „Lege
887 1594 978 1625 duce
1005 1594 1100 1625 Edit.
1134 1596 1202 1624 vet.
1235 1594 1388 1635 Cygnus-
1429 1593 1573 1624 Etenim
1597 1593 1651 1624 sic
1675 1603 1737 1624 vo-

194 1640 252 1668 cat
276 1637 429 1668 eundem
458 1638 552 1670 infra
579 1643 703 1669 noster
723 1640 762 1678 (ὃ
787 1639 854 1679 8.).
891 1638 945 1669 Cf.
967 1637 1067 1680 Virg.
1099 1637 1122 1669 Ι.
1143 1637 1191 1669 Ι.“
1221 1637 1333 1668 Zeun.
1374 1636 1450 1668 vid.
1476 1641 1550 1669 not.
1570 1654 1616 1660 —
1639 1637 1737 1669 alli-

191 1681 334 1722 guriam
358 1682 510 1713 SMips.
557 1683 726 1725 liguriam
751 1686 838 1720 (om.
867 1683 930 1720 acl)
957 1693 1031 1714 v-a.
1166 1683 1199 1712 5.
1243 1681 1311 1712 Sed
1343 1691 1395 1712 ne
1417 1681 1465 1712 vi.
1503 1698 1544 1704 —
1585 1682 1737 1713 auxilio-

191 1736 267 1755 ¹rum
293 1726 412 1768 Turni]
439 1727 494 1757 Cf.
523 1727 608 1758 Aen.
631 1727 705 1765 vn,
729 1729 792 1757 641
822 1738 899 1768 sqq.
1038 1729 1068 1757 6.
1106 1730 1270 1757 numerat
1293 1725 1396 1756 s-bP.
1420 1743 1465 1749 —
1485 1727 1622 1766 factam
1648 1736 1737 1758 esse

191 1769 294 1800 s—bP.
432 1773 462 1801 7.
499 1776 626 1803 noster
650 1771 740 1802 Edd.
764 1771 828 1802 PS.
854 1789 892 1794 —
917 1769 1024 1811 mille]
1049 1770 1135 1801 Aen.
1159 1769 1201 1807 X,
1223 1771 1298 1800 167.
1321 1787 1359 1791 —
1384 1769 1530 1801 choras
1555 1770 1593 1800 P.
1641 1770 1735 1801 cho-

190 1824 256 1844 ros
282 1812 321 1844 Α.
368 1825 484 1846 coros
509 1815 570 1846 1'6.
595 1815 800 1852 „Rescriho
824 1827 867 1847 ex
895 1814 1047 1856 Virgilii
1074 1814 1280 1846 codicibus:
1312 1813 1445 1855 Quique
1469 1814 1581 1845 urbem
1607 1813 1738 1856 liquere

197 1858 340 1889 Cosas.⁴²
368 1859 502 1890 Meurs.
533 1877 569 1881 —
604 1858 693 1901 Qua]
719 1859 804 1891 Aen.
828 1860 870 1900 X,
897 1862 974 1891 655.
1010 1877 1048 1881 —
1093 1860 1196 1899 Quae
1218 1858 1380 1890 exclusis
1404 1860 1505 1900 (sup.
1527 1858 1582 1899 in)
1603 1857 1644 1889 A.

1001 1955 1240 2010 δράγματα
1277 1953 1451 2009 ταρφέα
1495 1954 1631 1988 πίπτει·
1666 1951 1734 1993 Ὡς

1005 2002 1126 2042 Τρῶες
1149 2000 1209 2033 καὶ
1231 1997 1360 2042 Ἀχαιοὶ
1384 1997 1436 2031 ἐπ’
1464 1995 1643 2041 ἀλλήλοισι
1663 2000 1736 2032 θο-

1000 2043 1121 2086 ρόντες
1147 2041 1289 2096 Λῄουν,
1320 2049 1355 2074 et
1378 2040 1419 2082 τ’,
1442 2046 1501 2074 221
1530 2055 1606 2095 sqq.
1634 2040 1733 2094 Αἷψᾶ

998 2099 1035 2120 τε
1062 2085 1260 2132 φυλόπιδος
1285 2084 1426 2118 πέλξται
1450 2083 1556 2139 κόρος
1583 2083 1734 2137 ανθρω-

999 2142 1133 2163 ποισιν·
1154 2131 1252 2163 Ηστε
1273 2130 1478 2182 πλείστην
1500 2128 1577 2170 μὲν
1600 2127 1733 2162 καλά-

997 2187 1079 2217 μην
1102 2174 1238 2227 χθονι
1263 2171 1437 2227 χαλκὸς
1449 2172 1607 2215 ἔχευεν,
1627 2171 1733 2226 ’Ἀμη-

236 1956 328 1997 urbi]
356 1957 507 1989 Romae.

241 2001 393 2042 Cinirus]
421 2001 482 2033 Sic
504 2001 637 2044 scripsi
663 2001 827 2034 codicum
854 2002 931 2034 Ma-

192 2045 449 2076 ernbianorum
489 2046 745 2078 alletoritatem
784 2051 932 2078 secutus

192 2092 228 2117 et
264 2088 331 2118 live
371 2089 450 2119 loeo
484 2094 519 2120 et
554 2092 573 2129 ἓ
608 2095 658 2128 9.,
695 2101 803 2131 quum
835 2091 929 2131 apud

191 2131 402 2173 Virgilium
429 2133 488 2164 ubi
518 2135 627 2175 vulgo
656 2132 794 2176 legitur
828 2135 931 2176 Ciny-

189 2186 269 2213 ras,
316 2187 384 2207 non
430 2176 521 2208 satis
568 2181 667 2210 corta
692 2159 761 2209 Dsit
809 2178 930 2209 lectio.

191 2219 294 2259 Quod
324 2220 463 2261 legitur
487 2220 522 2252 in
546 2222 625 2252 edd.
650 2227 751 2257 vett..
777 2223 929 2264 Cygnus

190 2262 225 2294 id
251 2269 436 2305 sumptum
463 2273 518 2295 est
538 2277 556 2296 e
579 2265 789 2307 depravatis
809 2277 930 2297 exem-

190 2309 354 2348 pluribus
380 2308 540 2350 lirgilii,
570 2309 604 2341 in
629 2310 760 2351 quibus
785 2309 929 2352 Cycnus

188 2350 346 2384 i=·¹fe1tur
388 2353 510 2385 versui
553 2357 648 2393 186„
693 2365 801 2396 quum
842 2365 929 2386 vera

187 2395 299 2428 liuius
326 2397 483 2429 nominis
509 2398 615 2430 sedes
639 2398 688 2431 sit
711 2410 746 2430 v.
773 2401 846 2431 189.
873 2399 928 2432 Cf.

232 2487 263 2515 6.
306 2484 541 2517 multitudinis
559 2497 680 2518 nomen
701 2486 845 2541 maurit]
871 2486 927 2518 Cf.

187 2528 231 2559 ll.
258 2526 308 2569 δ’,
335 2531 413 2559 538.
456 2529 620 2561 Πολλοὶ
650 2528 686 2562 δὲ
720 2529 799 2572 περὶ
833 2530 925 2562 κτεί-

185 2582 291 2603 νοντο
311 2571 371 2604 και
393 2569 505 2611 ἄλλοι,
514 2571 568 2625 ξ’,
583 2576 659 2606 520.
680 2574 924 2612 Πλείστους

186 2612 217 2646 6
242 2615 329 2653 Αἶας
355 2614 462 2655 εἷλεν,
487 2614 532 2655 π’
560 2599 621 2649 ⁷661
652 2630 728 2660 sqq.
758 2616 924 2656 Πολέες

184 2657 253 2700 ψὰρ
280 2656 331 2691 ἐ’π
361 2657 461 2704 αὕτῳ
490 2659 696 2694 Κοῖππεσον.

230 2715 370 2736 messem
400 2705 573 2737 homiuum
597 2706 748 2759 factam]
785 2705 839 2737 Cf.
878 2706 922 2737 Il.

185 2744 228 2785 λ’,
265 2750 307 2779 67
320 2759 419 2800 sqq.
461 2747 508 2780 Οὶ
544 2745 595 2787 δ’,
633 2745 713 2780 ὥστ’
757 2746 924 2803 αμητῆ-

187 2801 255 2829 ρες
313 2788 468 2824 ἐναντίοι
521 2788 721 2845 ἀλλήλοισιν
764 2791 923 2845 ’Όγμον

184 2830 425 2867 ἐλαύνωσιν
470 2832 603 2889 ἅνὸρὸς
644 2834 807 2879 μάκαρος
845 2833 921 2868 κατ’

184 2872 367 2920 ἄρουραν,
403 2880 536 2920 Πυρῶν
560 2876 582 2921 ἢ
608 2881 765 2923 κριθῶν·
797 2879 849 2912 τὰ
876 2877 921 2912 δὲ

996 2230 1058 2257 τος
1084 2216 1114 2251 ὁ’
1149 2215 1342 2259 ὀλιγιστος,
1377 2214 1466 2259 ἐπὴν
1499 2217 1634 2260 κλίνῃσι
1667 2215 1733 2249 τοὶ-

997 2264 1109 2294 λαντα
1141 2261 1247 2303 Ζεύς,
1285 2272 1390 2313 quem
1424 2263 1638 2302 loeu1n‚ut
1668 2262 1731 2303 qui

998 2307 1117 2339 minus
1143 2307 1214 2338 huc
1240 2306 1441 2347 pertineat
1474 2317 1541 2337 non
1567 2305 1732 2338 addidis-

996 2362 1092 2391 sem,
1133 2351 1203 2383 nisi
1228 2351 1387 2382 Zennius
1411 2350 1598 2382 attulisset
1621 2350 1731 2382 scho-

996 2395 1092 2427 lion:
1144 2392 1388 2447 Ἀλληγορικῶς
1428 2390 1627 2446 καλάμην
1664 2393 1731 2426 νῦν

995 2438 1134 2481 κέκληκε
1171 2436 1214 2470 τὰ
1256 2435 1405 2479 σώματα
1441 2435 1513 2470 τὼν
1552 2433 1730 2480 ἀνῃρημέ-

994 2494 1077 2515 νων.
1135 2483 1204 2514 Sed
1247 2483 1294 2514 Μ
1297 2482 1471 2513 terolnum
1516 2492 1584 2513 non
1631 2484 1729 2512 reete

993 2527 1153 2559 dixisse.
1206 2528 1419 2568 Quotiens
1457 2550 1488 2559 ..
1528 2526 1729 2566 siguificare

991 2573 1077 2612 vult,
1106 2571 1218 2603 facile
1239 2574 1405 2612 apparet.

1035 2620 1066 2647 7.
1120 2616 1218 2647 Μανο
1247 2614 1370 2655 vester]
1410 2612 1487 2644 Vid.

990 2660 1278 2735 2⁹gufill-Massico
1305 2702 1388 2733 duce
1415 2699 1495 2742 cet.]
1523 2699 1628 2732 Hane
1654 2699 1727 2731 ‹lif-

991 2747 1194 2779 fieultatem
1220 2746 1363 2778 solvere
1386 2749 1538 2776 conatus
1561 2749 1617 2776 est
1641 2743 1727 2775 Ser-

990 2791 1091 2831 vius,
1128 2789 1189 2830 qui
1222 2790 1265 2821 ad
1291 2789 1376 2820 Aen.
1406 2788 1455 2827 X,
1485 2790 1582 2820 655.:
1632 2788 1726 2820 Osi-

989 2835 1103 2873 nius,
1130 2834 1265 2875 inquit,
1296 2834 1368 2875 ipse
1393 2837 1462 2874 est,
1495 2843 1592 2874 quem
1617 2842 1725 2874 supra

989 2884 1042 2917 [v.
1069 2879 1163 2920 166.)
1196 2878 1428 2910 Massicum
1464 2876 1563 2910 dixit.
1610 2877 1723 2919 Ergo,

1517 2615 1590 2644 not.
1622 2612 1665 2644 ad
1697 2624 1727 2644 c.
