1845 3131
190 48 274 89 294
817 47 1095 89 MACROBII

190 163 297 199 tusta
326 154 659 210 persequentibus
686 155 878 209 quicquid
911 157 959 197 de
986 156 1062 198 hoe
1094 163 1258 212 putatur
1285 158 1472 201 innotuit.
1522 159 1602 201 Alii
1630 159 1734 201 enim

194 216 329 255 lovem
357 209 631 259 erediderunt,
659 210 724 250 alii
746 212 921 253 Lunam:
951 218 1044 254 sunt
1071 214 1139 267 qui
1167 218 1441 268 Angeronam‚
1474 229 1576 270 quae
1610 216 1735 270 digito

193 270 241 309 ad
274 282 319 308 os
350 267 512 307 admoto
542 266 740 307 silentium
775 267 1003 309 denuntiat:
1032 269 1096 309 alii
1126 275 1273 319 autem,
1305 284 1477 325 quorum
1515 271 1611 312 fides
1642 271 1736 312 mihi

155 324 348 367 5videtur
376 322 550 370 firmior,
588 322 717 376 Opem
747 323 973 364 Consiviam
1005 339 1091 366 esse
1122 326 1318 366 dixerunt.
1383 327 1513 380 Ipsius
1542 341 1635 367 vero
1670 340 1736 369 ur-

196 380 255 420 bis
292 392 436 419 nomen
470 378 587 418 etiam
621 378 859 419 doctissimis
898 380 1124 434 ignoratum
1161 386 1240 430 est,
1286 382 1515 422 caventibus
1547 383 1738 423 Romanis

197 449 247 475 ne
283 435 391 488 quod
420 448 538 488 saepe
576 434 764 475 adversus
796 436 915 476 urbes
954 436 1128 477 hostium
1161 436 1300 477 fecisse
1332 451 1373 477 se
1405 443 1598 478 noverant
1634 438 1737 479 idem

199 491 272 545 ipsi
304 504 468 544 quoque
498 490 629 530 hostili
663 491 894 531 evocatione
924 498 1173 546 paterentur,
1220 493 1251 533 si
1281 493 1430 534 tutelae
1465 506 1560 533 suae
1592 507 1740 535 nomen

156 547 181 587 6
201 547 481 600 divulgaretur.
540 546 614 587 Sed
644 546 857 587 videndum
888 562 936 588 ne
961 549 1066 603 quod
1102 549 1279 589 nonnulli
1303 549 1405 589 male
1432 549 1740 590 aestimaverunt

130 615 271 657 [261nos
301 616 464 656 quoque
493 602 722 650 confundat,
754 603 962 657 opinantes
994 619 1075 646 uno
1106 605 1280 646 carmine
1310 610 1348 645 et
1379 605 1533 646 evocari
1563 619 1610 646 ex
1640 606 1739 647 urbe

196 659 328 712 aliqua
355 658 451 699 deos
479 663 518 698 et
545 658 669 711 ipsam
699 658 882 699 devotam
920 661 1004 701 lieri
1039 661 1249 702 civitatem.
1304 662 1403 701 Nam
1432 661 1587 715 repperi
1618 661 1656 701 in
1692 661 1737 702 li-

196 715 269 755 bro
301 714 440 768 quinto
475 714 621 754 Rerum
650 715 940 756 reconditarum
969 717 1210 758 Sammonici
1238 717 1373 758 Sereni
1400 722 1617 771 utrumque
1652 730 1736 757 car-

198 784 308 817 men,
341 769 449 823 quod
481 770 544 810 ille
573 784 614 809 se
645 770 683 810 in
712 770 917 811 cuiusdam
949 772 1059 812 Furii
1090 773 1359 814 vetustissimo
1389 773 1488 813 libro
1518 772 1740 827 repperisse

162 825 400 880 7prosessus
439 831 509 866 est.
567 826 641 865 Est
672 832 805 867 autem
846 841 1005 868 carmen
1042 828 1272 869 huiusmodi
1310 842 1390 882 quo
1435 829 1473 868 di
1511 834 1738 878 evocantur,

203 896 292 922 cum
321 881 619 935 oppugnatione
647 882 783 923 civitas
814 882 1005 936 cingitur:
1038 899 1072 924 Sl
1103 899 1206 924 nnus
1238 900 1272 924 ει
1304 899 1383 924 DEA
1415 899 1488 924 EST
1519 899 1586 924 cm
1616 899 1739 925 Poru-

202 952 277 977 Lus
307 952 558 985 CIVITASQUE
590 952 966 979 cAkTHAGlNlENSls
1000 954 1075 979 nsr
1107 955 1148 980 IN
1180 954 1367 987 TUTELA,
1399 954 1532 988 ’reque
1561 955 1738 990 MAXIME,

202 1008 293 1033 unffi:
326 1007 396 1041 qm
428 1008 547 1033 muns
576 1008 702 1033 umus
731 1009 963 1042 por-umque
995 1009 1194 1035 'ru'rnLAm
1219 1010 1449 1044 necnms'rl,
1481 1010 1639 1035 PRECOR
1664 1011 1738 1036 vn-

201 1063 424 1096 Nssnonqun
454 1063 698 1097 vnxmmquu
730 1065 753 1090 A
785 1065 901 1090 vonis
933 1066 1037 1090 ΡΕτο
1066 1065 1120 1090 UT
1153 1066 1228 1090 vos
1265 1065 1456 1090 POPULUM
1487 1065 1740 1091 mvn-Amm-

203 1119 284 1152 qun
315 1119 711 1145 marafinium-seu
741 1120 983 1155 nnsmm'ms,
1022 1121 1124 1147 nocA
1157 1121 1322 1147 ‘ranem
1351 1121 1482 1147 SAcRA
1515 1121 1738 1156 uanumque

289 1230 391 1273 [uss.
419 1231 583 1263 ABGPS.

200 1304 240 1308 —
265 1291 406 1328 putant
430 1287 536 1328 Angl.
562 1305 599 1310 -—-
628 1286 713 1317 mihi
725 1288 819 1328 fides
846 1298 924 1329 v-g.
1062 1291 1094 1319 5.
1130 1288 1294 1330 ignotum
1322 1287 1424 1319 s-bP.
1451 1306 1492 1310 —
1520 1298 1651 1330 quoque
1673 1287 1742 1330 ipsi

200 1329 237 1361 S.
373 1334 402 1361 6.
442 1332 531 1363 male
555 1342 625 1363 om.
650 1332 705 1362 v3.
735 1349 777 1354 -—
815 1332 1116 1364 existimaverunt
1135 1332 1264 1374 Sv3—g.
1312 1333 1574 1364 extimaverunt
1608 1334 1662 1363 vl.
1698 1349 1738 1355 —

200 1385 311 1405 rerum
347 1375 570 1406 conditarum
602 1375 678 1406 BG.
727 1377 981 1407 reconditarum
1018 1380 1107 1413 (om.
1133 1378 1265 1416 rerum)
1291 1378 1346 1407 vl.
1380 1394 1417 1399 -
1461 1387 1532 1417 quo
1562 1376 1621 1407 ille
1651 1379 1739 1414 (om.

201 1419 253 1457 se)
280 1418 317 1450 P.
436 1422 467 1450 7.
505 1429 662 1450 POPOLVS
686 1419 758 1457 (sic
778 1424 940 1461 sennper)
964 1420 1065 1451 s-bP.
1088 1438 1129 1443 ——
1155 1421 1339 1463 carthagin
1351 1421 1440 1452 ensis
1460 1420 1497 1452 S.
1546 1420 1740 1463 Kartagi-

200 1463 328 1494 niensis
353 1462 442 1500 (del.
469 1464 498 1503 ἰ)
526 1463 565 1494 Α.
595 1481 635 1486 -
664 1469 781 1505 tuque
806 1464 841 1495 S.
866 1483 900 1486 —
936 1465 995 1495 ille
1020 1465 1102 1496 add.
1130 1476 1150 1496 a
1174 1476 1245 1496 sec.
1272 1476 1317 1496 m.
1347 1465 1383 1497 A.
1414 1483 1447 1487 -
1483 1465 1740 1507 carthaginen-

201 1518 269 1539 sem
301 1507 338 1538 S.
390 1507 704 1551 Kartaginensem
737 1509 775 1540 A.
835 1509 1190 1552 carthaginiensium
1234 1520 1312 1551 v-g.
1450 1511 1481 1539 8.
1526 1509 1743 1551 civitatique

248 1622 398 1662 vetusta]
435 1620 496 1653 Sic
529 1622 613 1654 inde
644 1623 689 1654 ab
721 1623 777 1653 ed.
808 1622 935 1664 steph.

202 1665 342 1707 legitur
387 1666 542 1699 fortasse
572 1678 591 1698 e
622 1667 700 1698 cod.
737 1667 775 1699 P.
834 1668 936 1708 Quod

202 1709 236 1740 in
260 1710 448 1741 codicibus
471 1721 556 1742 mss.
581 1711 713 1743 ceteris
736 1717 771 1743 et
795 1711 829 1742 in
857 1712 937 1742 edd.

203 1758 289 1785 vett.
315 1758 383 1796 est,
404 1760 576 1794 vetustas,
601 1767 670 1787 non
694 1756 937 1788 revocandum

202 1810 283 1830 esse
316 1799 464 1837 censui,
505 1799 590 1840 quia
626 1812 690 1832 nec
722 1806 874 1833 vetustas
905 1824 937 1832 ..

203 1844 351 1876 innotuit
393 1844 621 1875 commodum
664 1846 815 1887 praebet
856 1856 938 1876 sen-

202 1899 293 1925 sum,
317 1888 348 1919 si
374 1899 437 1929 pro
462 1889 693 1920 substantivo
716 1890 785 1920 hoc
809 1900 938 1921 nomen

202 1932 392 1970 habemus,
420 1943 498 1972 nec,
524 1933 554 1964 si
581 1945 644 1975 pro
667 1934 863 1973 adiectivo,
887 1934 939 1965 el-

203 1976 309 2018 lipsis
338 1976 494 2007 nominis
518 1988 570 2009 res
596 1978 683 2009 ferri
712 1983 842 2020 potest.

251 2019 374 2062 lovem]
402 2021 456 2052 Cf.
481 2021 583 2052 Serv.
611 2022 632 2053 Ι.
660 2033 689 2053 c.
709 2023 752 2054 ad
780 2024 799 2062 ς
825 2024 857 2052 3.

252 2065 400 2105 Lunam]
420 2065 497 2095 Hoc
512 2065 593 2106 quis
610 2066 786 2103 docuerit,
805 2064 940 2097 nescio.

203 2108 401 2149 Complura
448 2110 584 2150 templa
635 2121 713 2141 eam
763 2109 938 2141 habuisse

203 2153 342 2183 Romae
367 2157 522 2185 constat.
568 2153 741 2185 Fortasse
774 2153 939 2195 cogitan-

205 2197 288 2228 dum
314 2200 369 2227 est
394 2197 437 2227 dc
453 2197 588 2228 lunone
602 2197 751 2237 Lucina,
776 2198 821 2228 cf.
839 2197 938 2228 Varr.

204 2240 244 2271 L.
266 2240 293 2270 L
335 2240 371 2279 V,
399 2242 418 2279 ἒ
440 2244 494 2271 69Ὶ
530 2241 650 2281 Aram,
677 2246 715 2273 ut
742 2242 827 2273 aliis
854 2241 939 2279 diis,

203 2284 325 2315 Lunae
351 2284 555 2317 dedicatam
582 2297 662 2317 esse
683 2297 703 2317 a
721 2285 830 2318 Tatio
853 2296 939 2327 rege

207 2328 319 2359 refert
353 2328 448 2360 idem
487 2328 532 2360 ib.
568 2331 588 2368 ἓ
621 2331 674 2360 74.
713 2334 749 2361 et
785 2329 937 2371 Dionys.

204 2372 325 2403 Halic.
362 2372 414 2413 11,
445 2375 498 2404 50.
558 2373 636 2405 Yid.
677 2374 857 2416 Hartung.
892 2374 940 2413 ll,

206 2427 239 2458 p.
265 2419 308 2447 83
334 2428 386 2457 sq.

251 2461 488 2503 Anger-onam]
528 2460 686 2502 „Variae
724 2472 835 2502 super
871 2460 941 2492 hac

206 2504 274 2536 dea
317 2504 518 2546 opiniones.
571 2505 742 2548 Scaliger
776 2505 819 2537 ad
856 2505 941 2536 Var-

206 2560 282 2580 ron.
309 2549 356 2590 [p.
388 2551 459 2581 130.
489 2550 543 2582 ed.
564 2550 659 2593 Bip.]
686 2555 784 2582 amat
810 2548 943 2581 rescri—

206 2593 313 2625 bere:
339 2595 540 2636 Angenora,
559 2596 643 2636 quia
670 2594 818 2626 cohibet
840 2605 890 2633 os,
907 2597 943 2625 et

208 2637 274 2668 dea
301 2637 349 2668 sit
375 2635 589 2678 ἐχεμυθίας,
622 2640 715 2670 uiule
740 2638 954 2679 Sophocles

210 2680 315 2720 [Oed.
342 2681 420 2713 Col.
450 2693 480 2713 v.
512 2682 622 2723 1052]
650 2679 698 2720 ὥς
728 2681 788 2714 καὶ
813 2678 945 2724 χρύσεοι

210 2723 310 2765 κληῒς
339 2722 396 2757 ἐπὶ.
420 2723 560 2770 γλώσσᾳ
582 2725 743 2769 βέβακεν.
792 2727 944 2758 Glossa-

209 2768 286 2799 rius
324 2769 469 2801 consilii
508 2777 615 2811 atque
655 2770 943 2812 oportunitatum

212 2812 316 2842 deam
349 2813 449 2844 facit.
507 2816 712 2857 Angerona,
751 2814 886 2856 inquit,
920 2809 943 2854 ἦ

210 2851 299 2891 θεὸς
328 2856 391 2896 τῆς
417 2856 549 2899 βουλῆς
570 2857 631 2890 καὶ
655 2857 802 2900 καιρῶν.
839 2857 943 2899 Quod

211 2897 329 2930 Conso
360 2899 491 2932 tribuit
519 2901 555 2933 in
588 2903 776 2934 Consualia
800 2901 942 2934 Festus.

1013 1623 1131 1662 Consi,
1169 1621 1305 1664 inquit,
1345 1634 1442 1665 quem
1473 1623 1572 1654 deum
1608 1622 1745 1655 consilii

1005 1668 1217 1710 putabant.‘'·
1256 1667 1370 1698 Pon'r.
1413 1685 1454 1689 —
1493 1667 1596 1709 Quae
1635 1676 1743 1709 prae·

1008 1717 1109 1743 terea
1134 1711 1262 1744 attulit
1280 1712 1478 1753 Fontanus,
1500 1722 1542 1743 ea
1571 1712 1745 1754 leguntur

1010 1756 1074 1787 lib.
1100 1756 1128 1796 1,
1154 1767 1182 1787 c.
1209 1759 1261 1788 10.
1286 1757 1305 1796 §
1332 1759 1351 1787 7
1375 1767 1450 1797 sqq.
1495 1755 1573 1788 Vid.
1598 1760 1671 1788 not.
1697 1755 1744 1788 ad

1009 1801 1115 1832 illum
1153 1801 1272 1832 locum
1315 1804 1351 1832 et
1387 1800 1430 1831 ad
1470 1799 1506 1831 h.
1544 1811 1622 1843 cap.
1659 1801 1679 1840 ἓ
1709 1801 1742 1831 3.

1007 1846 1184 1877 Klausen.
1207 1847 1292 1876 Aen.
1322 1857 1354 1887 p.
1384 1846 1481 1875 1037.

1058 1890 1161 1931 Opem
1184 1888 1397 1931 Consiviam]
1414 1888 1468 1920 Cf.
1484 1888 1513 1927 1,
1531 1890 1584 1928 10,
1608 1889 1648 1919 19
1664 1898 1743 1929 sqq.

1011 1938 1046 1965 et
1072 1936 1124 1973 12,
1148 1936 1189 1965 21
1208 1944 1261 1975 sq.
1287 1937 1322 1965 et
1341 1933 1440 1965 Van-r.
1462 1932 1503 1963 L.
1524 1932 1563 1963 [ι.
1584 1931 1671 1974 v1‚§
1687 1934 1742 1964 21.

1014 1978 1283 2020 Opeconsiua
1306 1978 1379 2009 dies
1394 1978 1436 2009 ab
1453 1978 1517 2008 dea
1536 1977 1620 2019 Ope
1638 1978 1745 2008 Con-

1009 2023 1141 2060 sivia,
1180 2022 1302 2063 quoius
1331 2022 1367 2053 in
1395 2022 1511 2063 Regia
1538 2021 1742 2058 sacrarium,

1009 2066 1098 2108 quod
1124 2067 1176 2097 ita
1205 2070 1339 2104 actum,
1377 2069 1414 2096 ut
1447 2076 1483 2095 eo
1507 2069 1646 2105 praeter
1672 2064 1744 2095 vir-

1008 2110 1108 2152 gines
1143 2109 1296 2140 Vestales
1326 2113 1357 2140 et
1385 2108 1595 2140 sacerdotem
1625 2108 1743 2150 publi-

1007 2165 1080 2185 cum
1106 2154 1255 2184 introeat
1279 2163 1387 2184 nemo.
1433 2151 1531 2183 Fest.
1561 2151 1624 2183 lib.
1651 2151 1743 2191 xlv,

1008 2208 1041 2238 p.
1071 2200 1143 2228 186,
1171 2196 1297 2227 Muell.
1334 2196 1458 2238 Opima
1483 2196 1595 2237 spolia
1620 2196 1744 2227 ‹licun-

1007 2246 1064 2273 tur
1100 2241 1269 2282 originem
1311 2240 1447 2282 quidem
1482 2240 1659 2272 trahentia
1701 2239 1744 2271 ab

1013 2285 1097 2327 Ope
1136 2285 1318 2316 Saturni
1355 2294 1503 2322 uxore,
1546 2284 1636 2326 quod
1673 2284 1746 2326 ipse

1008 2339 1182 2361 sacrorum
1214 2329 1324 2360 cultor
1354 2328 1499 2359 habetur
1624 2328 1746 2369 ltaque

1008 2374 1072 2405 illa
1095 2383 1227 2415 quoque
1252 2373 1519 2416 cognominatur
1544 2372 1627 2403 Con
1639 2372 1744 2411 siva,

1010 2422 1041 2449 et
1061 2428 1131 2449 esse
1157 2417 1375 2449 existimatur
1398 2421 1509 2448 terra.-
1541 2415 1685 2457 ideoque
1709 2415 1746 2447 in

1014 2462 1130 2504 Regia
1155 2462 1280 2493 colitur
1304 2472 1325 2492 a
1353 2460 1390 2492 P.
1422 2460 1482 2499 R„
1524 2460 1606 2501 quia
1633 2469 1747 2491 omnes

1012 2517 1090 2547 opes
1129 2506 1279 2537 humano
1320 2504 1441 2548 generi
1476 2508 1569 2536 terra
1604 2503 1745 2534 tribuat.

1012 2550 1194 2592 Hartung.
1214 2550 1261 2590 11,
1281 2561 1312 2591 p.
1332 2551 1406 2579 130.
1434 2546 1603 2578 Creuzer.
1618 2545 1744 2587 Symb.

1013 2594 1080 2634 111,
1107 2606 1142 2636 p.
1170 2596 1238 2625 498
1263 2596 1298 2624 et
1320 2593 1396 2624 714.

1056 2641 1087 2669 6.
1135 2642 1316 2678 utrumque
1339 2632 1489 2675 carmen]
1514 2633 1554 2664 In
1580 2635 1744 2664 nostrum

1013 2692 1214 2713 sermonem
1247 2689 1422 2711 conversa
1451 2678 1624 2719 leguntur
1649 2676 1744 2718 apud

1012 2726 1051 2757 E.
1077 2736 1110 2756 v.
1135 2724 1291 2764 Lasanx,
1317 2723 1438 2754 Ueber
1458 2722 1526 2753 den
1546 2720 1662 2753 Fluch
1684 2719 1745 2752 bei

1012 2770 1079 2801 (len
1105 2768 1289 2800 Griechen
1314 2778 1347 2798 u.
1370 2767 1563 2798 Roemern.
1595 2764 1744 2796 Wiirzb.

1013 2814 1113 2844 1843.
1147 2814 1178 2844 4.
1217 2823 1249 2854 p.
1281 2814 1323 2843 17
1348 2822 1403 2852 sq.
1449 2809 1506 2841 Cf.
1538 2808 1743 2850 Pellegrin.

1011 2856 1163 2888 Andeut.
1195 2867 1228 2898 p.
1255 2857 1312 2887 23.
1358 2855 1541 2897 Hartung.
1571 2854 1616 2886 R.
1641 2853 1687 2886 R.
1714 2852 1744 2894 1,
