1871 3126
103 202 153 243 16
167 206 266 242 stem
298 200 502 239 lacessere.

104 313 152 353 17
167 311 275 352 nefas
309 314 369 349 est

168 35 248 78 136

803 29 1081 72 MACROBII

166 150 244 194 est,
294 141 503 198 praeliares
542 144 674 180 autem
712 152 850 180 omnes
884 139 1029 193 quibus
1068 139 1125 180 sas
1156 144 1217 180 est
1246 152 1308 179 res
1338 144 1517 193 repetere
1546 139 1605 181 vel
1633 138 1705 180 ho-

570 195 670 236 Nam
701 208 790 235 cum
821 195 976 244 Latiar,
1022 195 1097 236 hoc
1137 200 1196 236 est
1228 194 1461 236 Latinarum
1501 195 1705 244 sollemne,

167 254 401 308 concipitur,
434 252 528 292 item
560 250 700 291 diebus
726 250 1059 313 Saturnaliorum‚
1093 251 1161 291 sed
1192 256 1231 291 et
1260 265 1350 291 cum
1376 251 1555 292 Mundus
1586 256 1707 305 patet,

408 321 453 362 pr
436 307 599 348 raelium
636 319 814 347 sumere:

875 306 969 360 quia
1004 320 1076 346 nec
1107 306 1338 347 Latinarum
1378 312 1576 359 tempore,
1625 320 1706 360 quo

168 365 325 421 publice
363 363 566 418 quondam
604 362 788 402 induciae
826 362 929 403 inter
971 362 1162 415 populum
1199 363 1426 402 Romanum
1463 362 1704 415 Latinosque

168 422 346 462 sumatae
377 425 486 467 sunt,
512 417 689 458 inchoari
714 418 860 458 bellum
890 418 1071 466 decebat,
1098 431 1170 457 nec
1195 417 1355 458 Saturni
1383 417 1506 465 festo,
1532 417 1599 470 qui
1626 417 1706 457 sine

166 477 248 518 ullo
272 476 450 517 tumultu
476 451 617 515 liellico
649 474 825 514 cicditur
855 473 1082 527 imperasse,
1113 487 1184 513 nec
1217 478 1376 526 patente
1402 472 1570 521 Mundo,
1600 471 1706 525 quod

169 546 327 573 sacrum
358 531 441 571 Diti
468 530 569 585 patri
601 534 641 570 et
667 530 932 584 Proserpinae
963 529 1137 569 dicatum
1171 534 1252 569 est:

107 587 351 631 lSPlutonis
387 586 499 627 fauce
530 585 705 626 eundum
743 585 790 626 ad
825 585 1017 639 praelium
1051 589 1302 638 putaverunt.

480 642 657 684 Mundus
694 656 781 683 cum
812 650 940 696 patet,

170 645 223 685 ita
266 642 420 684 scribit:

260 766 362 807 11153.
390 763 553 796 ABGPS.

168 820 379 871 proeliares
409 818 483 849 BG.

530 818 746 860 proeliales
773 817 875 849 s—bP.
901 835 941 840 —
970 828 1022 849 res
1048 827 1117 848 om.
1144 815 1233 848 81¹7.

1302 528 1524 581 meliusque
1554 527 1708 568 occlusa

1362 583 1477 626 Unde
1509 589 1549 624 et
1579 584 1706 624 Varro

986 641 1147 682 deorum
1184 641 1352 681 tristium
1392 648 1504 694 atque
1542 641 1709 693 mserum

1373 818 1427 847 16.
1468 815 1649 847 latiarum
1677 825 1708 846 v.

172 865 264 897 lolia
289 864 332 895 i«.
381 863 521 894 latiare
544 872 590 903 'ig
648 879 687 884 —
729 861 789 892 hoc
813 863 889 902 (om
928 862 994 901 est)
1025 861 1083 892 ΡΤ.
1124 880 1167 884 -
1205 859 1385 902 incipitur
1411 861 1437 890 A
1462 859 1522 900 „in
1548 859 1577 891 B
1599 869 1709 900 supra

170 921 229 941 con
256 908 432 949 scriptum
458 907 506 946 in,
531 885 627 937 sinit
653 905 687 937 in
710 905 784 936 alio
811 906 920 948 Angl.
947 905 1148 947 incipitur“.
1291 906 1340 935 17.
1382 904 1520 944 Quare
1546 915 1604 935 nec
1631 914 1709 945 v-g.

171 971 211 977 —
240 954 342 995 quod
366 951 501 995 publice
526 950 604 981 BG.
639 969 681 973 —
711 961 804 981 nam
832 951 968 982 saturni
991 950 1029 981 A.
1168 951 1219 980 18.
1260 958 1374 989 quom
1399 958 1433 979 v.
1468 966 1511 971 -—
1549 948 1709 980 dilectum

215 1065 420 1110 praeliares]
467 1065 522 1096 Cf.
564 1064 662 1096 Fest.
705 1074 762 1106 ap.
803 1064 908 1095 Paul.

172 1112 235 1143 lit».
264 1111 354 1142 le.
380 1122 411 1152 p.
436 1112 513 1141 226.
542 1110 669 1140 Muell.
706 1109 909 1140 Praelia-

171 1167 243 1187 res
266 1156 355 1186 dies
379 1155 615 1196 appellantur,
637 1154 756 1195 quibus
778 1154 837 1192 fas
861 1157 911 1184 est

171 1200 300 1231 hostem
327 1199 413 1230 bello
446 1199 622 1229 lacessere.
674 1198 787 1228 Erant
821 1197 911 1227 enim

172 1243 344 1286 quaedam
366 1243 483 1282 feriae
504 1242 675 1284 publicae,
702 1242 824 1283 quibus
847 1251 909 1272 ne—

168 1290 231 1329 fas
247 1287 323 1327 fuit
348 1287 382 1318 id
405 1288 535 1325 facere.

217 1342 270 1363 res
305 1330 468 1372 repetere]
504 1329 557 1361 Cf.
592 1329 704 1359 tarro
736 1326 910 1366 1..1..v,

175 1377 237 1413 15,
264 1377 319 1405 86.
349 1374 414 1405 Per
442 1374 502 1405 hos
527 1373 718 1411 (sedales)
734 1372 846 1414 fiebat
874 1376 911 1403 ut

173 1421 299 1451 iustum
328 1418 560 1459 conciperetur
588 1417 787 1448 bellum...
804 1441 811 1447 .
856 1416 911 1447 Ex

173 1464 226 1495 his
251 1462 486 1501 mittebantur,
505 1467 690 1502 autequam
715 1460 911 1502 concipere-

173 1513 248 1544 tur,
273 1507 332 1548 qui
357 1516 426 1536 res
449 1509 710 1548 repeterent

221 1553 274 1581 16.
324 1549 468 1589 Latiar,
514 1550 575 1581 hoc
613 1553 662 1580 est
701 1547 908 1578 Latinarum

174 1593 351 1634 sollemne]
380 1593 434 1624 Cf.
463 1593 539 1624 Gi«.
564 1592 607 1624 ad
636 1591 762 1633 Quint
790 1591 835 1621 fr.
864 1590 910 1628 ll,

173 1640 193 1669 4
210 1641 302 1670 extr.
340 1638 421 1669 Dies
446 1642 543 1669 erant
568 1637 635 1667 duo
661 1636 719 1677 qui
741 1640 818 1676 post
839 1634 910 1665 La—

174 1683 266 1715 tinas
308 1681 476 1713 habentur
520 1680 697 1722 religiosi.-
741 1677 913 1720 ceteroqui

174 1728 366 1765 confectum
390 1730 464 1758 erat
496 1726 665 1756 Latiar.
715 1722 912 1754 Praeterea

175 1770 245 1801 vid.
286 1773 356 1800 not.
395 1770 439 1800 ad
476 1771 495 1809 g
528 1772 561 1800 6.
611 1768 788 1800 Klausen.
823 1766 910 1797 Aen.

176 1826 209 1856 p.
235 1816 302 1845 792
325 1824 400 1854 sqq.

218 1858 336 1889 diebus
364 1856 647 1889 Saturnaliorum
676 1877 707 1886 ..
734 1855 837 1895 nefas
864 1858 913 1885 est

170 1902 343 1943 praelium
385 1901 528 1942 sumere]
573 1900 630 1931 cf.
666 1910 695 1930 c.
739 1902 788 1929 10.
819 1899 839 1937 ἓ
878 1899 910 1928 1.

173 1946 332 1977 bellum
383 1944 703 1976 Saturnalibus
749 1951 913 1974 sumere

173 1991 276 2029 nefas
302 1987 557 2027 habit11m,ul›i
586 1987 657 2018 vid.
681 1989 754 2017 not.

219 2044 294 2063 cum
330 2033 482 2063 Mundus
512 2030 670 2073 patet],
675 2030 740 2068 ,Ex
766 2029 908 2060 Plutar-

175 2076 245 2107 cho
272 2076 306 2107 in
334 2076 489 2106 Romulo
514 2086 534 2115 p
573 2072 817 2114 23.[c.11.,]
844 2072 912 2103 Fe-

176 2125 232 2151 sto
258 2123 293 2151 et
318 2119 446 2150 Servio
472 2119 516 2150 ad
543 2118 630 2149 Aen.
658 2117 823 2156 111,134.
849 2126 912 2157 pa-

176 2168 228 2195 tet
245 2163 408 2195 mundum
432 2162 547 2194 fuisse
569 2162 706 2193 fossam
727 2170 790 2191 seu
813 2170 912 2191 aram

175 2208 325 2239 deorum
353 2206 594 2238 inferorum.“
614 2205 725 2237 Zmin.
747 2221 788 2226 —
812 2203 914 2235 Festi

176 2251 239 2282 lib.
270 2250 366 2281 xm.
398 2261 431 2291 p.
465 2251 524 2281 154
555 2260 606 2290 sq.
638 2248 764 2280 Muell.
802 2248 915 2279 verba

175 2295 268 2326 haec
295 2298 397 2325 sunt:
430 2294 628 2330 Mundus,
648 2297 684 2324 ut
708 2292 758 2323 ait
790 2292 914 2333 Capito

176 2340 298 2371 Ateius
322 2339 358 2369 in
383 2338 437 2369 lib.
467 2338 545 2368 111.
570 2336 778 2378 pontificali,
805 2340 855 2366 ter
878 2335 914 2366 in

176 2394 267 2414 anno
292 2387 411 2423 patere
433 2381 529 2417 solet
556 2381 673 2412 diebus
692 2380 765 2411 his.-
785 2379 913 2420 postri-

177 2427 233 2458 die
263 2426 469 2457 lolcanalia
504 2424 543 2465 [i.
567 2435 597 2455 e.
633 2434 664 2454 a.
688 2424 719 2454 d.
745 2423 806 2454 lx,
832 2422 914 2454 Kal.

176 2469 267 2510 Aug.
304 2469 421 2501 Adde:
454 2473 485 2500 et
510 2473 590 2501 ante
616 2468 703 2499 diem
728 2467 796 2498 111.
824 2467 912 2498 Non.

181 2513 268 2554 Oct.]
296 2518 327 2545 et
351 2517 432 2544 ante
459 2513 547 2543 diem
576 2513 605 2543 l
609 2511 702 2542 1.1d.
724 2511 831 2542 Νου..·
856 2510 915 2561 qui

175 2558 258 2598 quid
289 2557 339 2588 ita
372 2557 509 2588 dicatur
539 2556 586 2587 sic
619 2556 724 2594 refert
761 2556 846 2586 Cato
877 2554 913 2585 in

180 2601 434 2632 commentariis
470 2599 555 2631 iuris
591 2599 722 2631 civilis:
757 2598 914 2630 Mundo

175 2655 327 2676 nomen
380 2644 616 2685 inpositum
665 2647 725 2674 est
776 2643 823 2673 ab
868 2652 913 2673 eo

175 2688 331 2719 mundo
362 2689 435 2729 qui
458 2697 593 2729 supra
618 2697 694 2718 nos
718 2691 796 2718 est:
822 2687 913 2726 for-

176 2741 240 2761 ma
264 2732 372 2762 enim
401 2732 496 2763 cius
521 2736 592 2769 est,
613 2735 656 2762 ut
680 2741 726 2761 cx
750 2730 815 2761 llis
838 2728 913 2771 qui

176 2774 405 2806 intravere
469 2784 732 2816 cognoscere
790 2772 914 2815 potui

177 2817 412 2849 adsimilis
460 2818 541 2850 illi.
595 2818 683 2849 Eius
717 2817 914 2856 inferiorem

176 2865 310 2901 partem
338 2862 442 2894 veluti
465 2867 694 2895 consecratam
719 2861 772 2892 (lis
795 2860 913 2893 Mani—

978 1065 1039 1095 bus
1063 1064 1219 1095 clausam
1246 1063 1338 1094 omni
1359 1067 1528 1105 tempore,
1567 1061 1636 1092 nisi
1659 1060 1714 1093 his

979 1109 1096 1140 diebus
1120 1108 1180 1149 qui
1204 1118 1309 1149 supra
1333 1107 1452 1148 scripti
1476 1111 1574 1146 sunt,
1599 1106 1711 1137 maio-

977 1163 1030 1184 res
1054 1157 1257 1184 censuerunt
1280 1151 1492 1190 habendam,
1532 1160 1615 1192 quos
1639 1149 1713 1181 dies

978 1197 1082 1228 etiam
1113 1195 1294 1238 religiosos
1324 1195 1565 1226 iudicauerunt
1597 1205 1638 1225 ea
1671 1194 1714 1226 cle

977 1251 1096 1278 causa,
1116 1241 1207 1281 quod
1225 1250 1289 1280 quo
1307 1244 1455 1281 tempore
1479 1249 1519 1270 ea
1544 1248 1633 1280 quae
1654 1248 1711 1269 oc-

978 1286 1092 1316 cultae
1121 1290 1151 1316 et
1182 1284 1325 1314 abditae
1352 1283 1536 1325 religionis
1573 1282 1712 1313 deorum

983 1329 1137 1360 Manium
1182 1332 1312 1365 esseut,
1366 1327 1474 1358 veluti
1523 1326 1558 1358 in
1605 1326 1712 1358 lucem

979 1373 1153 1414 quandam
1190 1371 1461 1411 adducerentur,
1502 1375 1533 1403 et
1568 1371 1714 1412 patefie-

978 1422 1071 1455 rent,
1107 1416 1194 1447 nihil
1223 1426 1260 1446 eo
1294 1420 1443 1457 tempore
1473 1415 1508 1445 in
1539 1425 1609 1456 rep.
1635 1414 1714 1457 geri

978 1462 1177 1492 voluerunt.-
1217 1460 1334 1500 itaque
1360 1469 1423 1501 per
1456 1469 1512 1490 eos
1542 1459 1616 1489 (lies
1645 1469 1714 1489 non

979 1516 1054 1536 cum
1085 1505 1180 1536 hoste
1211 1513 1335 1534 manus
1372 1502 1609 1542 conserebant,
1646 1513 1713 1533 non

979 1549 1146 1580 exercitus
1167 1547 1386 1585 scribebatur,
1403 1558 1471 1578 non
1492 1546 1631 1578 comitia
1648 1546 1714 1577 ha—

978 1593 1160 1643 bebantur3
1207 1602 1275 1622 non
1325 1571 1423 1621 aliud
1460 1590 1642 1640 quicq-uam
1677 1590 1714 1621 in

978 1648 1063 1678 rep„
1085 1637 1155 1667 nisi
1178 1635 1268 1677 quod
1291 1634 1414 1665 ultima
1438 1634 1624 1665 necessitas
1650 1634 1715 1664 ad-

979 1681 1154 1716 monebat,
1195 1678 1517 1710 administrabatur.
1574 1677 1652 1710 tid.
1692 1679 1714 1716 S

981 1736 1056 1765 siq.
1073 1724 1300 1763 etllartung.
1316 1722 1362 1753 ll.
1377 1733 1408 1763 p.
1422 1725 1476 1753 91.
1497 1721 1715 1753 Schwenek.

981 1769 1098 1810 Myth.
1126 1768 1156 1799 d.
1178 1767 1304 1797 Romu.
1329 1777 1360 1807 p.
1386 1768 1452 1796 228
1466 1776 1517 1806 sq.
1544 1764 1715 1798 Creuzer.

980 1803 1044 1844 lli.
1073 1824 1104 1854 p.
1130 1814 1206 1842 570.
1237 1810 1406 1842 Mueller.
1434 1810 1508 1841 En.
1534 1810 1577 1841 11.
1608 1821 1639 1850 p.
1659 1812 1715 1841 96.

1026 1859 1077 1887 17.
1126 1856 1208 1897 quia
1238 1865 1300 1885 nec
1331 1854 1535 1886 Latinarum
1568 1859 1716 1896 tempore

982 1924 1010 1931 ..
1027 1925 1034 1931 .
1083 1899 1239 1931 inchoari
1283 1898 1408 1929 bellum
1452 1897 1614 1948 decebat]
1659 1897 1715 1928 Cf.

981 1944 1130 1986 Dionys
1158 1943 1196 1974 A.
1221 1942 1263 1973 R.
1296 1941 1354 1981 lv,
1379 1942 1433 1973 49.
1464 1940 1552 1972 Τοῦ
1577 1937 1619 1971 ὁε
1647 1937 1716 1981 με’-

981 1998 1076 2019 νειν
1116 1985 1177 2024 εἰς
1215 1981 1399 2016 α’παντα
1434 1981 1512 2015 τὸν
1550 1980 1715 2035 χρόνον

981 2028 1032 2062 τὰ
1061 2029 1325 2079 συγκείμενα
1346 2029 1443 2065 ταῖς
1461 2024 1611 2058 πόλεσι
1628 2023 1716 2078 πρό-

980 2085 1083 2106 νοιαν
1117 2071 1135 2104 ὁ
1170 2068 1371 2124 Ταρκύνιος
1399 2068 1591 2124 λαμβάνων
1618 2067 1717 2111 ἱερὸν

981 2115 1069 2159 ε’)νω
1104 2113 1226 2149 κοινὸν
1256 2111 1444 2166 ἀποδεῖξαι
1467 2112 1650 2155 Ρωμαίων
1678 2124 1717 2146 τε

982 2160 1042 2192 καὶ
1062 2159 1244 2192 Λατίνων·
1269 2182 1277 2190 .
1292 2181 1300 2190 .
1316 2180 1326 2190 .
1353 2154 1545 2199 αγαπητῶς
1569 2156 1606 2189 δὲ
1628 2154 1717 2189 miv—

981 2216 1052 2236 των
1093 2202 1135 2235 τὸ
1176 2202 1322 2255 πρᾶγμα
1369 2200 1569 2253 δεξαμένων
1604 2198 1717 2232 τόπον

980 2246 1044 2299 μὲν
1075 2243 1258 2286 ἀπέδειξεν
1288 2243 1381 2277 ἔνθα
1414 2242 1627 2297 ποιήσονται
1651 2241 1718 2284 τὴν

983 2288 1148 2331 σύνοδον,
1163 2288 1200 2322 ἐν
1221 2287 1315 2342 με’σῳ
1335 2285 1487 2341 μάλιστα
1505 2288 1577 2320 τῶν
1597 2285 1717 2320 ἐθνῶν

981 2334 1152 2387 κειμενον,
1180 2330 1265 2375 ὅρος
1287 2330 1442 2374 ὑψηλὸν,
1468 2328 1487 2364 ὃ
1503 2332 1583 2386 τῆς
1598 2328 1717 2374 Ἀλβα-

981 2379 1054 2410 νῶν
1083 2374 1288 2429 υπέρκειται
1311 2375 1463 2417 πόλεως,
1497 2373 1534 2408 ἐν
1556 2368 1583 2419 ᾧ
1603 2385 1719 2416 πανη-

981 2420 1098 2463 γύρεις
1118 2432 1153 2454 τε
1177 2417 1247 2453 tivo}
1273 2420 1346 2452 πᾶν
1369 2418 1446 2457 ἔτος
1467 2409 1621 2461 ἄγεσθαι
1643 2429 1719 2450 και

982 2464 1227 2517 ἐκεχειρίας
1275 2461 1393 2496 εἶναι
1443 2464 1553 2495 πᾶσι
1603 2459 1718 2502 πρὸς

981 2506 1155 2547 πάντας
1196 2506 1458 2558 ἐνομοθέτησε,
1508 2504 1644 2541 θυσίας
1679 2514 1717 2536 τε

983 2554 1230 2585 συντελεῖσθαι
1273 2547 1396 2587 κοινὰς
1441 2549 1490 2593 τῷ
1530 2547 1717 2600 Λατιαρίῳ

983 2595 1049 2628 Διὶ
1069 2595 1129 2628 καὶ
1157 2592 1457 2630 συνεστιάσεις..
1483 2588 1619 2629 ταύτας
1652 2588 1719 2628 τὰς

981 2637 1108 2692 ἑορτάς
1127 2650 1163 2670 τε
1179 2650 1240 2670 και
1260 2637 1395 2674 θυσίας
1410 2634 1511 2688 μέχρι
1533 2635 1606 2667 τῶν
1629 2631 1716 2666 καθ’

979 2680 1073 2725 ἡμας
1105 2679 1243 2724 χρόνων
1271 2680 1410 2712 τελοῦσι
1440 2676 1608 2720 Ρωμαῖοι
1639 2679 1717 2709 Λα-

979 2738 1105 2764 τινας
1136 2725 1347 2765 καλοῦντες,
1382 2726 1418 2756 et
1442 2728 1516 2755 not.
1540 2722 1586 2755 ad
1607 2724 1717 2755 c.10.

1026 2813 1085 2855 qui
1108 2813 1181 2845 sine
1202 2811 1273 2843 ullo
1295 2811 1444 2844 tumultu
1466 2809 1585 2842 bellico
1606 2808 1717 2841 credi-

983 2863 1039 2890 ων
1066 2854 1264 2899 imperasse]
1291 2855 1349 2887 Cf.
1374 2866 1403 2886 c.
1430 2857 1462 2886 7.
1487 2855 1507 2894 §
1531 2855 1575 2885 23
1601 2863 1679 2894 sqq.
