1871 3126
228 44 312 86 ‘222
864 39 1141 82 MACROBII

228 155 353 195 ducta.
408 150 507 192 Filia
543 154 677 190 autem
706 148 894 190 Serviliae
927 153 1012 190 erat
1041 149 1155 190 Iunia
1184 149 1316 190 Tertia
1350 150 1569 205 eademque
1599 151 1643 193 C.
1673 151 1767 193 Cas-

229 210 275 250 sii
314 221 433 255 uxor,
475 205 703 247 lasciviente
735 204 929 245 dictatore
966 210 1047 245 tam
1086 205 1126 245 in
1159 210 1322 246 matrem
1355 219 1473 259 quam
1507 207 1545 247 in
1583 207 1767 261 puellam.

229 267 341 305 Tunc
374 261 570 302 luxuriam
603 260 706 301 senis
741 261 910 301 adulteri
949 260 1084 301 civitas
1120 260 1290 302 subinde
1329 263 1557 303 rumoribus
1590 263 1769 316 iocisque

190 319 436 372 sscarpebat,
479 322 525 358 ut
554 317 655 357 mala
687 331 767 356 non
797 321 950 357 tantum
985 316 1086 356 seria
1115 315 1256 357 forent.
1329 317 1430 357 Post
1461 318 1566 358 hunc
1596 319 1767 360 Caecina

162 375 440 430 [3341Albinusz
490 374 661 413 Plancus
698 372 738 412 in
776 372 923 413 iudicio
960 371 1061 412 forte
1095 371 1210 411 amici
1251 385 1341 412 cum
1375 373 1585 413 molestum
1626 379 1767 414 testem

227 431 432 471 destruere
462 429 597 477 vellet,
631 428 904 482 interrogavit,
944 428 1037 481 quia
1068 433 1242 468 sutorem
1272 427 1438 478 sciebat,
1478 442 1558 482 quo
1595 430 1764 470 artificio

227 500 268 526 se
296 491 487 526 tueretur.
546 485 617 525 Ille
643 485 794 524 urbane
820 484 1044 538 respondit:
1076 482 1228 524 Gallam
1253 484 1399 538 subqu.
1458 484 1663 525 Sutorium
1692 484 1767 525 hoc

226 542 397 582 habetur
424 541 745 588 instrumentum,
776 540 884 593 quod
915 554 995 580 non
1024 538 1190 579 infacete
1216 539 1254 579 in
1283 539 1464 579 adulterii
1496 540 1767 593 exprobratio-

227 612 317 637 nem
346 597 603 649 ambiguitate
642 596 847 636 convertit.
904 596 1005 638 Nam
1039 595 1209 636 Plancus
1246 594 1284 634 iu
1311 595 1466 635 Maevia
1502 595 1613 636 Galla
1643 601 1767 649 nupta

191 654 330 694 7male
367 653 564 693 audiebat.
642 651 812 692 Secutus
853 656 913 691 est
949 651 1094 691 Furius
1130 650 1317 691 Albinus:
1366 651 1463 691 Post
1500 651 1766 691 Mutinensem

228 709 360 762 fugam
393 707 697 762 quaerentibus,
736 707 832 761 quid
864 712 997 759 ageret
1022 706 1243 754 Antonius,
1285 706 1537 760 respondisse
1566 706 1767 747 familiaris

227 765 312 805 eius
340 765 557 804 ferebatur:
603 763 719 812 Quod
748 764 857 803 canis
884 765 926 803 in
955 764 1150 818 Aeyypto:
1188 763 1280 803 bibit
1310 770 1345 802 et
1371 764 1496 817 fet-qn:
1536 763 1696 816 quando
1726 762 1766 802 in

228 821 302 860 illis
337 819 565 873 regionibus
600 823 755 858 constat
789 831 905 858 canes
941 824 1059 871 raptu
1098 818 1388 858 crocodilorum
1429 818 1637 858 exterritos
1678 831 1765 858 cur-

190 875 314 917 Srere
349 881 387 915 et
414 875 562 916 bibere.
626 873 860 914 Eustathius
890 873 1049 914 deinde:
1077 873 1243 914 Publius
1271 873 1451 914 Mucium
1480 873 1658 927 inprimis
1683 887 1765 913 ma-

227 932 387 972 livolum
421 944 511 971 cum
541 929 703 971 vidisset
742 929 858 969 solito
890 929 1123 969 tristiorem:
1165 930 1242 969 Aut
1266 928 1422 977 Mucio,
1455 929 1606 982 inquit,
1637 931 1764 969 nescio

189 988 323 1043 9qu‘id
351 986 588 1028 incommodi
612 986 785 1034 accessit,
829 992 898 1026 aut
925 986 1052 1026 nescio
1084 985 1151 1026 cui
1177 984 1329 1039 aliquid
1359 985 1460 1025 boni.
1518 985 1617 1025 Inde
1645 985 1763 1026 Avie-

320 1098 424 1140 [Mss.
450 1097 641 1129 Assoesv.

228 1164 304 1195 que
330 1152 435 1184 BGV.
477 1170 510 1175 -
552 1152 617 1195 gai
641 1150 776 1183 ABGV.
810 1169 846 1173 —-
899 1150 1006 1183 Cassi
1029 1149 1064 1182 δ’.
1126 1151 1268 1183 Crassi
1293 1161 1372 1193 v-g.
1508 1153 1540 1183 6.
1581 1151 1665 1193 Cap.
1697 1151 1762 1182 111.

231 1198 367 1229 Satoris
400 1197 528 1229 dictum
560 1198 724 1235 facetum.
758 1194 829 1227 vssi.
872 1211 914 1218 —-
955 1201 1100 1227 sutorem
1128 1206 1216 1227 csse
1241 1195 1366 1227 sciebat
1395 1194 1431 1226 S.
1469 1213 1514 1219 —-
1547 1195 1704 1235 infacite
1726 1195 1763 1226 V.

227 1242 378 1281 insiccte
401 1241 503 1273 s-bP.
523 1258 566 1263 -—
595 1240 880 1282 csprobationem
906 1238 972 1270 AS.
1000 1256 1041 1262 —-
1071 1239 1199 1270 Mevia
1224 1238 1335 1281 Bv—g.
1386 1240 1513 1270 media
1537 1242 1635 1280 (sup.
1658 1242 1696 1276 v)
1721 1239 1764 1270 G.

226 1286 354 1317 ‘menia
380 1285 417 1316 S.
563 1288 594 1315 7.
639 1286 721 1325 Cap.
752 1285 839 1315 1111.
878 1284 1017 1315 Antonii
1039 1283 1237 1323 familiaris
1262 1284 1401 1315 dictum.
1434 1283 1501 1314 v3i.
1537 1302 1581 1306 —
1618 1284 1764 1314 Albinus

226 1329 575 1361 ABGSVMQ3I’27.
620 1329 785 1360 Albinum
814 1327 903 1358 Edd.
927 1327 964 1359 P.
990 1326 1125 1365 „Mutii
1151 1327 1357 1359 Scriverius
1385 1328 1568 1359 Albiuus.“
1593 1327 1696 1358 Pont.
1721 1345 1761 1350 --

228 1374 311 1406 bibit
337 1374 448 1405 enim
471 1373 565 1411 „13²2
609 1389 649 1395 —
689 1372 999 1403 corcodrillorum
1032 1372 1120 1411 (dcl,
1150 1372 1266 1412 primo
1293 1375 1327 1409 r)
1354 1371 1392 1402 A.
1530 1374 1562 1402 8.
1609 1372 1692 1413 Cap.
1725 1372 1763 1402 Γ.

230 1418 346 1450 Publii
371 1418 510 1449 dictum.
537 1417 604 1449 v3i.
629 1435 669 1440 —
694 1416 918 1448 malevolum
945 1416 1049 1458 v-gb.
1077 1434 1111 1438 —-
1139 1417 1251 1448 nescio
1275 1416 1385 1458 iuquit
1409 1415 1485 1447 BG.
1617 1417 1648 1447 9.
1682 1416 1765 1457 Cap.

1035 1524 1163 1564 xvul,
1188 1526 1218 1555 4.
1256 1543 1288 1548 —
1327 1524 1381 1556 Cf.
1408 1525 1503 1556 Plin.
1527 1523 1568 1555 N.
1597 1524 1642 1555 II.
1674 1523 1765 1561 xvl,

1034 1572 1054 1600 6
1101 1580 1129 1599 S.
1173 1572 1222 1600 9.:
1285 1570 1381 1609 Quae
1430 1569 1596 1612 glandem
1642 1570 1766 1609 serunt

1034 1624 1147 1644 omnes
1171 1619 1200 1644 et
1226 1614 1392 1655 gallam
1518 1613 1651 1644 coriis
1676 1623 1766 1654 per—

1028 1658 1247 1697 ficiendis
1280 1658 1569 1699 aptissiman15
1606 1661 1641 1688 et
1673 1656 1767 1687 'I'er-

1035 1701 1118 1733 tull.
1152 1702 1233 1733 adv.
1260 1701 1340 1733 Nat.
1371 1701 1425 1741 II,
1459 1704 1492 1732 ll
1521 1712 1528 1731 :
1572 1702 1644 1732 Dea
1673 1701 1766 1732 Per-

1033 1745 1169 1778 tunda
1202 1750 1233 1777 et
1268 1746 1461 1788 Subigus
1497 1750 1527 1777 et
1564 1746 1685 1777 Prema

1031 1790 1164 1831 parcite
1197 1790 1251 1821 dei
1288 1790 1522 1832 impudentes3
1572 1788 1763 1830 Augustin.

1033 1834 1076 1864 de
1103 1833 1179 1865 Civ.
1202 1834 1242 1864 D.
1263 1834 1317 1873 Π,
1336 1837 1386 1865 9.;
1415 1835 1519 1865 Adest
1544 1834 1627 1865 deus
1644 1833 1766 1864 Subi-

1032 1888 1133 1919 gus,
1175 1883 1212 1910 ut
1237 1878 1311 1910 viro
1346 1879 1577 1921 subigatur
1605 1877 1764 1919 (virgo).

228 1526 310 1558 (Iam
339 1525 404 1558 alii
436 1526 564 1568 legunt
595 1526 768 1567 duceret].·
807 1526 961 1568 Rogavi,

227 1576 265 1603 ut
287 1571 322 1602 in
345 1571 540 1612 platanona
564 1571 825 1613 produceret
852 1571 963 1602 domi-

227 1626 319 1646 nam.
346 1614 449 1646 Unde
473 1616 639 1657 glossae:
660 1615 830 1655 producit,
852 1611 965 1656 προεί-

227 1668 288 1700 γει.
300 1659 462 1691 Graecae
476 1657 698 1701 προαγωγὸς,
707 1655 964 1700 πορνοβοσκὸς,

228 1703 453 1735 lenocinator.
504 1705 549 1734 At
579 1704 744 1734 deducere
770 1703 805 1733 iu
833 1702 962 1733 iisdem

227 1744 367 1778 θέσθαι
404 1747 616 1789 exponitur,
662 1746 755 1788 quod
805 1751 860 1777 est
900 1747 965 1777 sibi

227 1791 406 1822 vindicare
431 1797 466 1823 et
491 1793 592 1823 velut
621 1793 825 1831 m·1›0nere.“
850 1790 963 1822 l'oN'r.

231 1852 264 1857 -—-
294 1834 371 1867 Vid.
398 1835 572 1867 Frcuudii
600 1835 742 1866 lexicon
780 1846 808 1865 s.
839 1845 871 1866 v.
906 1835 964 1865 de-

227 1879 367 1918 ducere,
411 1880 471 1911 ubi
515 1881 557 1911 de
596 1879 837 1910 concubinatu
874 1878 964 1909 ass'e-

226 1928 355 1954 runtur
382 1923 419 1955 hi
447 1924 535 1955 loci:
563 1924 680 1955 I'luut.
710 1923 831 1954 Casio.
859 1923 906 1962 II,
930 1925 962 1962 8,

227 1968 280 1998 36.
317 1966 465 1999 Sueten.
490 1968 611 2010 Calig.
639 1970 701 2006 25,
727 1967 811 1998 Ner.
835 1969 892 1997 28.

274 2011 378 2043 Iunia
409 2012 540 2053 Tertia]
566 2012 728 2052 „Eadem
756 2022 820 2052 pei·
852 2010 961 2041 (linui-

228 2054 393 2086 nutivum
435 2056 570 2087 (licitur
613 2066 755 2097 quoque
796 2055 962 2086 Tertulla.

228 2098 285 2129 Cf.
325 2099 408 2130 ΕΠ).
444 2100 478 2131 in
517 2100 629 2131 Clnvc
666 2105 701 2130 et
734 2098 880 2139 Lipsius
917 2098 961 2129 ad

228 2141 351 2174 Tacit.
375 2144 502 2175 Annal.
531 2144 595 2175 III.
625 2144 702 2174 sub.
732 2143 817 2174 fiu.“
849 2142 961 2173 ΖΕυΝ.

227 2203 269 2209 —-
293 2187 369 2218 vid.
398 2188 511 2219 Orell.
540 2191 716 2219 onomast.
744 2187 843 2218 Tull.
877 2197 905 2217 s.
931 2197 960 2217 v.

232 2231 360 2263 'sertim

271 2276 303 2306 6.
354 2280 468 2307 testem
496 2273 681 2316 destruere]
715 2273 769 2304 Cf.
805 2271 962 2314 Quintil.

227 2317 271 2358 V,
296 2322 334 2357 7,
362 2321 424 2350 25:
472 2321 594 2351 Verum
619 2319 753 2351 iuterim
781 2323 812 2349 ct
837 2318 958 2360 singu-

227 2362 278 2393 los
323 2368 360 2395 ut
406 2374 572 2395 esornare
622 2364 672 2394 ita
731 2362 962 2393 destruere

226 2407 397 2450 contingit
430 2413 490 2440 aut
514 2408 666 2440 recitatis
691 2412 751 2438 aut
773 2406 961 2438 nominatis

224 2451 376 2483 testibus.

270 2495 353 2536 quia
401 2499 547 2526 sutorem
592 2493 733 2534 sciebat]
781 2503 830 2524 sc.

226 2548 326 2577 esse,
377 2543 415 2570 ut
456 2539 641 2570 videi-etur
685 2548 765 2568 esse
808 2536 961 2568 humilis

226 2581 379 2623 ideoque
399 2581 498 2614 vilis.
534 2582 589 2613 Cf.
613 2581 767 2623 Quintil.
786 2582 806 2612 l.
825 2592 853 2612 c.
875 2581 960 2621 §2:3.

276 2627 416 2658 Gallam
460 2626 597 2669 subigo]
645 2627 777 2665 „Valet
823 2625 962 2668 gallam

225 2674 314 2710 tero,
369 2681 448 2702 eam
501 2672 596 2702 euim
644 2675 787 2702 sutores
837 2669 961 2700 tritam

224 2718 426 2748 atramento
459 2715 598 2746 sutorio
625 2714 850 2745 conficiendo
877 2712 962 2744 aliis

226 2758 334 2789 rebus
367 2760 531 2791 miscent.
585 2758 720 2790 Subest
750 2758 859 2790 etium
888 2756 963 2788 alla

227 2802 343 2841 turpis
374 2803 597 2844 significatio
625 2813 668 2834 ex
693 2802 902 2844 suspicione
929 2804 963 2831 et

229 2844 324 2876 sarua
353 2858 445 2887 quae
477 2848 520 2878 de
547 2847 734 2879 umoribus
765 2844 893 2877 Planci
927 2848 963 2875 et

229 2888 358 2920 Gallae
385 2894 589 2922 inamarate‘
611 2890 778 2923 Tuumne.
812 2889 960 2921 Advers.

879 2504 920 2523 eu
928 2503 959 2523 m

1032 1922 1181 1953 Sueten.
1219 1921 1322 1954 Caes.
1362 1924 1417 1953 49.
1462 1922 1657 1953 Pudicitiae
1694 1922 1766 1952 eius

1027 1968 1164 2007 famam
1194 1967 1280 1997 nihil
1316 1967 1451 2008 quidem
1481 1971 1620 2007 praeter
1661 1966 1765 1997 Nico—

1029 2011 1137 2041 medis
1161 2011 1415 2042 contubernium
1442 2010 1554 2042 laesit.
1571 2034 1577 2040 .
1595 2034 1601 2040 .
1631 2009 1765 2040 Gallico

1029 2053 1201 2095 triumpho
1232 2055 1358 2085 milites
1386 2054 1458 2084 eius
1492 2077 1522 2084 ..
1557 2053 1765 2095 vulgatissi-

1030 2108 1120 2128 mum
1146 2098 1234 2128 illud
1256 2098 1589 2138 pronuntiaverunt.-
1627 2097 1765 2128 Gallias

1036 2143 1163 2172 Caesar
1188 2142 1375 2184 subegit,
1402 2142 1603 2173 Nicomedes
1634 2142 1763 2172 Caesa-

1029 2196 1112 2217 rem.

1074 2232 1107 2259 Τ.
1160 2228 1239 2259 Post
1274 2228 1500 2260 Mutinensem
1532 2226 1674 2270 fugam]
1711 2226 1763 2258 Cf.

1031 2272 1107 2303 Cic.
1134 2272 1177 2303 ad
1207 2273 1292 2303 fam.
1320 2272 1370 2311 X,
1402 2274 1458 2309 14,
1489 2274 1517 2302 1.
1548 2272 1694 2314 Fugisse
1720 2282 1765 2302 ex

1028 2317 1192 2359 proelio
1219 2317 1454 2348 Mutinensi
1478 2317 1639 2347 dicuntur
1656 2316 1765 2348 notis-

1030 2361 1108 2392 simi
1131 2362 1305 2392 latrouum
1334 2361 1454 2399 duces,
1479 2364 1514 2391 et
1539 2360 1583 2391 ad
1610 2360 1764 2391 eundem

1030 2404 1171 2443 Pollio,
1211 2405 1260 2435 ib.
1289 2406 1352 2444 33,
1377 2406 1427 2435 4.:
1470 2405 1655 2436 Antonium
1687 2409 1762 2436 tur-

1027 2450 1119 2490 piter
1167 2449 1360 2481 Mutinae
1410 2449 1633 2480 obsessionem
1681 2447 1764 2479 reli-

1055 2504 1152 2525 uisse.

1030 2504 1049 2534 q
1076 2537 1167 2579 quod
1193 2536 1288 2568 canis
1311 2536 1346 2567 in
1374 2533 1545 2578 Aegypto]
1583 2533 1661 2573 „De
1693 2532 1763 2563 hac

1030 2580 1293 2612 consuetudine
1330 2590 1457 2611 canum
1498 2577 1763 2619 Aegyptiorum

1030 2624 1199 2656 videatur
1221 2623 1359 2655 Aelinn.
1385 2623 1422 2653 V.
1445 2622 1491 2653 H.
1510 2621 1543 2660 Ι,
1569 2624 1621 2660 4.,
1647 2625 1682 2652 et
1707 2621 1762 2652 al-

1031 2673 1086 2700 ter
1110 2667 1284 2699 Aelianus
1312 2667 1355 2697 de
1381 2677 1436 2697 an.
1464 2665 1526 2702 Vl,
1552 2666 1604 2695 53.
1632 2669 1667 2695 et
1687 2664 1762 2695 Pli-

1032 2712 1127 2751 vlu,
1149 2715 1203 2742 40.
1223 2711 1266 2752 [s.
1285 2712 1339 2741 61.
1368 2710 1384 2751 §
1404 2711 1474 2741 148.
1497 2707 1630 2750 Sill.].“
1651 2708 1761 2740 znmv.

1032 2773 1068 2778 -
1107 2755 1207 2786 Adde
1241 2753 1355 2785 Solin.
1395 2765 1425 2784 c.
1463 2755 1522 2793 15,
1559 2763 1593 2794 p.
1624 2754 1679 2784 25.
1705 2752 1761 2792 E.‚

1030 2799 1187 2831 Phaedr.
1213 2797 1285 2829 fab.
1313 2798 1339 2837 I,
1363 2799 1417 2829 25.

1073 2845 1105 2873 8.
1162 2842 1316 2882 accessit]
1368 2841 1403 2873 1ι.
1450 2841 1474 2872 l.
1521 2840 1617 2873 idem
1664 2840 1763 2873 valet

1030 2886 1122 2927 quod
1149 2886 1286 2918 accidit.
