1843 3163
702 29 1020 71 AUCTORUM.

123 145 178 173 20.
232 160 263 164 —
299 142 442 173 Socrate
465 141 516 172 ita
547 141 742 183 antiquior,
780 147 815 174 ut

124 187 226 218 huius
248 185 401 228 pueritia
425 186 480 216 vis
503 186 598 216 illius
620 186 813 226 adprehen-

124 231 211 262 derit
229 234 442 261 senectutem.
458 229 494 259 S.
511 229 537 265 Ι,
556 232 582 268 Ι,
597 232 627 260 5.
649 229 714 261 Eat
733 230 814 271 phi<

120 274 297 315 losoplius
325 273 390 304 ille
419 273 616 305 tlh-uticus.
663 274 716 306 (Jl'.
746 274 814 306 Fu-

123 319 212 350 bric.
241 318 280 349 B.
305 318 368 349 Gr.
398 318 442 354 ΙΙ,
470 320 525 348 23.

173 363 346 393 Persius
371 373 395 398 ι,
424 367 452 392 Τ.
481 362 518 392 (J.
546 361 571 398 l,
599 364 632 401 9⁷
657 364 690 392 3.

83 407 304 438 Pia-'raonis
346 406 423 436 vid.
460 407 602 436 Arbiter.

82 450 320 482 primaevum
346 451 379 481 in
401 451 496 481 libris
515 449 810 481 Historiarum

121 494 167 535 V,
190 497 254 528 21,
278 498 307 525 3,
367 494 633 535 Pherecydes
670 497 811 524 tantun·

120 539 258 579 legitur
283 539 318 570 S.
343 538 369 577 1,
400 541 450 575 17,
474 542 527 569 21.
554 543 589 569 et
614 537 651 576 V,
677 540 733 572 21,
762 539 810 567 19.

78 583 264 622 Prumms,
298 588 393 614 vetus
417 583 577 623 scriptor,
603 582 637 612 in
665 592 702 612 eo
726 582 812 612 libro

117 628 178 669 qui
210 628 406 658 inscribitur
443 627 558 657 Asia.
600 626 643 663 V,
678 628 739 662 20,
780 627 809 654 7.

116 671 352 702 Atheniensis
380 669 511 702 aetatis
535 669 707 701 incertae.
755 668 809 700 Cf.

118 715 317 746 {tent-Enc.
345 715 379 745 11.
403 725 433 745 n.

75 759 294 798 Parmenios,
333 758 530 790 notissimus
567 758 732 795 comicus,
772 758 809 788 iu

122 801 649 842 Fantasmate(l'l1osnmte)
663 801 807 841 332177.

75 847 333 879 Paitocuonus
359 847 393 878 in
420 846 599 879 Atthide
626 846 689 881 111,
717 848 751 885 8,
777 847 807 876 3.

121 891 405 922 Philochorus
439 895 578 922 tantum
608 889 746 929 legitur
771 889 806 919 S.

115 935 145 973 Ι,
173 937 224 973 10,
249 936 303 965 22.
355 933 603 973 Atheniensis,
631 933 807 964 nonu-iffi

112 978 346 1010 Poliorcetae
362 978 606 1011 adversarius.
627 978 681 1009 cf.
700 978 808 1009 Real-

115 1023 201 1054 Eue.
225 1023 262 1053 Ιι.
285 1034 317 1053 n.

75 1068 285 1099 Palmati-s
320 1071 351 1098 et
387 1067 606 1108 Pythagoras
646 1066 807 1097 dixerunt

114 1112 265 1143 animam
290 1122 361 1143 esse
386 1111 613 1141 harmoniam.
639 1109 677 1140 C.
701 1109 727 1148 1,
757 1111 807 1147 14,

114 1158 167 1186 19.
195 1154 426 1186 Crotoniates
443 1154 606 1186 Socratis
628 1153 805 1195 aequalis.

113 1199 169 1230 Cf.
195 1199 338 1230 Fnliric.
365 1199 404 1230 B.
427 1198 490 1230 Gr.
518 1198 571 1239 ll,
604 1200 651 1229 10.
694 1198 805 1229 Real-

111 1244 196 1275 Ene.
226 1243 260 1274 h.
288 1254 321 1274 n.

73 1287 223 1319 Pnrsrcr
250 1286 287 1317 C.
316 1287 351 1327 1,
377 1288 419 1323 6,
447 1288 490 1316 64
513 1290 549 1317 et
572 1288 633 1323 76ς
676 1287 732 1321 11,
766 1288 804 1323 7;

114 1334 242 1371 12,1;
278 1332 422 1370 16,1();
453 1332 516 1369 20,
537 1332 558 1360 6
583 1333 679 1365 (319,
711 1330 746 1359 S.
776 1328 804 1367 1,

112 1378 239 1413 7‚18;
275 1377 378 1413 8,6;
417 1376 628 1413 9‚1et5;
663 1376 715 1410 17,
741 1375 802 1411 54ς

115 1422 167 1458 ns,
200 1422 334 1458 15321‚
363 1420 478 1457 1323,
506 1419 548 1455 2;
577 1417 653 1456 vn,
685 1419 784 1454 11,5.

68 1463 203 1495 Pteron
249 1464 360 1504 primo
406 1462 645 1504 pontificii
693 1461 805 1493 iuris

110 1508 196 1539 libro
218 1507 285 1547 111,
308 1509 342 1543 2,
366 1509 416 1537 11.
473 1506 642 1537 Veranius
664 1517 704 1537 er
726 1505 802 1546 pri-

109 1563 163 1583 mo
188 1552 275 1583 libro
307 1551 496 1582 Pictoris
530 1550 804 1581 dissertationem

110 1596 213 1627 huius
249 1596 341 1626 verbi
379 1593 605 1634 (porricere)
646 1597 804 1625 executus

111 1644 171 1670 est.
211 1638 260 1670 ib.
301 1641 331 1669 3.
389 1638 537 1669 Videtur
578 1648 660 1668 esse
697 1638 801 1669 Serv.

111 1682 249 1714 Fabius
284 1682 426 1721 Pictor,
461 1682 505 1712 de
537 1692 606 1722 qno
633 1681 703 1713 vid.
727 1680 803 1712 Cic.

110 1727 211 1758 Brut.
238 1729 300 1765 21,
325 1729 379 1757 81.
430 1726 566 1757 Bnehr.
596 1725 649 1765 ll,
677 1736 734 1767 pp.
764 1728 803 1757 19

110 1777 146 1803 et
170 1774 248 1803 636.
298 1769 434 1801 Bernh-
465 1781 496 1810 p.
524 1771 602 1800 523.

69 1816 281 1853 Ρηίηηιπς,
318 1826 415 1856 quem
443 1815 585 1845 Flaccus
615 1812 806 1844 imitationi

108 1861 319 1892 inaccessum
367 1860 505 1899 fatetur
562 1857 606 1894 V,
661 1859 717 1893 17,
771 1859 801 1887 7.

108 1922 149 1927 -
177 1904 236 1944 qui
260 1903 362 1934 nimis
388 1903 503 1943 opima
528 1907 559 1934 et
588 1901 716 1943 pingui
741 1901 800 1937 fa-

108 1948 236 1979 cundia
261 1946 477 1978 existimatus
502 1951 550 1978 est
574 1946 667 1977 'ib-6.
707 1945 800 1975 Pin-

109 1992 204 2024 dari
241 2001 377 2021 carmen
418 1990 509 2031 quod
548 1991 597 2021 de
634 1994 801 2020 natura

110 2040 146 2068 et
187 2035 452 2077 flagrantia
500 2034 662 2065 montis
701 2035 800 2064 Aet-

109 2090 184 2111 nae
208 2079 418 2120 conpositum
444 2083 492 2110 est
523 2077 610 2109 ibid.
654 2094 698 2099 —-
722 2087 800 2108 car-

109 2134 184 2155 men
238 2122 328 2164 quod
383 2127 433 2153 est
488 2132 612 2164 super
658 2126 801 2152 monte

111 2169 250 2199 Aetna
274 2165 362 2198 ibid.
400 2165 476 2197 Via.
503 2169 576 2197 not.

68 2212 280 2248 Pauus-nme.
305 2210 363 2252 qui
387 2210 476 2242 inter
506 2211 656 2242 Graecos
679 2212 800 2250 poetas

107 2256 230 2287 eminet
258 2265 356 2296 opere
386 2255 477 2296 quod
502 2266 524 2285 a
550 2253 680 2295 nuptiis
712 2251 801 2283 Iovis

107 2304 139 2330 et
173 2299 314 2330 Iunonis
344 2299 510 2339 incipiens
537 2299 715 2329 universas
743 2296 799 2327 hi-

107 2343 233 2375 storias
256 2367 284 2373 ..
311 2342 345 2373 in
376 2353 479 2372 unam
512 2342 631 2372 seriem
664 2345 800 2372 coactas

107 2386 293 2425 redegerit.
316 2385 356 2423 V,
377 2388 410 2423 2,
433 2387 455 2415 5
471 2408 480 2426 ,
506 2384 568 2415 ubi
594 2383 665 2415 vid.
692 2388 764 2414 not.

68 2430 153 2462 Piso
179 2429 215 2461 S.
241 2429 278 2466 l,
310 2431 370 2468 12,
399 2431 452 2459 18.
496 2428 552 2459 Cf.
577 2428 620 2459 R.
645 2427 799 2458 Merkel.

109 2474 153 2506 nd
180 2472 286 2505 Ovid.
306 2472 404 2504 Fast.
429 2483 460 2513 p.
485 2483 607 2503 nxxx.:
632 2471 697 2510 „Si
724 2481 800 2502 ino-

108 2518 154 2550 do
192 2518 224 2549 is
259 2517 345 2548 Piso
388 2521 443 2548 est
481 2516 573 2547 satis
610 2515 800 2556 antiquust

108 2562 169 2593 vix
191 2561 286 2593 enim
312 2560 350 2591 L.
365 2559 606 2602 Calpurnium
629 2559 799 2590 Pisonem

107 2605 224 2648 Frugi
273 2604 543 2643 intellexerim,
605 2602 667 2634 sed
717 2612 800 2634 eum

108 2660 214 2692 quem
261 2648 443 2681 Arnoluius
485 2648 560 2688 lll,
602 2650 658 2678 38.
707 2645 803 2677 inter

107 2694 251 2726 Aelium
279 2697 316 2725 et
345 2692 541 2731 Granium,
580 2690 801 2722 Plutarchus

109 2738 202 2770 Mar.
221 2749 250 2769 c.
271 2739 314 2769 45
352 2737 479 2769 Caium
507 2740 542 2768 et
565 2731 682 2775 ἄνδρα
709 2732 803 2765 ἱστο-

110 2778 227 2822 ρικόν,
250 2781 394 2813 Plinius
417 2782 463 2813 H.
489 2780 531 2812 N.
562 2779 669 2820 Xlll,
694 2780 753 2815 13,
779 2778 801 2815 S

109 2827 164 2856 87.
216 2825 255 2856 L.
296 2826 452 2858 Pisonem
488 2824 676 2857 censorium
712 2821 803 2862 (nisi

110 2868 288 2902 malueris
325 2870 549 2908 Caesonium)
579 2871 615 2900 et
644 2865 801 2909 scripto-

1542 29 1618 67 (im

931 151 1006 172 rem
1027 137 1354 171 Commentariorum
1378 142 1626 179 nuncupatus*

931 183 1194 224 lli-,rnlnardyus
1218 194 1249 223 p.
1272 184 1351 212 3³2.
1377 182 1505 214 retulit
1530 182 1620 215 'l'ru—

930 230 1002 261 iuni
1039 232 1157 260 netate
1187 226 1224 257 la.
1251 225 1492 268 Calpurnium
1519 227 1621 258 l'iso—

928 285 1008 305 nem
1041 270 1236 312 scripsisse
1276 270 1389 301 libros
1425 271 1469 302 de
1506 272 1622 303 couti-

928 317 1061 349 nentiis
1085 320 1285 357 pot-turum.

888 364 1007 395 Puri-o
1047 362 1134 391 iuter
1162 358 1401 400 philosophiae
1441 361 1616 400 professo-

926 417 978 437 res
1000 405 1158 446 princeps·
1184 402 1220 432 C.
1249 404 1275 441 l,
1301 407 1333 439 8,
1361 405 1393 432 5.
1442 421 1482 425 νο-
1508 404 1617 444 ipsius

926 448 1082 481 veritatis
1122 447 1309 477 archanum
1351 445 1389 476 C.
1427 446 1461 481 Ι,
1490 449 1531 487 6,
1560 450 1613 477 23.

930 512 960 516 -
992 497 1174 534 postquam
1201 495 1231 521 et
1261 490 1513 531 Pythagoricae
1538 502 1612 523 suc>

925 538 1074 569 cessione
1101 534 1278 566 doctrinae
1306 538 1337 564 et
1367 534 1503 575 ingenii
1531 546 1613 576 pro—

923 582 994 623 prii
1024 581 1143 611 diviua
1180 577 1422 620 profunditate
1455 580 1617 619 cognovit

925 630 992 657 eet.
1017 624 1054 655 C.
1084 624 1129 662 11,
1148 625 1180 661 2,
1212 624 1238 653 l.
1284 621 1351 662 Qui
1369 622 1518 663 primum
1547 622 1614 663 Py-

924 670 1109 711 thagoram
1129 672 1160 698 et
1178 667 1237 708 qui
1253 671 1373 707 postea
1392 665 1615 697 Platonem

924 714 1030 745 secuti
1068 717 1147 744 sunt
1188 712 1277 742 duas
1314 720 1385 741 esse
1422 714 1546 741 mortes
1584 735 1613 741 ..

921 758 1150 800 prodiderunt
1191 754 1227 785 C.
1264 754 1296 791 l,
1334 756 1390 790 11,
1420 755 1449 784 l.
1519 754 1614 785 Duas

921 807 1045 833 mortes
1072 799 1219 832 hominis
1243 798 1337 830 novit
1371 797 1409 828 C.
1435 797 1472 836 l,
1499 799 1557 837 13,
1582 800 1613 828 5.

927 847 1050 878 Rerum
1096 844 1244 876 omnium
1286 847 1317 874 et
1360 846 1498 873 actuum
1546 853 1612 873 na-

922 895 1034 922 turam
1069 888 1209 930 penitus
1244 887 1428 928 inspiciens
1464 886 1615 918 advertit

921 932 1174 974 infundendum
1197 931 1322 962 animis
1342 930 1498 962 iustitiae
1516 941 1612 960 amo-

922 989 990 1009 rem
1013 977 1050 1008 C.
1074 976 1099 1014 Ι,
1127 978 1154 1013 1,
1177 978 1210 1006 4.
1255 993 1292 998 —
1325 985 1399 1005 cum
1433 974 1475 1004 de
1506 969 1613 1014 τᾶγα-

920 1021 980 1065 θῷ
1007 1021 1102 1062 loqui
1125 1024 1209 1052 esset
1235 1019 1410 1050 animatus
1447 1016 1485 1048 C.
1517 1017 1552 1055 1,
1580 1020 1613 1056 2,

924 1069 996 1105 15.,
1030 1064 1090 1096 ubi
1118 1063 1191 1095 vid.
1218 1067 1310 1100 not.‚
1338 1066 1374 1093 et
1397 1061 1559 1092 Addend.
1580 1072 1613 1102 p.

920 1113 987 1141 308
1019 1121 1071 1150 sq.
1135 1108 1231 1139 Dixit
1264 1107 1417 1137 animam
1454 1116 1525 1137 esse
1558 1115 1611 1136 es—

920 1155 1065 1186 sentiam
1088 1163 1122 1183 se
1144 1155 1339 1183 moventem⁴
1366 1149 1404 1180 C.
1430 1149 1458 1188 Ι,
1487 1151 1537 1187 14,
1563 1152 1610 1180 19.

924 1199 1015 1230 Dicit
1055 1198 1208 1229 animam
1251 1199 1362 1225 motus
1403 1204 1475 1225 esse
1511 1194 1610 1235 prin-

919 1243 1044 1283 cipium
1080 1240 1118 1271 C.
1147 1240 1201 1277 ll,
1232 1240 1290 1278 14,
1314 1240 1368 1269 23.
1420 1237 1611 1278 Quomodo

919 1286 1018 1317 dieat
1041 1284 1199 1317 animant
1224 1294 1265 1314 ex
1289 1293 1326 1313 se
1346 1281 1485 1313 moveri
1503 1281 1541 1312 C.
1564 1281 1611 1319 ll,

920 1332 972 1370 15,
997 1333 1028 1361 6.
1079 1329 1130 1359 De
1151 1325 1447 1359 anachronismis
1471 1324 1505 1357 in
1532 1325 1612 1356 eius

919 1372 1079 1415 dialogis
1111 1372 1148 1404 S.
1182 1372 1217 1411 1,
1246 1373 1282 1412 1,
1307 1373 1327 1401 5
1355 1381 1408 1410 sq.
1461 1370 1609 1401 Plato-

916 1419 1004 1450 nici
1040 1416 1168 1448 decreti
1203 1415 1412 1446 auctoritate
1442 1414 1522 1445 vino
1554 1414 1610 1444 in—

917 1461 1133 1505 dulgendum
1167 1464 1215 1491 est
1247 1458 1283 1490 S.
1312 1458 1365 1497 ll,
1390 1460 1430 1497 8,
1455 1459 1487 1488 4.
1542 1458 1608 1488 So-

915 1507 980 1538 lem
1001 1501 1196 1536 Ἀπόλλωνα
1220 1502 1501 1544 cognominatum
1524 1502 1609 1532 scri—

916 1551 963 1582 bit
987 1545 1060 1580 οὲπὸ
1085 1547 1151 1579 τοῦ
1176 1543 1393 1578 &nondum
1423 1542 1487 1582 τὰς
1510 1541 1611 1576 (ἰκτῖ-

915 1605 980 1631 νας
1003 1592 1058 1631 (in
1080 1591 1233 1633 Cratylo
1259 1602 1292 1631 p.
1319 1593 1415 1625 406.)
1438 1588 1475 1620 S.
1502 1589 1529 1628 1,
1556 1592 1608 1628 17,

917 1640 946 1668 7.
1000 1638 1038 1668 1η
1068 1635 1235 1678 Gorgia
1263 1637 1314 1675 (p.
1347 1636 1442 1669 524.)
1475 1633 1516 1664 de
1542 1632 1606 1664 ha-

916 1682 988 1713 bitu
1012 1686 1089 1723 post
1113 1690 1234 1721 corpus
1255 1678 1449 1710 animarum
1475 1687 1607 1708 ammo-

916 1735 1036 1757 nemur
1070 1723 1109 1757 C.
1143 1723 1243 1762 1,1,
1267 1724 1300 1752 6.
1353 1720 1607 1752 Phaedonis

915 1768 1046 1800 nomini
1075 1768 1197 1799 librum
1221 1765 1375 1797 divinum
1401 1765 1444 1796 de
1468 1765 1606 1796 immor-

914 1814 1053 1845 talitate
1086 1812 1225 1842 animae
1261 1810 1391 1841 dicavit
1423 1808 1459 1840 S.
1487 1808 1522 1847 1,
1556 1810 1607 1847 11,

914 1859 969 1888 41.
1021 1857 1057 1887 1η
1094 1854 1318 1886 Phaedone
1354 1856 1407 1894 (p.
1437 1856 1508 1890 οἳ.)
1544 1852 1605 1884 de—

905 1901 991 1942 finit
1025 1899 1155 1931 homini
1189 1909 1256 1929 non
1291 1907 1361 1928 esse
1394 1907 1458 1927 sua
1489 1900 1607 1938 sponte

915 1944 1145 1979 moriendum,
1175 1942 1233 1973 sed
1263 1941 1297 1972 in
1322 1941 1436 1972 eodem
1462 1940 1607 1982 dialogo

914 1989 968 2030 (p.
1000 1987 1073 2027 67.)
1111 1987 1199 2018 idem
1238 1985 1321 2017 dicit
1361 1989 1500 2016 mortem
1536 1994 1607 2015 esse

911 2030 1234 2075 philosophantibus
1257 2028 1488 2071 adpetendam
1509 2026 1549 2058 C.
1576 2027 1605 2067 Ι,

919 2079 977 2115 13,
1011 2078 1064 2106 15.
1123 2074 1267 2107 Notavit
1301 2074 1337 2104 in
1376 2072 1605 2104 Phaedone

916 2124 969 2162 (p.
1004 2123 1075 2157 79.)
1107 2119 1260 2150 animam
1293 2117 1327 2148 in
1361 2127 1482 2158 corpus
1513 2115 1606 2147 trahi

913 2175 1003 2196 nova
1031 2163 1195 2195 ebrietate
1225 2161 1464 2204 trepidantem.
1503 2159 1541 2190 C.
1576 2159 1605 2199 l,

916 2211 975 2248 12,
1002 2211 1032 2238 7.
1084 2207 1120 2238 ln
1162 2206 1393 2237 Phaedone
1430 2207 1482 2245 (p.
1512 2207 1604 2240 106.)

913 2257 962 2284 est
999 2251 1173 2283 distinctio
1209 2250 1356 2280 locorum
1393 2258 1481 2290 quae
1516 2247 1605 2279 hanc

912 2297 1023 2329 vitam
1055 2293 1327 2337 relinquentibus
1358 2302 1398 2323 ea
1430 2292 1508 2335 lege
1542 2291 1597 2322 de-

912 2341 1033 2373 bentur
1058 2350 1160 2381 quam
1193 2338 1258 2369 sibi
1286 2337 1428 2379 quisque
1457 2335 1604 2367 vivendo

912 2384 1067 2417 sanxerit
1102 2382 1139 2413 C.
1169 2381 1204 2419 1,
1234 2384 1270 2419 1,
1294 2384 1326 2412 6.
1387 2379 1437 2410 De
1474 2378 1604 2410 Phae-

912 2429 989 2461 dro
1010 2425 1216 2459 Platonis
1239 2427 1293 2464 (p.
1318 2425 1413 2458 ¹245.)
1440 2422 1533 2453 locus
1556 2422 1604 2452 ad

912 2473 1047 2504 verbum
1080 2482 1101 2501 a
1131 2470 1290 2501 Cicerone
1320 2466 1529 2504 translatus,
1567 2465 1602 2496 in

913 2527 978 2558 quo
1011 2512 1240 2546 validissimis
1271 2509 1486 2553 argumentis
1521 2509 1601 2541 ani-

912 2569 990 2591 mae
1039 2556 1273 2589 inmortalitas
1321 2553 1505 2585 adseritur.
1561 2550 1601 2583 C.

912 2603 968 2641 11,
1006 2603 1063 2639 13,
1093 2603 1123 2631 6.
1193 2600 1286 2631 Inter
1327 2596 1530 2629 Platonis
1570 2600 1602 2628 et

919 2646 1091 2678 Ciceronis
1125 2644 1228 2675 libros
1260 2652 1342 2685 quos
1376 2641 1423 2672 de
1457 2650 1499 2672 re
1525 2650 1601 2682 pu-

912 2689 1086 2731 publica
1116 2692 1255 2728 uterque
1284 2685 1459 2717 constituit
1485 2707 1515 2714 ..
1541 2683 1603 2715 hoc

914 2734 1075 2765 interesse
1091 2730 1324 2773 perspeximus
1349 2732 1418 2760 cet.
1450 2726 1488 2758 C.
1512 2726 1544 2765 l,
1571 2729 1602 2766 l,

917 2780 945 2809 1.
997 2777 1037 2808 In
1066 2777 1123 2808 Re
1148 2774 1325 2817 publica
1354 2782 1428 2804 sua
1459 2770 1542 2809 (lib.
1569 2781 1602 2802 x.

916 2833 949 2863 p.
977 2824 1072 2858 617.)
1097 2829 1173 2852 cum
1199 2818 1240 2850 de
1269 2817 1494 2860 sphaerarum
1523 2825 1602 2847 cae-

917 2865 1054 2899 lestium
1077 2862 1294 2897 volubilitate
1315 2864 1498 2898 tractaret,
1532 2858 1603 2892 sin-
