<?xml version="1.0" encoding="UTF-8"?>
<!DOCTYPE html PUBLIC "-//W3C//DTD XHTML 1.0 Transitional//EN"
    "http://www.w3.org/TR/xhtml1/DTD/xhtml1-transitional.dtd">
<html xmlns="http://www.w3.org/1999/xhtml" xml:lang="en" lang="en">
 <head>
  <title>
</title>
<meta http-equiv="Content-Type" content="text/html;charset=utf-8" />
  <meta name='ocr-system' content='tesseract 3.04.00' />
  <meta name='ocr-capabilities' content='ocr_page ocr_carea ocr_par ocr_line ocrx_word'/>
</head>
<body>
  <div class='ocr_page' id='page_1' title='image "./operaquaesupersu02macruoft_0386.png"; bbox 0 0 1845 3131; ppageno 0'>
   <div class='ocr_carea' id='block_1_1' title="bbox 211 12 292 52">
    <p class='ocr_par' dir='ltr' id='par_1_1' title="bbox 211 12 292 52">
     <span class='ocr_line' id='line_1_1' title="bbox 211 12 292 52; baseline 0 0"><span class='ocrx_word' id='word_1_1' title='bbox 211 12 292 52; x_wconf 79' lang='lat'><em>360</em></span> 
     </span>
    </p>
   </div>
   <div class='ocr_carea' id='block_1_2' title="bbox 840 16 1121 59">
    <p class='ocr_par' dir='ltr' id='par_1_2' title="bbox 840 16 1121 59">
     <span class='ocr_line' id='line_1_2' title="bbox 840 16 1121 59; baseline 0.007 -4"><span class='ocrx_word' id='word_1_2' title='bbox 840 16 1121 59; x_wconf 85' lang='lat' dir='ltr'>MACROBII</span> 
     </span>
    </p>
   </div>
   <div class='ocr_carea' id='block_1_3' title="bbox 172 124 1759 288">
    <p class='ocr_par' dir='ltr' id='par_1_3' title="bbox 172 124 1759 288">
     <span class='ocr_line' id='line_1_3' title="bbox 210 124 1759 184; baseline 0.004 -19"><span class='ocrx_word' id='word_1_3' title='bbox 210 124 370 165; x_wconf 81' lang='lat' dir='ltr'><em>oleaster</em></span> <span class='ocrx_word' id='word_1_4' title='bbox 425 124 569 184; x_wconf 74' lang='lat' dir='ltr'><em>pausia</em></span> <span class='ocrx_word' id='word_1_5' title='bbox 626 124 766 178; x_wconf 73' lang='lat' dir='ltr'><em>peculia</em></span> <span class='ocrx_word' id='word_1_6' title='bbox 820 126 962 168; x_wconf 79' lang='lat' dir='ltr'><em>radius</em></span> <span class='ocrx_word' id='word_1_7' title='bbox 1015 127 1234 170; x_wconf 81' lang='lat' dir='ltr'><em>Sallentina</em></span> <span class='ocrx_word' id='word_1_8' title='bbox 1284 129 1481 184; x_wconf 74' lang='lat' dir='ltr'><em>Seryz&#39;ana</em></span> <span class='ocrx_word' id='word_1_9' title='bbox 1538 129 1575 170; x_wconf 90' lang='lat' dir='ltr'><em>T</em></span> <span class='ocrx_word' id='word_1_10' title='bbox 1571 132 1738 172; x_wconf 77' lang='lat' dir='ltr'><em>ermutz&#39;a</em></span> <span class='ocrx_word' id='word_1_11' title='bbox 1745 145 1759 176; x_wconf 90' lang='lat'><em>;</em></span> 
     </span>
     <span class='ocr_line' id='line_1_4' title="bbox 172 180 1757 239; baseline 0.005 -20"><span class='ocrx_word' id='word_1_12' title='bbox 172 180 313 220; x_wconf 68' lang='lat' dir='ltr'><em>Tsicut</em></span> <span class='ocrx_word' id='word_1_13' title='bbox 347 191 514 219; x_wconf 86' lang='lat' dir='ltr'><em>uvarum</em></span> <span class='ocrx_word' id='word_1_14' title='bbox 553 183 629 218; x_wconf 79' lang='lat' dir='ltr'><em>ista</em></span> <span class='ocrx_word' id='word_1_15' title='bbox 657 184 751 220; x_wconf 87' lang='lat' dir='ltr'><em>sunt</em></span> <span class='ocrx_word' id='word_1_16' title='bbox 786 193 950 234; x_wconf 79' lang='lat' dir='ltr'><em>genera:</em></span> <span class='ocrx_word' id='word_1_17' title='bbox 995 184 1177 233; x_wconf 84' lang='lat' dir='ltr'><em>Aminea,</em></span> <span class='ocrx_word' id='word_1_18' title='bbox 1219 183 1369 225; x_wconf 82' lang='lat' dir='ltr'><em>scilieet</em></span> <span class='ocrx_word' id='word_1_19' title='bbox 1398 198 1420 226; x_wconf 85' lang='lat' dir='ltr'><em>a</em></span> <span class='ocrx_word' id='word_1_20' title='bbox 1447 184 1631 239; x_wconf 81' lang='lat' dir='ltr'>regione,</span> <span class='ocrx_word' id='word_1_21' title='bbox 1666 199 1757 226; x_wconf 82' lang='lat' dir='ltr'><em>nam</em></span> 
     </span>
     <span class='ocr_line' id='line_1_5' title="bbox 210 233 1758 288; baseline 0.005 -12"><span class='ocrx_word' id='word_1_22' title='bbox 210 234 368 276; x_wconf 84' lang='lat' dir='ltr'>Aminei</span> <span class='ocrx_word' id='word_1_23' title='bbox 398 233 560 275; x_wconf 83' lang='lat' dir='ltr'><em>suerunt</em></span> <span class='ocrx_word' id='word_1_24' title='bbox 597 234 665 276; x_wconf 89' lang='lat' dir='ltr'><em>uhi</em></span> <span class='ocrx_word' id='word_1_25' title='bbox 700 248 807 277; x_wconf 87' lang='lat' dir='ltr'><em>nune</em></span> <span class='ocrx_word' id='word_1_26' title='bbox 833 237 1046 279; x_wconf 83' lang='lat' dir='ltr'>Falernum</span> <span class='ocrx_word' id='word_1_27' title='bbox 1080 244 1159 288; x_wconf 80' lang='lat' dir='ltr'><em>est,</em></span> <span class='ocrx_word' id='word_1_28' title='bbox 1206 241 1389 284; x_wconf 69' lang='lat' dir='ltr'><em>asinusca</em></span> <span class='ocrx_word' id='word_1_29' title='bbox 1426 250 1583 284; x_wconf 79' lang='lat' dir='ltr'><em>etrusca</em></span> <span class='ocrx_word' id='word_1_30' title='bbox 1618 242 1758 284; x_wconf 78' lang='lat' dir='ltr'><em>albz&#39;ve-</em></span> 
     </span>
    </p>
   </div>
   <div class='ocr_carea' id='block_1_4' title="bbox 297 361 566 404">
    <p class='ocr_par' dir='ltr' id='par_1_4' title="bbox 297 361 566 404">
     <span class='ocr_line' id='line_1_6' title="bbox 297 361 566 404; baseline 0 -11"><span class='ocrx_word' id='word_1_31' title='bbox 297 361 402 404; x_wconf 84' lang='lat' dir='ltr'>[Mss.</span> <span class='ocrx_word' id='word_1_32' title='bbox 435 361 566 395; x_wconf 65' lang='lat' dir='ltr'>GPSV.</span> 
     </span>
    </p>
   </div>
   <div class='ocr_carea' id='block_1_5' title="bbox 205 417 1296 641">
    <p class='ocr_par' dir='ltr' id='par_1_5' title="bbox 206 417 1244 545">
     <span class='ocr_line' id='line_1_7' title="bbox 206 417 1013 456; baseline 0.011 -8"><span class='ocrx_word' id='word_1_33' title='bbox 206 417 268 448; x_wconf 72' lang='grc' dir='ltr'><strong>ΡΞ).</strong></span> <span class='ocrx_word' id='word_1_34' title='bbox 318 418 488 450; x_wconf 76' lang='lat' dir='ltr'><em>orchites</em></span> <span class='ocrx_word' id='word_1_35' title='bbox 511 417 601 451; x_wconf 85' lang='lat' dir='ltr'><em>Cato</em></span> <span class='ocrx_word' id='word_1_36' title='bbox 628 424 664 451; x_wconf 83' lang='lat' dir='ltr'><em>et</em></span> <span class='ocrx_word' id='word_1_37' title='bbox 691 421 802 453; x_wconf 63' lang='lat' dir='ltr'><em>Varro</em></span> <span class='ocrx_word' id='word_1_38' title='bbox 830 422 869 454; x_wconf 94' lang='lat' dir='ltr'><em>ll.</em></span> <span class='ocrx_word' id='word_1_39' title='bbox 893 434 945 456; x_wconf 79' lang='lat' dir='ltr'><em>cc.</em></span> <span class='ocrx_word' id='word_1_40' title='bbox 972 441 1013 446; x_wconf 93' lang='lat'><em>—-</em></span> 
     </span>
     <span class='ocr_line' id='line_1_8' title="bbox 207 461 1244 510; baseline 0.005 -15"><span class='ocrx_word' id='word_1_41' title='bbox 207 461 333 504; x_wconf 68' lang='lat' dir='ltr'>..Lego</span> <span class='ocrx_word' id='word_1_42' title='bbox 364 462 518 505; x_wconf 78' lang='lat' dir='ltr'><em>Paphia,</em></span> <span class='ocrx_word' id='word_1_43' title='bbox 553 462 604 495; x_wconf 85' lang='lat' dir='ltr'><em>ita</em></span> <span class='ocrx_word' id='word_1_44' title='bbox 637 464 735 497; x_wconf 85' lang='lat' dir='ltr'><em>dicta</em></span> <span class='ocrx_word' id='word_1_45' title='bbox 763 477 783 498; x_wconf 84' lang='lat' dir='ltr'><em>a</em></span> <span class='ocrx_word' id='word_1_46' title='bbox 807 467 954 510; x_wconf 83' lang='lat' dir='ltr'><em>Papho,</em></span> <span class='ocrx_word' id='word_1_47' title='bbox 992 469 1086 499; x_wconf 85' lang='lat' dir='ltr'><em>unde</em></span> <span class='ocrx_word' id='word_1_48' title='bbox 1119 468 1244 500; x_wconf 78' lang='lat' dir='ltr'><em>allata.</em></span> 
     </span>
     <span class='ocr_line' id='line_1_9' title="bbox 880 512 1115 545; baseline 0 -2"><span class='ocrx_word' id='word_1_49' title='bbox 880 513 1044 545; x_wconf 81' lang='lat' dir='ltr'><em>ternutia</em></span> <span class='ocrx_word' id='word_1_50' title='bbox 1072 512 1115 543; x_wconf 92' lang='lat' dir='ltr'><em>G.</em></span> 
     </span>
    </p>

    <p class='ocr_par' dir='ltr' id='par_1_6' title="bbox 205 550 1296 641">
     <span class='ocr_line' id='line_1_10' title="bbox 205 550 1238 594; baseline 0.005 -12"><span class='ocrx_word' id='word_1_51' title='bbox 205 552 382 590; x_wconf 76' lang='lat' dir='ltr'><em>salernum</em></span> <span class='ocrx_word' id='word_1_52' title='bbox 415 550 451 583; x_wconf 88' lang='lat' dir='ltr'><em>S.</em></span> <span class='ocrx_word' id='word_1_53' title='bbox 489 552 684 594; x_wconf 81' lang='lat' dir='ltr'><em>„Scriptus</em></span> <span class='ocrx_word' id='word_1_54' title='bbox 714 555 852 588; x_wconf 78' lang='lat' dir='ltr'><strong>diserte</strong></span> <span class='ocrx_word' id='word_1_55' title='bbox 881 558 1109 589; x_wconf 74' lang='lat' dir='ltr'><em>Salernum.‘&#39;·</em></span> <span class='ocrx_word' id='word_1_56' title='bbox 1135 557 1238 588; x_wconf 83' lang='lat' dir='ltr'><em>Pont.</em></span> 
     </span>
     <span class='ocr_line' id='line_1_11' title="bbox 207 595 1296 641; baseline 0.006 -15"><span class='ocrx_word' id='word_1_57' title='bbox 207 595 308 627; x_wconf 88' lang='lat' dir='ltr'><em>duiu.</em></span> <span class='ocrx_word' id='word_1_58' title='bbox 336 596 379 628; x_wconf 80' lang='lat' dir='ltr'><em>ad</em></span> <span class='ocrx_word' id='word_1_59' title='bbox 401 596 496 628; x_wconf 88' lang='lat' dir='ltr'><em>Plin.</em></span> <span class='ocrx_word' id='word_1_60' title='bbox 522 596 564 629; x_wconf 80' lang='lat' dir='ltr'><em>N.</em></span> <span class='ocrx_word' id='word_1_61' title='bbox 592 598 636 629; x_wconf 87' lang='grc' dir='ltr'><em>Η.</em></span> <span class='ocrx_word' id='word_1_62' title='bbox 664 599 752 631; x_wconf 78' lang='lat' dir='ltr'>xlv.</span> <span class='ocrx_word' id='word_1_63' title='bbox 778 603 810 633; x_wconf 90' lang='grc'><strong>2.</strong></span> <span class='ocrx_word' id='word_1_64' title='bbox 834 613 862 633; x_wconf 76' lang='lat' dir='ltr'><em>s.</em></span> <span class='ocrx_word' id='word_1_65' title='bbox 885 602 916 633; x_wconf 88' lang='lat'><em>4.</em></span> <span class='ocrx_word' id='word_1_66' title='bbox 938 620 979 624; x_wconf 93' lang='lat'><em>—-</em></span> <span class='ocrx_word' id='word_1_67' title='bbox 1002 602 1176 634; x_wconf 77' lang='lat' dir='ltr'><em>asincusa</em></span> <span class='ocrx_word' id='word_1_68' title='bbox 1200 601 1296 641; x_wconf 42' lang='lat' dir='ltr'><em>„BQ</em></span> 
     </span>
    </p>
   </div>
   <div class='ocr_carea' id='block_1_6' title="bbox 208 506 776 542">
    <p class='ocr_par' dir='ltr' id='par_1_7' title="bbox 208 506 776 542">
     <span class='ocr_line' id='line_1_12' title="bbox 208 506 776 542; baseline 0.009 -5"><span class='ocrx_word' id='word_1_69' title='bbox 208 506 343 538; x_wconf 81' lang='lat' dir='ltr'><em>Meurs.</em></span> <span class='ocrx_word' id='word_1_70' title='bbox 366 525 410 530; x_wconf 90' lang='lat'>—</span> <span class='ocrx_word' id='word_1_71' title='bbox 440 508 627 540; x_wconf 84' lang='lat' dir='ltr'><em>salentina</em></span> <span class='ocrx_word' id='word_1_72' title='bbox 653 509 776 542; x_wconf 80' lang='lat' dir='ltr'>SaM2.</span> 
     </span>
    </p>
   </div>
   <div class='ocr_carea' id='block_1_7' title="bbox 208 641 455 673">
    <p class='ocr_par' dir='ltr' id='par_1_8' title="bbox 208 641 455 673">
     <span class='ocr_line' id='line_1_13' title="bbox 208 641 455 673; baseline -0.004 0"><span class='ocrx_word' id='word_1_73' title='bbox 208 652 254 673; x_wconf 89' lang='lat' dir='ltr'><em>cu</em></span> <span class='ocrx_word' id='word_1_74' title='bbox 265 652 304 672; x_wconf 89' lang='lat' dir='ltr'><em>ca</em></span> <span class='ocrx_word' id='word_1_75' title='bbox 330 641 455 672; x_wconf 78' lang='lat' dir='ltr'>M2P7.</span> 
     </span>
    </p>
   </div>
   <div class='ocr_carea' id='block_1_8' title="bbox 209 749 955 1274">
    <p class='ocr_par' dir='ltr' id='par_1_9' title="bbox 209 749 951 835">
     <span class='ocr_line' id='line_1_14' title="bbox 209 749 951 791; baseline 0.009 -9"><span class='ocrx_word' id='word_1_76' title='bbox 209 749 308 783; x_wconf 90' lang='lat' dir='ltr'><em>nium</em></span> <span class='ocrx_word' id='word_1_77' title='bbox 335 751 414 791; x_wconf 77' lang='lat' dir='ltr'><em>XV,</em></span> <span class='ocrx_word' id='word_1_78' title='bbox 437 754 509 784; x_wconf 81' lang='lat' dir='ltr'>5.s.</span> <span class='ocrx_word' id='word_1_79' title='bbox 529 755 561 784; x_wconf 85' lang='lat'><em>6.</em></span> <span class='ocrx_word' id='word_1_80' title='bbox 595 753 820 788; x_wconf 84' lang='lat' dir='ltr'><em>Cominian</em></span> <span class='ocrx_word' id='word_1_81' title='bbox 833 767 889 788; x_wconf 88' lang='lat' dir='ltr'><em>am</em></span> <span class='ocrx_word' id='word_1_82' title='bbox 915 760 951 789; x_wconf 75' lang='lat' dir='ltr'><em>ct</em></span> 
     </span>
     <span class='ocr_line' id='line_1_15' title="bbox 209 797 677 835; baseline 0.006 -9"><span class='ocrx_word' id='word_1_83' title='bbox 209 797 242 827; x_wconf 83' lang='lat'><em>3.</em></span> <span class='ocrx_word' id='word_1_84' title='bbox 270 807 299 827; x_wconf 88' lang='lat' dir='ltr'><em>s.</em></span> <span class='ocrx_word' id='word_1_85' title='bbox 326 798 357 826; x_wconf 71' lang='lat'><em>4.</em></span> <span class='ocrx_word' id='word_1_86' title='bbox 383 797 403 835; x_wconf 62' lang='grc' dir='ltr'><strong>ἓ</strong></span> <span class='ocrx_word' id='word_1_87' title='bbox 427 799 475 829; x_wconf 83' lang='grc'><strong>13.</strong></span> <span class='ocrx_word' id='word_1_88' title='bbox 507 798 677 829; x_wconf 81' lang='lat' dir='ltr'><em>Caminia.</em></span> 
     </span>
    </p>

    <p class='ocr_par' dir='ltr' id='par_1_10' title="bbox 210 840 794 919">
     <span class='ocr_line' id='line_1_16' title="bbox 254 840 794 883; baseline 0.007 -12"><span class='ocrx_word' id='word_1_89' title='bbox 254 840 443 883; x_wconf 78' lang='lat' dir='ltr'><em>conditiva]</em></span> <span class='ocrx_word' id='word_1_90' title='bbox 478 841 540 873; x_wconf 85' lang='lat' dir='ltr'><em>Sic</em></span> <span class='ocrx_word' id='word_1_91' title='bbox 571 842 663 873; x_wconf 87' lang='lat' dir='ltr'><em>Cato</em></span> <span class='ocrx_word' id='word_1_92' title='bbox 694 842 716 874; x_wconf 91' lang='grc' dir='ltr'><em>Ι.</em></span> <span class='ocrx_word' id='word_1_93' title='bbox 747 855 794 875; x_wconf 63' lang='grc' dir='ltr'><strong>υ..</strong></span> 
     </span>
     <span class='ocr_line' id='line_1_17' title="bbox 210 884 713 919; baseline 0.01 -5"><span class='ocrx_word' id='word_1_94' title='bbox 210 884 235 915; x_wconf 89' lang='lat'><em>1.</em></span> <span class='ocrx_word' id='word_1_95' title='bbox 265 895 294 916; x_wconf 79' lang='lat' dir='ltr'><em>c.</em></span> <span class='ocrx_word' id='word_1_96' title='bbox 321 886 584 918; x_wconf 80' lang='lat' dir='ltr'><em>condilaneam</em></span> <span class='ocrx_word' id='word_1_97' title='bbox 611 886 713 919; x_wconf 79' lang='lat' dir='ltr'><em>dicit.</em></span> 
     </span>
    </p>

    <p class='ocr_par' dir='ltr' id='par_1_11' title="bbox 209 929 955 1274">
     <span class='ocr_line' id='line_1_18' title="bbox 258 929 952 973; baseline 0.007 -13"><span class='ocrx_word' id='word_1_98' title='bbox 258 929 458 972; x_wconf 81' lang='lat' dir='ltr'><em>Liciniana]</em></span> <span class='ocrx_word' id='word_1_99' title='bbox 499 929 552 962; x_wconf 76' lang='lat' dir='ltr'><em>Cf.</em></span> <span class='ocrx_word' id='word_1_100' title='bbox 587 930 678 963; x_wconf 81' lang='lat' dir='ltr'><em>Cato</em></span> <span class='ocrx_word' id='word_1_101' title='bbox 715 935 757 973; x_wconf 78' lang='lat'><em>6,</em></span> <span class='ocrx_word' id='word_1_102' title='bbox 789 935 843 964; x_wconf 85' lang='lat'><em>2.:</em></span> <span class='ocrx_word' id='word_1_103' title='bbox 885 933 952 973; x_wconf 76' lang='lat' dir='ltr'><em>Qui</em></span> 
     </span>
     <span class='ocr_line' id='line_1_19' title="bbox 210 975 952 1017; baseline 0.008 -14"><span class='ocrx_word' id='word_1_104' title='bbox 210 984 298 1015; x_wconf 84' lang='lat' dir='ltr'><em>ager</em></span> <span class='ocrx_word' id='word_1_105' title='bbox 323 975 501 1017; x_wconf 77' lang='lat' dir='ltr'><em>frigidior</em></span> <span class='ocrx_word' id='word_1_106' title='bbox 533 979 565 1007; x_wconf 84' lang='lat' dir='ltr'><em>et</em></span> <span class='ocrx_word' id='word_1_107' title='bbox 598 976 746 1008; x_wconf 84' lang='lat' dir='ltr'><em>macrior</em></span> <span class='ocrx_word' id='word_1_108' title='bbox 785 977 869 1016; x_wconf 88' lang='lat' dir='ltr'><em>erit,</em></span> <span class='ocrx_word' id='word_1_109' title='bbox 905 978 952 1009; x_wconf 86' lang='lat' dir='ltr'><em>ibi</em></span> 
     </span>
     <span class='ocr_line' id='line_1_20' title="bbox 211 1018 954 1064; baseline 0.007 -15"><span class='ocrx_word' id='word_1_110' title='bbox 211 1018 323 1050; x_wconf 88' lang='lat' dir='ltr'><em>oleam</em></span> <span class='ocrx_word' id='word_1_111' title='bbox 374 1020 647 1052; x_wconf 78' lang='lat' dir='ltr'><em>Licinianum</em></span> <span class='ocrx_word' id='word_1_112' title='bbox 694 1021 762 1053; x_wconf 79' lang='lat' dir='ltr'><em>seri</em></span> <span class='ocrx_word' id='word_1_113' title='bbox 811 1027 954 1064; x_wconf 75' lang='lat' dir='ltr'><em>oportet.</em></span> 
     </span>
     <span class='ocr_line' id='line_1_21' title="bbox 209 1061 955 1107; baseline 0.008 -15"><span class='ocrx_word' id='word_1_114' title='bbox 209 1061 349 1094; x_wconf 84' lang='lat' dir='ltr'><em>Eadem</em></span> <span class='ocrx_word' id='word_1_115' title='bbox 376 1063 455 1095; x_wconf 80' lang='lat' dir='ltr'><em>fere</em></span> <span class='ocrx_word' id='word_1_116' title='bbox 487 1064 663 1106; x_wconf 81' lang='lat' dir='ltr'><em>leguntur</em></span> <span class='ocrx_word' id='word_1_117' title='bbox 695 1066 790 1107; x_wconf 87' lang='lat' dir='ltr'><em>apud</em></span> <span class='ocrx_word' id='word_1_118' title='bbox 824 1067 955 1098; x_wconf 66' lang='lat' dir='ltr'><em>Varro—</em></span> 
     </span>
     <span class='ocr_line' id='line_1_22' title="bbox 212 1106 953 1151; baseline 0.007 -14"><span class='ocrx_word' id='word_1_119' title='bbox 212 1117 293 1138; x_wconf 90' lang='lat' dir='ltr'><em>nem</em></span> <span class='ocrx_word' id='word_1_120' title='bbox 319 1106 353 1148; x_wconf 86' lang='lat' dir='ltr'><em>I,</em></span> <span class='ocrx_word' id='word_1_121' title='bbox 375 1109 439 1147; x_wconf 74' lang='lat'><em>24,</em></span> <span class='ocrx_word' id='word_1_122' title='bbox 458 1111 496 1148; x_wconf 77' lang='lat'><em>23</em></span> <span class='ocrx_word' id='word_1_123' title='bbox 531 1109 676 1141; x_wconf 82' lang='lat' dir='ltr'><em>Plinius</em></span> <span class='ocrx_word' id='word_1_124' title='bbox 703 1121 783 1142; x_wconf 88' lang='lat' dir='ltr'><em>eam</em></span> <span class='ocrx_word' id='word_1_125' title='bbox 823 1110 896 1151; x_wconf 71' lang='lat' dir='ltr'><em>XV,</em></span> <span class='ocrx_word' id='word_1_126' title='bbox 921 1114 953 1142; x_wconf 85' lang='lat'><em>2.</em></span> 
     </span>
     <span class='ocr_line' id='line_1_23' title="bbox 212 1153 952 1191; baseline 0.009 -10"><span class='ocrx_word' id='word_1_127' title='bbox 212 1162 239 1182; x_wconf 89' lang='lat' dir='ltr'><em>s.</em></span> <span class='ocrx_word' id='word_1_128' title='bbox 266 1153 320 1190; x_wconf 86' lang='lat'><em>3.;</em></span> <span class='ocrx_word' id='word_1_129' title='bbox 355 1154 387 1183; x_wconf 83' lang='lat'><em>3.</em></span> <span class='ocrx_word' id='word_1_130' title='bbox 409 1163 436 1184; x_wconf 85' lang='lat' dir='ltr'><em>s.</em></span> <span class='ocrx_word' id='word_1_131' title='bbox 462 1154 517 1191; x_wconf 86' lang='grc'><em>4.;</em></span> <span class='ocrx_word' id='word_1_132' title='bbox 551 1155 581 1184; x_wconf 82' lang='lat'><em>5.</em></span> <span class='ocrx_word' id='word_1_133' title='bbox 606 1165 634 1185; x_wconf 85' lang='lat' dir='ltr'><em>s.</em></span> <span class='ocrx_word' id='word_1_134' title='bbox 659 1156 691 1185; x_wconf 91' lang='grc'><em>6.</em></span> <span class='ocrx_word' id='word_1_135' title='bbox 726 1159 831 1186; x_wconf 78' lang='lat' dir='ltr'><em>vocat</em></span> <span class='ocrx_word' id='word_1_136' title='bbox 859 1155 952 1188; x_wconf 81' lang='lat' dir='ltr'><em>Lici-</em></span> 
     </span>
     <span class='ocr_line' id='line_1_24' title="bbox 209 1195 954 1240; baseline 0.007 -14"><span class='ocrx_word' id='word_1_137' title='bbox 209 1195 328 1235; x_wconf 87' lang='lat' dir='ltr'><em>niam,</em></span> <span class='ocrx_word' id='word_1_138' title='bbox 361 1200 399 1228; x_wconf 84' lang='lat' dir='ltr'><em>ut</em></span> <span class='ocrx_word' id='word_1_139' title='bbox 424 1196 630 1230; x_wconf 73' lang='lat' dir='ltr'>Columella</span> <span class='ocrx_word' id='word_1_140' title='bbox 657 1198 679 1230; x_wconf 92' lang='lat' dir='ltr'><em>l.</em></span> <span class='ocrx_word' id='word_1_141' title='bbox 706 1210 757 1240; x_wconf 84' lang='lat' dir='ltr'><em>e.,</em></span> <span class='ocrx_word' id='word_1_142' title='bbox 783 1200 845 1232; x_wconf 85' lang='lat' dir='ltr'><em>sed</em></span> <span class='ocrx_word' id='word_1_143' title='bbox 871 1203 903 1231; x_wconf 84' lang='lat'><em>2.</em></span> <span class='ocrx_word' id='word_1_144' title='bbox 927 1212 954 1232; x_wconf 89' lang='lat' dir='ltr'><em>s.</em></span> 
     </span>
     <span class='ocr_line' id='line_1_25' title="bbox 212 1240 657 1274; baseline 0.007 -3"><span class='ocrx_word' id='word_1_145' title='bbox 212 1243 246 1271; x_wconf 80' lang='lat'><em>3.</em></span> <span class='ocrx_word' id='word_1_146' title='bbox 272 1240 395 1271; x_wconf 85' lang='lat' dir='ltr'><em>oleum</em></span> <span class='ocrx_word' id='word_1_147' title='bbox 422 1241 657 1274; x_wconf 75' lang='lat' dir='ltr'><em>Licinianum.</em></span> 
     </span>
    </p>
   </div>
   <div class='ocr_carea' id='block_1_9' title="bbox 837 844 950 877">
    <p class='ocr_par' dir='ltr' id='par_1_12' title="bbox 837 844 950 877">
     <span class='ocr_line' id='line_1_26' title="bbox 837 844 950 877; baseline 0.018 -2"><span class='ocrx_word' id='word_1_148' title='bbox 837 844 950 877; x_wconf 78' lang='lat' dir='ltr'><em>Varro</em></span> 
     </span>
    </p>
   </div>
   <div class='ocr_carea' id='block_1_10' title="bbox 211 1284 961 2875">
    <p class='ocr_par' dir='ltr' id='par_1_13' title="bbox 211 1284 955 1461">
     <span class='ocr_line' id='line_1_27' title="bbox 255 1284 955 1331; baseline 0.007 -16"><span class='ocrx_word' id='word_1_149' title='bbox 255 1284 389 1326; x_wconf 78' lang='lat' dir='ltr'><em>orchus]</em></span> <span class='ocrx_word' id='word_1_150' title='bbox 425 1285 487 1317; x_wconf 89' lang='lat' dir='ltr'><em>Sic</em></span> <span class='ocrx_word' id='word_1_151' title='bbox 521 1286 702 1330; x_wconf 75' lang='lat' dir='ltr'><em>Virgilius</em></span> <span class='ocrx_word' id='word_1_152' title='bbox 736 1287 873 1331; x_wconf 76' lang='lat' dir='ltr'><em>Geni-g.</em></span> <span class='ocrx_word' id='word_1_153' title='bbox 908 1288 955 1328; x_wconf 87' lang='lat' dir='ltr'><em>II,</em></span> 
     </span>
     <span class='ocr_line' id='line_1_28' title="bbox 211 1330 954 1368; baseline 0.007 -9"><span class='ocrx_word' id='word_1_154' title='bbox 211 1331 288 1368; x_wconf 76' lang='lat'>86.;</span> <span class='ocrx_word' id='word_1_155' title='bbox 316 1330 476 1362; x_wconf 83' lang='lat' dir='ltr'><em>architem</em></span> <span class='ocrx_word' id='word_1_156' title='bbox 505 1337 636 1363; x_wconf 80' lang='lat' dir='ltr'><em>vocant</em></span> <span class='ocrx_word' id='word_1_157' title='bbox 661 1331 751 1364; x_wconf 83' lang='lat' dir='ltr'><em>Cato</em></span> <span class='ocrx_word' id='word_1_158' title='bbox 771 1333 885 1364; x_wconf 65' lang='lat' dir='ltr'><em>Varro</em></span> <span class='ocrx_word' id='word_1_159' title='bbox 915 1334 954 1365; x_wconf 87' lang='grc' dir='ltr'><em>ΙΙ.</em></span> 
     </span>
     <span class='ocr_line' id='line_1_29' title="bbox 213 1373 955 1416; baseline 0.009 -13"><span class='ocrx_word' id='word_1_160' title='bbox 213 1384 277 1411; x_wconf 86' lang='lat' dir='ltr'>cc.,</span> <span class='ocrx_word' id='word_1_161' title='bbox 304 1373 447 1405; x_wconf 87' lang='lat' dir='ltr'><em>Plinius</em></span> <span class='ocrx_word' id='word_1_162' title='bbox 474 1375 498 1407; x_wconf 84' lang='lat' dir='ltr'><em>l.</em></span> <span class='ocrx_word' id='word_1_163' title='bbox 521 1387 549 1406; x_wconf 90' lang='lat' dir='ltr'><em>c.</em></span> <span class='ocrx_word' id='word_1_164' title='bbox 576 1387 623 1407; x_wconf 86' lang='lat' dir='ltr'><em>ss.</em></span> <span class='ocrx_word' id='word_1_165' title='bbox 645 1379 677 1407; x_wconf 88' lang='grc'><strong>2.</strong></span> <span class='ocrx_word' id='word_1_166' title='bbox 701 1381 736 1409; x_wconf 84' lang='lat' dir='ltr'><em>et</em></span> <span class='ocrx_word' id='word_1_167' title='bbox 760 1379 781 1408; x_wconf 87' lang='grc'><strong>6</strong></span> <span class='ocrx_word' id='word_1_168' title='bbox 806 1390 814 1416; x_wconf 85' lang='lat'>3</span> <span class='ocrx_word' id='word_1_169' title='bbox 844 1378 955 1410; x_wconf 81' lang='lat' dir='ltr'><em>orchi-</em></span> 
     </span>
     <span class='ocr_line' id='line_1_30' title="bbox 213 1417 898 1461; baseline 0.007 -13"><span class='ocrx_word' id='word_1_170' title='bbox 213 1422 296 1449; x_wconf 88' lang='lat' dir='ltr'><em>tam</em></span> <span class='ocrx_word' id='word_1_171' title='bbox 323 1417 465 1450; x_wconf 81' lang='lat' dir='ltr'><em>Colum.</em></span> <span class='ocrx_word' id='word_1_172' title='bbox 491 1419 566 1459; x_wconf 85' lang='lat' dir='ltr'><em>XII,</em></span> <span class='ocrx_word' id='word_1_173' title='bbox 587 1422 643 1460; x_wconf 78' lang='lat'><em>47,</em></span> <span class='ocrx_word' id='word_1_174' title='bbox 669 1424 701 1453; x_wconf 88' lang='lat'><em>9.</em></span> <span class='ocrx_word' id='word_1_175' title='bbox 729 1426 765 1453; x_wconf 80' lang='lat' dir='ltr'><em>et</em></span> <span class='ocrx_word' id='word_1_176' title='bbox 789 1424 846 1461; x_wconf 83' lang='lat'><em>48,</em></span> <span class='ocrx_word' id='word_1_177' title='bbox 869 1425 898 1453; x_wconf 87' lang='grc'><em>1.</em></span> 
     </span>
    </p>

    <p class='ocr_par' dir='ltr' id='par_1_14' title="bbox 212 1463 955 1672">
     <span class='ocr_line' id='line_1_31' title="bbox 258 1463 955 1504; baseline 0.007 -11"><span class='ocrx_word' id='word_1_178' title='bbox 258 1463 421 1504; x_wconf 73' lang='lat' dir='ltr'><em>oleaster]</em></span> <span class='ocrx_word' id='word_1_179' title='bbox 472 1464 525 1495; x_wconf 88' lang='lat' dir='ltr'><em>De</em></span> <span class='ocrx_word' id='word_1_180' title='bbox 571 1465 654 1497; x_wconf 84' lang='lat' dir='ltr'><em>oleo</em></span> <span class='ocrx_word' id='word_1_181' title='bbox 700 1477 742 1497; x_wconf 83' lang='lat' dir='ltr'><em>ex</em></span> <span class='ocrx_word' id='word_1_182' title='bbox 792 1466 955 1498; x_wconf 76' lang='lat' dir='ltr'><em>oleastro</em></span> 
     </span>
     <span class='ocr_line' id='line_1_32' title="bbox 212 1506 955 1551; baseline 0.008 -14"><span class='ocrx_word' id='word_1_183' title='bbox 212 1506 313 1538; x_wconf 79' lang='lat' dir='ltr'><em>facto</em></span> <span class='ocrx_word' id='word_1_184' title='bbox 334 1506 477 1540; x_wconf 83' lang='lat' dir='ltr'><em>Plinius</em></span> <span class='ocrx_word' id='word_1_185' title='bbox 505 1509 528 1539; x_wconf 93' lang='lat' dir='ltr'><em>l.</em></span> <span class='ocrx_word' id='word_1_186' title='bbox 555 1520 599 1549; x_wconf 84' lang='lat' dir='ltr'><em>c.,</em></span> <span class='ocrx_word' id='word_1_187' title='bbox 625 1521 652 1542; x_wconf 82' lang='lat' dir='ltr'><em>s.</em></span> <span class='ocrx_word' id='word_1_188' title='bbox 677 1514 735 1541; x_wconf 78' lang='lat'><em>7.:</em></span> <span class='ocrx_word' id='word_1_189' title='bbox 768 1511 882 1543; x_wconf 86' lang='lat' dir='ltr'><em>&#39;I&#39;enue</em></span> <span class='ocrx_word' id='word_1_190' title='bbox 906 1511 955 1551; x_wconf 86' lang='lat' dir='ltr'><em>id,</em></span> 
     </span>
     <span class='ocr_line' id='line_1_33' title="bbox 215 1550 955 1598; baseline 0.008 -17"><span class='ocrx_word' id='word_1_191' title='bbox 215 1550 354 1592; x_wconf 80' lang='lat' dir='ltr'><em>inquit,</em></span> <span class='ocrx_word' id='word_1_192' title='bbox 415 1553 592 1596; x_wconf 82' lang='lat' dir='ltr'><em>multoque</em></span> <span class='ocrx_word' id='word_1_193' title='bbox 643 1555 801 1586; x_wconf 84' lang='lat' dir='ltr'><em>amarius</em></span> <span class='ocrx_word' id='word_1_194' title='bbox 854 1567 955 1598; x_wconf 83' lang='lat' dir='ltr'><em>quam</em></span> 
     </span>
     <span class='ocr_line' id='line_1_34' title="bbox 214 1596 955 1633; baseline 0.008 -7"><span class='ocrx_word' id='word_1_195' title='bbox 214 1596 332 1627; x_wconf 76' lang='lat' dir='ltr'><em>oleae.-</em></span> <span class='ocrx_word' id='word_1_196' title='bbox 386 1601 522 1629; x_wconf 83' lang='lat' dir='ltr'><em>tantum</em></span> <span class='ocrx_word' id='word_1_197' title='bbox 574 1599 620 1631; x_wconf 83' lang='lat' dir='ltr'><em>ad</em></span> <span class='ocrx_word' id='word_1_198' title='bbox 671 1599 955 1633; x_wconf 75' lang='lat' dir='ltr'><em>medicamentum</em></span> 
     </span>
     <span class='ocr_line' id='line_1_35' title="bbox 214 1640 311 1672; baseline 0 -2"><span class='ocrx_word' id='word_1_199' title='bbox 214 1640 311 1672; x_wconf 83' lang='lat' dir='ltr'><em>utile.</em></span> 
     </span>
    </p>

    <p class='ocr_par' dir='ltr' id='par_1_15' title="bbox 211 1683 961 1947">
     <span class='ocr_line' id='line_1_36' title="bbox 256 1683 958 1729; baseline 0.006 -14"><span class='ocrx_word' id='word_1_200' title='bbox 256 1684 399 1726; x_wconf 84' lang='lat' dir='ltr'><em>pausia]</em></span> <span class='ocrx_word' id='word_1_201' title='bbox 441 1684 504 1717; x_wconf 81' lang='lat' dir='ltr'><em>Sic</em></span> <span class='ocrx_word' id='word_1_202' title='bbox 531 1683 664 1729; x_wconf 68' lang='lat' dir='ltr'><em>Virgil.</em></span> <span class='ocrx_word' id='word_1_203' title='bbox 696 1687 718 1718; x_wconf 95' lang='lat' dir='ltr'><em>l.</em></span> <span class='ocrx_word' id='word_1_204' title='bbox 751 1698 780 1718; x_wconf 91' lang='lat' dir='ltr'><em>c.</em></span> <span class='ocrx_word' id='word_1_205' title='bbox 814 1690 850 1719; x_wconf 80' lang='lat' dir='ltr'><em>et</em></span> <span class='ocrx_word' id='word_1_206' title='bbox 880 1687 958 1719; x_wconf 89' lang='lat' dir='ltr'><em>Pli-</em></span> 
     </span>
     <span class='ocr_line' id='line_1_37' title="bbox 214 1727 959 1773; baseline 0.005 -14"><span class='ocrx_word' id='word_1_207' title='bbox 214 1727 298 1759; x_wconf 84' lang='lat' dir='ltr'><em>nius</em></span> <span class='ocrx_word' id='word_1_208' title='bbox 327 1728 350 1759; x_wconf 92' lang='grc'><em>1.</em></span> <span class='ocrx_word' id='word_1_209' title='bbox 377 1741 407 1760; x_wconf 85' lang='lat' dir='ltr'><em>c.</em></span> <span class='ocrx_word' id='word_1_210' title='bbox 432 1741 481 1761; x_wconf 83' lang='lat' dir='ltr'><em>ss.</em></span> <span class='ocrx_word' id='word_1_211' title='bbox 508 1733 549 1771; x_wconf 82' lang='grc'><em>2,</em></span> <span class='ocrx_word' id='word_1_212' title='bbox 574 1733 612 1766; x_wconf 84' lang='grc'><em>4,</em></span> <span class='ocrx_word' id='word_1_213' title='bbox 637 1734 670 1763; x_wconf 77' lang='grc'><strong>6.</strong></span> <span class='ocrx_word' id='word_1_214' title='bbox 717 1730 819 1773; x_wconf 84' lang='lat' dir='ltr'><em>Apud</em></span> <span class='ocrx_word' id='word_1_215' title='bbox 849 1731 959 1763; x_wconf 84' lang='lat' dir='ltr'><em>Colu-</em></span> 
     </span>
     <span class='ocr_line' id='line_1_38' title="bbox 215 1772 961 1819; baseline 0.007 -16"><span class='ocrx_word' id='word_1_216' title='bbox 215 1772 369 1804; x_wconf 83' lang='lat' dir='ltr'><em>mellam</em></span> <span class='ocrx_word' id='word_1_217' title='bbox 397 1773 478 1813; x_wconf 76' lang='lat' dir='ltr'><em>xli,</em></span> <span class='ocrx_word' id='word_1_218' title='bbox 502 1777 558 1814; x_wconf 81' lang='lat'><em>47,</em></span> <span class='ocrx_word' id='word_1_219' title='bbox 579 1778 609 1807; x_wconf 82' lang='lat'><em>4.</em></span> <span class='ocrx_word' id='word_1_220' title='bbox 635 1780 669 1808; x_wconf 83' lang='lat' dir='ltr'><em>et</em></span> <span class='ocrx_word' id='word_1_221' title='bbox 691 1778 747 1815; x_wconf 80' lang='lat'><em>48,</em></span> <span class='ocrx_word' id='word_1_222' title='bbox 768 1779 798 1807; x_wconf 87' lang='grc'><em>1.</em></span> <span class='ocrx_word' id='word_1_223' title='bbox 822 1776 961 1819; x_wconf 77' lang='lat' dir='ltr'><em>legitur</em></span> 
     </span>
     <span class='ocr_line' id='line_1_39' title="bbox 213 1818 958 1862; baseline 0.007 -14"><span class='ocrx_word' id='word_1_224' title='bbox 213 1828 403 1859; x_wconf 78' lang='lat' dir='ltr'><em>pauseae5</em></span> <span class='ocrx_word' id='word_1_225' title='bbox 430 1818 521 1851; x_wconf 82' lang='lat' dir='ltr'><em>ibid.</em></span> <span class='ocrx_word' id='word_1_226' title='bbox 551 1821 606 1860; x_wconf 80' lang='lat'><em>49,</em></span> <span class='ocrx_word' id='word_1_227' title='bbox 633 1822 663 1851; x_wconf 88' lang='lat'><em>3.</em></span> <span class='ocrx_word' id='word_1_228' title='bbox 688 1821 816 1862; x_wconf 84' lang='lat' dir='ltr'><em>posia,</em></span> <span class='ocrx_word' id='word_1_229' title='bbox 845 1827 880 1852; x_wconf 82' lang='lat' dir='ltr'><em>et</em></span> <span class='ocrx_word' id='word_1_230' title='bbox 903 1823 958 1861; x_wconf 78' lang='lat'><em>47,</em></span> 
     </span>
     <span class='ocr_line' id='line_1_40' title="bbox 215 1862 959 1905; baseline 0.007 -13"><span class='ocrx_word' id='word_1_231' title='bbox 215 1863 248 1893; x_wconf 78' lang='lat'><em>4.</em></span> <span class='ocrx_word' id='word_1_232' title='bbox 274 1864 310 1893; x_wconf 86' lang='lat' dir='ltr'><em>et</em></span> <span class='ocrx_word' id='word_1_233' title='bbox 334 1863 429 1905; x_wconf 83' lang='lat' dir='ltr'><em>apud</em></span> <span class='ocrx_word' id='word_1_234' title='bbox 450 1862 579 1897; x_wconf 86' lang='lat' dir='ltr'><em>Caton.</em></span> <span class='ocrx_word' id='word_1_235' title='bbox 606 1870 642 1897; x_wconf 81' lang='lat' dir='ltr'><em>et</em></span> <span class='ocrx_word' id='word_1_236' title='bbox 667 1865 819 1897; x_wconf 67' lang='lat' dir='ltr'><em>Varron.</em></span> <span class='ocrx_word' id='word_1_237' title='bbox 844 1866 883 1898; x_wconf 93' lang='lat' dir='ltr'><em>ll.</em></span> <span class='ocrx_word' id='word_1_238' title='bbox 908 1877 959 1897; x_wconf 84' lang='lat' dir='ltr'><em>cc.</em></span> 
     </span>
     <span class='ocr_line' id='line_1_41' title="bbox 211 1917 362 1947; baseline 0.007 -11"><span class='ocrx_word' id='word_1_239' title='bbox 211 1917 234 1947; x_wconf 83' lang='lat' dir='ltr'><em>p</em></span> <span class='ocrx_word' id='word_1_240' title='bbox 249 1917 362 1938; x_wconf 85' lang='lat' dir='ltr'><em>osea.</em></span> 
     </span>
    </p>

    <p class='ocr_par' dir='ltr' id='par_1_16' title="bbox 214 1951 961 2259">
     <span class='ocr_line' id='line_1_42' title="bbox 256 1951 960 1993; baseline 0.006 -12"><span class='ocrx_word' id='word_1_241' title='bbox 256 1951 400 1993; x_wconf 79' lang='lat' dir='ltr'><em>paulia]</em></span> <span class='ocrx_word' id='word_1_242' title='bbox 457 1952 589 1984; x_wconf 68' lang='lat' dir='ltr'><em>Verum</em></span> <span class='ocrx_word' id='word_1_243' title='bbox 636 1964 766 1984; x_wconf 84' lang='lat' dir='ltr'><em>nomen</em></span> <span class='ocrx_word' id='word_1_244' title='bbox 815 1953 960 1986; x_wconf 85' lang='lat' dir='ltr'><em>videtur</em></span> 
     </span>
     <span class='ocr_line' id='line_1_43' title="bbox 215 1996 960 2037; baseline 0.007 -12"><span class='ocrx_word' id='word_1_245' title='bbox 215 2005 298 2026; x_wconf 74' lang='lat' dir='ltr'><em>esse</em></span> <span class='ocrx_word' id='word_1_246' title='bbox 330 1996 503 2037; x_wconf 78' lang='lat' dir='ltr'><em>plzaulia.</em></span> <span class='ocrx_word' id='word_1_247' title='bbox 551 1996 606 2028; x_wconf 80' lang='lat' dir='ltr'><em>Cf.</em></span> <span class='ocrx_word' id='word_1_248' title='bbox 634 1997 732 2029; x_wconf 88' lang='lat' dir='ltr'><em>Plin.</em></span> <span class='ocrx_word' id='word_1_249' title='bbox 762 1997 841 2037; x_wconf 83' lang='lat' dir='ltr'><em>XV,</em></span> <span class='ocrx_word' id='word_1_250' title='bbox 875 2001 907 2029; x_wconf 86' lang='lat'><em>3.</em></span> <span class='ocrx_word' id='word_1_251' title='bbox 931 2009 960 2030; x_wconf 86' lang='lat' dir='ltr'><em>s.</em></span> 
     </span>
     <span class='ocr_line' id='line_1_44' title="bbox 214 2040 958 2085; baseline 0.007 -16"><span class='ocrx_word' id='word_1_252' title='bbox 214 2040 244 2069; x_wconf 77' lang='lat'><em>4.</em></span> <span class='ocrx_word' id='word_1_253' title='bbox 272 2040 292 2078; x_wconf 66' lang='grc' dir='ltr'><strong>ἓ</strong></span> <span class='ocrx_word' id='word_1_254' title='bbox 329 2042 378 2070; x_wconf 81' lang='lat'><em>15.</em></span> <span class='ocrx_word' id='word_1_255' title='bbox 426 2041 645 2073; x_wconf 81' lang='lat' dir='ltr'><em>Phauliac</em></span> <span class='ocrx_word' id='word_1_256' title='bbox 685 2043 958 2085; x_wconf 77' lang='lat' dir='ltr'><em>grandissimae,</em></span> 
     </span>
     <span class='ocr_line' id='line_1_45' title="bbox 214 2083 960 2130; baseline 0.007 -17"><span class='ocrx_word' id='word_1_257' title='bbox 214 2083 350 2124; x_wconf 83' lang='lat' dir='ltr'><em>alioqui</em></span> <span class='ocrx_word' id='word_1_258' title='bbox 394 2085 537 2117; x_wconf 87' lang='lat' dir='ltr'><em>minimo</em></span> <span class='ocrx_word' id='word_1_259' title='bbox 583 2096 703 2123; x_wconf 83' lang='lat' dir='ltr'><em>succa,</em></span> <span class='ocrx_word' id='word_1_260' title='bbox 754 2090 790 2117; x_wconf 86' lang='lat' dir='ltr'><em>et</em></span> <span class='ocrx_word' id='word_1_261' title='bbox 829 2086 960 2130; x_wconf 64' lang='lat' dir='ltr'><em>Theo-</em></span> 
     </span>
     <span class='ocr_line' id='line_1_46' title="bbox 216 2126 961 2169; baseline 0.005 -12"><span class='ocrx_word' id='word_1_262' title='bbox 216 2126 357 2168; x_wconf 68' lang='lat' dir='ltr'><em>phrasi.</em></span> <span class='ocrx_word' id='word_1_263' title='bbox 385 2128 429 2159; x_wconf 85' lang='lat' dir='ltr'><em>de</em></span> <span class='ocrx_word' id='word_1_264' title='bbox 455 2139 553 2160; x_wconf 74' lang='lat' dir='ltr'><em>caiis.</em></span> <span class='ocrx_word' id='word_1_265' title='bbox 578 2130 628 2169; x_wconf 84' lang='lat' dir='ltr'><em>pl.</em></span> <span class='ocrx_word' id='word_1_266' title='bbox 654 2129 718 2169; x_wconf 78' lang='lat' dir='ltr'><em>Vl,</em></span> <span class='ocrx_word' id='word_1_267' title='bbox 749 2132 800 2161; x_wconf 87' lang='lat'><em>11.</em></span> <span class='ocrx_word' id='word_1_268' title='bbox 832 2129 896 2161; x_wconf 63' lang='lat'><em>‘5211</em></span> <span class='ocrx_word' id='word_1_269' title='bbox 923 2128 961 2161; x_wconf 73' lang='grc' dir='ltr'><em>δὲ</em></span> 
     </span>
     <span class='ocr_line' id='line_1_47' title="bbox 215 2167 960 2215; baseline 0.007 -15"><span class='ocrx_word' id='word_1_270' title='bbox 215 2167 237 2211; x_wconf 74' lang='grc' dir='ltr'><em>ἡ</em></span> <span class='ocrx_word' id='word_1_271' title='bbox 276 2168 366 2211; x_wconf 75' lang='grc' dir='ltr'><em>σὰρξ</em></span> <span class='ocrx_word' id='word_1_272' title='bbox 400 2169 533 2213; x_wconf 79' lang='grc' dir='ltr'><em>πολλὴ,</em></span> <span class='ocrx_word' id='word_1_273' title='bbox 567 2171 586 2204; x_wconf 84' lang='grc' dir='ltr'>ὁ</span> <span class='ocrx_word' id='word_1_274' title='bbox 619 2170 656 2205; x_wconf 71' lang='grc' dir='ltr'><em>δὲ</em></span> <span class='ocrx_word' id='word_1_275' title='bbox 679 2170 799 2215; x_wconf 82' lang='grc' dir='ltr'><strong><em>πυρὴν</em></strong></span> <span class='ocrx_word' id='word_1_276' title='bbox 821 2171 960 2215; x_wconf 74' lang='grc' dir='ltr'><strong><em>μικρὸς,</em></strong></span> 
     </span>
     <span class='ocr_line' id='line_1_48' title="bbox 216 2211 930 2259; baseline 0.007 -15"><span class='ocrx_word' id='word_1_277' title='bbox 216 2211 442 2256; x_wconf 75' lang='grc' dir='ltr'><em>ὀλιγοέλαιοι,</em></span> <span class='ocrx_word' id='word_1_278' title='bbox 466 2213 636 2258; x_wconf 71' lang='grc' dir='ltr'><em>καθάπερ</em></span> <span class='ocrx_word' id='word_1_279' title='bbox 662 2215 700 2248; x_wconf 78' lang='grc' dir='ltr'><em>αἱ</em></span> <span class='ocrx_word' id='word_1_280' title='bbox 724 2214 930 2259; x_wconf 53' lang='lat' dir='ltr'><em>maulim.</em></span> 
     </span>
    </p>

    <p class='ocr_par' dir='ltr' id='par_1_17' title="bbox 214 2259 957 2433">
     <span class='ocr_line' id='line_1_49' title="bbox 258 2259 957 2303; baseline 0.007 -14"><span class='ocrx_word' id='word_1_281' title='bbox 258 2259 394 2301; x_wconf 81' lang='lat' dir='ltr'><em>radius]</em></span> <span class='ocrx_word' id='word_1_282' title='bbox 427 2260 489 2292; x_wconf 86' lang='lat' dir='ltr'><em>Sic</em></span> <span class='ocrx_word' id='word_1_283' title='bbox 508 2260 690 2303; x_wconf 80' lang='lat' dir='ltr'><em>Virgilius</em></span> <span class='ocrx_word' id='word_1_284' title='bbox 715 2262 739 2293; x_wconf 93' lang='lat' dir='ltr'><em>l.</em></span> <span class='ocrx_word' id='word_1_285' title='bbox 767 2272 797 2293; x_wconf 88' lang='lat' dir='ltr'><em>c.</em></span> <span class='ocrx_word' id='word_1_286' title='bbox 821 2266 857 2294; x_wconf 85' lang='lat' dir='ltr'><em>et</em></span> <span class='ocrx_word' id='word_1_287' title='bbox 881 2261 957 2293; x_wconf 83' lang='lat' dir='ltr'><em>Pli-</em></span> 
     </span>
     <span class='ocr_line' id='line_1_50' title="bbox 214 2301 955 2346; baseline 0.007 -13"><span class='ocrx_word' id='word_1_288' title='bbox 214 2301 298 2334; x_wconf 83' lang='lat' dir='ltr'><em>nius</em></span> <span class='ocrx_word' id='word_1_289' title='bbox 334 2303 357 2334; x_wconf 89' lang='lat' dir='ltr'><em>l.</em></span> <span class='ocrx_word' id='word_1_290' title='bbox 389 2314 419 2334; x_wconf 89' lang='lat' dir='ltr'><em>c.</em></span> <span class='ocrx_word' id='word_1_291' title='bbox 458 2316 487 2336; x_wconf 89' lang='lat' dir='ltr'><em>s.</em></span> <span class='ocrx_word' id='word_1_292' title='bbox 517 2308 569 2346; x_wconf 82' lang='lat'><em>2.,</em></span> <span class='ocrx_word' id='word_1_293' title='bbox 605 2316 633 2337; x_wconf 91' lang='lat' dir='ltr'><em>s.</em></span> <span class='ocrx_word' id='word_1_294' title='bbox 663 2307 694 2337; x_wconf 92' lang='grc'><em>4.</em></span> <span class='ocrx_word' id='word_1_295' title='bbox 728 2307 748 2345; x_wconf 68' lang='grc' dir='ltr'><strong>ἓ</strong></span> <span class='ocrx_word' id='word_1_296' title='bbox 774 2308 828 2337; x_wconf 84' lang='grc'><em>13.</em></span> <span class='ocrx_word' id='word_1_297' title='bbox 880 2307 955 2337; x_wconf 81' lang='lat' dir='ltr'><em>Ra-</em></span> 
     </span>
     <span class='ocr_line' id='line_1_51' title="bbox 214 2346 957 2383; baseline 0.007 -6"><span class='ocrx_word' id='word_1_298' title='bbox 214 2346 310 2378; x_wconf 79' lang='lat' dir='ltr'><em>‹Iium</em></span> <span class='ocrx_word' id='word_1_299' title='bbox 347 2348 510 2381; x_wconf 84' lang='lat' dir='ltr'><em>maiorem</em></span> <span class='ocrx_word' id='word_1_300' title='bbox 546 2353 836 2382; x_wconf 83' lang='lat' dir='ltr'><em>commemorant</em></span> <span class='ocrx_word' id='word_1_301' title='bbox 868 2350 957 2383; x_wconf 79' lang='lat' dir='ltr'><em>Cato</em></span> 
     </span>
     <span class='ocr_line' id='line_1_52' title="bbox 215 2391 830 2433; baseline 0.008 -12"><span class='ocrx_word' id='word_1_302' title='bbox 215 2394 251 2422; x_wconf 83' lang='lat' dir='ltr'><em>et.</em></span> <span class='ocrx_word' id='word_1_303' title='bbox 279 2391 391 2423; x_wconf 76' lang='lat' dir='ltr'><em>Varro</em></span> <span class='ocrx_word' id='word_1_304' title='bbox 419 2392 458 2424; x_wconf 92' lang='lat' dir='ltr'><em>ll.</em></span> <span class='ocrx_word' id='word_1_305' title='bbox 482 2404 547 2433; x_wconf 61' lang='lat' dir='ltr'><em>cc„</em></span> <span class='ocrx_word' id='word_1_306' title='bbox 574 2393 720 2426; x_wconf 85' lang='lat' dir='ltr'><em>Plinius</em></span> <span class='ocrx_word' id='word_1_307' title='bbox 743 2405 772 2426; x_wconf 88' lang='lat' dir='ltr'><em>s.</em></span> <span class='ocrx_word' id='word_1_308' title='bbox 798 2397 830 2426; x_wconf 87' lang='lat'><em>6.</em></span> 
     </span>
    </p>

    <p class='ocr_par' dir='ltr' id='par_1_18' title="bbox 213 2434 956 2642">
     <span class='ocr_line' id='line_1_53' title="bbox 264 2434 956 2480; baseline 0.006 -14"><span class='ocrx_word' id='word_1_309' title='bbox 264 2434 478 2478; x_wconf 83' lang='lat' dir='ltr'><em>Sallentina]</em></span> <span class='ocrx_word' id='word_1_310' title='bbox 506 2437 567 2469; x_wconf 90' lang='lat' dir='ltr'><em>Sic</em></span> <span class='ocrx_word' id='word_1_311' title='bbox 592 2438 732 2480; x_wconf 79' lang='lat' dir='ltr'><em>legitur</em></span> <span class='ocrx_word' id='word_1_312' title='bbox 753 2439 849 2480; x_wconf 84' lang='lat' dir='ltr'><em>apud</em></span> <span class='ocrx_word' id='word_1_313' title='bbox 865 2439 956 2471; x_wconf 66' lang='lat' dir='ltr'><em>Var-</em></span> 
     </span>
     <span class='ocr_line' id='line_1_54' title="bbox 215 2480 955 2523; baseline 0.008 -14"><span class='ocrx_word' id='word_1_314' title='bbox 215 2488 291 2510; x_wconf 86' lang='lat' dir='ltr'><em>ron.</em></span> <span class='ocrx_word' id='word_1_315' title='bbox 320 2480 343 2511; x_wconf 90' lang='grc' dir='ltr'><strong>Ι.</strong></span> <span class='ocrx_word' id='word_1_316' title='bbox 370 2492 421 2512; x_wconf 88' lang='lat' dir='ltr'><em>c.:</em></span> <span class='ocrx_word' id='word_1_317' title='bbox 451 2482 545 2523; x_wconf 80' lang='lat' dir='ltr'><em>apud</em></span> <span class='ocrx_word' id='word_1_318' title='bbox 572 2482 699 2515; x_wconf 83' lang='lat' dir='ltr'><em>Caton.</em></span> <span class='ocrx_word' id='word_1_319' title='bbox 729 2486 765 2515; x_wconf 84' lang='lat' dir='ltr'><em>et</em></span> <span class='ocrx_word' id='word_1_320' title='bbox 789 2483 887 2515; x_wconf 89' lang='lat' dir='ltr'><em>Plin.</em></span> <span class='ocrx_word' id='word_1_321' title='bbox 914 2484 955 2515; x_wconf 86' lang='lat' dir='ltr'><em>ll.</em></span> 
     </span>
     <span class='ocr_line' id='line_1_55' title="bbox 214 2525 956 2568; baseline 0.009 -15"><span class='ocrx_word' id='word_1_322' title='bbox 214 2534 265 2554; x_wconf 75' lang='lat' dir='ltr'><em>cc.</em></span> <span class='ocrx_word' id='word_1_323' title='bbox 303 2525 547 2558; x_wconf 81' lang='lat' dir='ltr'><em>Salentinam.</em></span> <span class='ocrx_word' id='word_1_324' title='bbox 598 2528 704 2560; x_wconf 83' lang='lat' dir='ltr'><em>Illam</em></span> <span class='ocrx_word' id='word_1_325' title='bbox 733 2527 956 2568; x_wconf 83' lang='lat' dir='ltr'><em>scripturam</em></span> 
     </span>
     <span class='ocr_line' id='line_1_56' title="bbox 213 2568 955 2642; baseline 0.008 -44"><span class='ocrx_word' id='word_1_326' title='bbox 213 2568 381 2642; x_wconf 42' lang='lat' dir='ltr'><em>ixlfiil&#39;endit.</em></span> <span class='ocrx_word' id='word_1_327' title='bbox 417 2570 682 2604; x_wconf 82' lang='lat' dir='ltr'><em>Tzschukkius</em></span> <span class='ocrx_word' id='word_1_328' title='bbox 722 2572 766 2604; x_wconf 80' lang='lat' dir='ltr'><em>ad</em></span> <span class='ocrx_word' id='word_1_329' title='bbox 804 2573 955 2616; x_wconf 83' lang='lat' dir='ltr'><em>Entrop.</em></span> 
     </span>
    </p>

    <p class='ocr_par' dir='ltr' id='par_1_19' title="bbox 285 2613 370 2651">
     <span class='ocr_line' id='line_1_57' title="bbox 285 2613 370 2651; baseline 0.012 -8"><span class='ocrx_word' id='word_1_330' title='bbox 285 2613 311 2651; x_wconf 86' lang='lat' dir='ltr'><em>l,</em></span> <span class='ocrx_word' id='word_1_331' title='bbox 337 2616 370 2644; x_wconf 88' lang='grc'><strong>9.</strong></span> 
     </span>
    </p>

    <p class='ocr_par' dir='ltr' id='par_1_20' title="bbox 214 2657 956 2777">
     <span class='ocr_line' id='line_1_58' title="bbox 262 2657 956 2699; baseline 0.009 -12"><span class='ocrx_word' id='word_1_332' title='bbox 262 2657 454 2699; x_wconf 72' lang='lat' dir='ltr'><em>Sergiano]</em></span> <span class='ocrx_word' id='word_1_333' title='bbox 492 2657 553 2690; x_wconf 82' lang='lat' dir='ltr'><em>Sic</em></span> <span class='ocrx_word' id='word_1_334' title='bbox 579 2658 687 2699; x_wconf 83' lang='lat' dir='ltr'><em>Cato,</em></span> <span class='ocrx_word' id='word_1_335' title='bbox 716 2660 852 2699; x_wconf 84' lang='lat' dir='ltr'><em>Varro,</em></span> <span class='ocrx_word' id='word_1_336' title='bbox 878 2660 956 2693; x_wconf 87' lang='lat' dir='ltr'><em>Pli-</em></span> 
     </span>
     <span class='ocr_line' id='line_1_59' title="bbox 214 2700 954 2774; baseline 0.011 -44"><span class='ocrx_word' id='word_1_337' title='bbox 214 2700 295 2774; x_wconf 74' lang='lat' dir='ltr'><em>pius</em></span> <span class='ocrx_word' id='word_1_338' title='bbox 319 2702 358 2732; x_wconf 90' lang='lat' dir='ltr'><em>ll.</em></span> <span class='ocrx_word' id='word_1_339' title='bbox 382 2712 446 2742; x_wconf 61' lang='lat' dir='ltr'><em>cc„</em></span> <span class='ocrx_word' id='word_1_340' title='bbox 476 2703 652 2747; x_wconf 82' lang='lat' dir='ltr'><em>Sergiam</em></span> <span class='ocrx_word' id='word_1_341' title='bbox 677 2708 787 2738; x_wconf 84' lang='lat' dir='ltr'><em>vocat</em></span> <span class='ocrx_word' id='word_1_342' title='bbox 807 2705 954 2738; x_wconf 86' lang='lat' dir='ltr'><em>Plinius</em></span> 
     </span>
     <span class='ocr_line' id='line_1_60' title="bbox 232 2746 414 2777; baseline 0.011 -3"><span class='ocrx_word' id='word_1_343' title='bbox 232 2771 236 2774; x_wconf 86' lang='lat'><em>.</em></span> <span class='ocrx_word' id='word_1_344' title='bbox 265 2755 294 2775; x_wconf 84' lang='lat' dir='ltr'><em>c.</em></span> <span class='ocrx_word' id='word_1_345' title='bbox 329 2756 356 2777; x_wconf 89' lang='lat' dir='ltr'><em>s.</em></span> <span class='ocrx_word' id='word_1_346' title='bbox 381 2746 414 2776; x_wconf 79' lang='lat'><em>4.</em></span> 
     </span>
    </p>

    <p class='ocr_par' dir='ltr' id='par_1_21' title="bbox 214 2789 954 2875">
     <span class='ocr_line' id='line_1_61' title="bbox 263 2789 954 2830; baseline 0.01 -11"><span class='ocrx_word' id='word_1_347' title='bbox 263 2789 456 2830; x_wconf 63' lang='lat' dir='ltr'><em>&#39;Per-mutia]</em></span> <span class='ocrx_word' id='word_1_348' title='bbox 500 2789 640 2823; x_wconf 86' lang='lat' dir='ltr'><em>Nomen</em></span> <span class='ocrx_word' id='word_1_349' title='bbox 683 2803 726 2824; x_wconf 86' lang='lat' dir='ltr'><em>ex</em></span> <span class='ocrx_word' id='word_1_350' title='bbox 770 2793 841 2826; x_wconf 87' lang='lat' dir='ltr'><em>hoc</em></span> <span class='ocrx_word' id='word_1_351' title='bbox 882 2804 954 2826; x_wconf 90' lang='lat' dir='ltr'><em>uno</em></span> 
     </span>
     <span class='ocr_line' id='line_1_62' title="bbox 214 2831 525 2875; baseline 0.013 -14"><span class='ocrx_word' id='word_1_352' title='bbox 214 2831 295 2863; x_wconf 83' lang='lat' dir='ltr'><em>loco</em></span> <span class='ocrx_word' id='word_1_353' title='bbox 323 2833 525 2875; x_wconf 80' lang='lat' dir='ltr'><em>cognitum.</em></span> 
     </span>
    </p>
   </div>
   <div class='ocr_carea' id='block_1_11' title="bbox 260 2877 954 2925">
    <p class='ocr_par' dir='ltr' id='par_1_22' title="bbox 260 2877 954 2925">
     <span class='ocr_line' id='line_1_63' title="bbox 260 2877 954 2925; baseline 0.006 -16"><span class='ocrx_word' id='word_1_354' title='bbox 260 2879 288 2906; x_wconf 70' lang='grc' dir='ltr'><em>ἵ.</em></span> <span class='ocrx_word' id='word_1_355' title='bbox 340 2877 498 2919; x_wconf 83' lang='lat' dir='ltr'><em>Aminea]</em></span> <span class='ocrx_word' id='word_1_356' title='bbox 524 2878 580 2910; x_wconf 77' lang='lat' dir='ltr'><em>Cf.</em></span> <span class='ocrx_word' id='word_1_357' title='bbox 608 2878 711 2923; x_wconf 75' lang='lat' dir='ltr'><em>Vin-g.</em></span> <span class='ocrx_word' id='word_1_358' title='bbox 740 2881 877 2925; x_wconf 84' lang='lat' dir='ltr'><em>Georg.</em></span> <span class='ocrx_word' id='word_1_359' title='bbox 905 2881 954 2913; x_wconf 89' lang='lat'><em>11.</em></span> 
     </span>
    </p>
   </div>
   <div class='ocr_carea' id='block_1_12' title="bbox 1049 422 1762 635">
    <p class='ocr_par' dir='ltr' id='par_1_23' title="bbox 1049 422 1762 635">
     <span class='ocr_line' id='line_1_64' title="bbox 1049 422 1758 466; baseline 0.004 -12"><span class='ocrx_word' id='word_1_360' title='bbox 1049 435 1185 465; x_wconf 82' lang='lat' dir='ltr'><em>posca</em></span> <span class='ocrx_word' id='word_1_361' title='bbox 1213 422 1336 455; x_wconf 77' lang='lat' dir='ltr'><em>iidem.</em></span> <span class='ocrx_word' id='word_1_362' title='bbox 1377 441 1413 446; x_wconf 90' lang='lat'>—</span> <span class='ocrx_word' id='word_1_363' title='bbox 1449 425 1575 466; x_wconf 80' lang='lat' dir='ltr'><em>paulia</em></span> <span class='ocrx_word' id='word_1_364' title='bbox 1602 435 1672 457; x_wconf 79' lang='lat' dir='ltr'><em>orn.</em></span> <span class='ocrx_word' id='word_1_365' title='bbox 1697 425 1758 458; x_wconf 79' lang='lat'>1²3.</span> 
     </span>
     <span class='ocr_line' id='line_1_65' title="bbox 1296 467 1760 511; baseline 0.011 -13"><span class='ocrx_word' id='word_1_366' title='bbox 1296 467 1372 499; x_wconf 67' lang='lat' dir='ltr'><em>vid.</em></span> <span class='ocrx_word' id='word_1_367' title='bbox 1397 467 1529 500; x_wconf 80' lang='lat' dir='ltr'><em>Isidor.</em></span> <span class='ocrx_word' id='word_1_368' title='bbox 1560 468 1678 511; x_wconf 78' lang='lat' dir='ltr'><em>xvu,</em></span> <span class='ocrx_word' id='word_1_369' title='bbox 1701 472 1760 502; x_wconf 82' lang='lat'><em>7.“</em></span> 
     </span>
     <span class='ocr_line' id='line_1_66' title="bbox 1254 513 1761 548; baseline 0.01 -5"><span class='ocrx_word' id='word_1_370' title='bbox 1254 515 1284 543; x_wconf 81' lang='lat'><em>7.</em></span> <span class='ocrx_word' id='word_1_371' title='bbox 1321 513 1485 544; x_wconf 78' lang='lat' dir='ltr'><em>amincus</em></span> <span class='ocrx_word' id='word_1_372' title='bbox 1509 513 1601 545; x_wconf 80' lang='lat' dir='ltr'>SP7.</span> <span class='ocrx_word' id='word_1_373' title='bbox 1636 531 1677 537; x_wconf 92' lang='lat'>—</span> <span class='ocrx_word' id='word_1_374' title='bbox 1711 519 1761 548; x_wconf 80' lang='lat' dir='ltr'><em>est</em></span> 
     </span>
     <span class='ocr_line' id='line_1_67' title="bbox 1299 557 1761 591; baseline 0.009 -4"><span class='ocrx_word' id='word_1_375' title='bbox 1299 557 1509 589; x_wconf 73' lang='lat' dir='ltr'><em>Salonium</em></span> <span class='ocrx_word' id='word_1_376' title='bbox 1544 557 1637 590; x_wconf 86' lang='lat' dir='ltr'><em>coni.</em></span> <span class='ocrx_word' id='word_1_377' title='bbox 1664 558 1761 591; x_wconf 85' lang='lat' dir='ltr'><em>Har-</em></span> 
     </span>
     <span class='ocr_line' id='line_1_68' title="bbox 1346 602 1762 635; baseline 0.005 -2"><span class='ocrx_word' id='word_1_378' title='bbox 1346 602 1556 634; x_wconf 78' lang='lat' dir='ltr'><em>asincusea</em></span> <span class='ocrx_word' id='word_1_379' title='bbox 1580 602 1616 634; x_wconf 90' lang='lat' dir='ltr'><em>S.</em></span> <span class='ocrx_word' id='word_1_380' title='bbox 1665 603 1762 635; x_wconf 85' lang='lat' dir='ltr'><em>asin-</em></span> 
     </span>
    </p>
   </div>
   <div class='ocr_carea' id='block_1_13' title="bbox 510 642 1761 680">
    <p class='ocr_par' dir='ltr' id='par_1_24' title="bbox 510 642 1761 680">
     <span class='ocr_line' id='line_1_69' title="bbox 510 642 1761 680; baseline 0.006 -8"><span class='ocrx_word' id='word_1_381' title='bbox 510 642 698 677; x_wconf 83' lang='lat' dir='ltr'><em>asiniscas</em></span> <span class='ocrx_word' id='word_1_382' title='bbox 728 645 789 678; x_wconf 73' lang='lat'>1³3.</span> <span class='ocrx_word' id='word_1_383' title='bbox 820 663 862 669; x_wconf 89' lang='lat'><em>—-</em></span> <span class='ocrx_word' id='word_1_384' title='bbox 894 651 1033 680; x_wconf 80' lang='lat' dir='ltr'><em>etrusca</em></span> <span class='ocrx_word' id='word_1_385' title='bbox 1068 646 1131 678; x_wconf 73' lang='grc' dir='ltr'><strong>ΡΞ).</strong></span> <span class='ocrx_word' id='word_1_386' title='bbox 1173 664 1213 669; x_wconf 91' lang='grc'><em>--</em></span> <span class='ocrx_word' id='word_1_387' title='bbox 1252 645 1427 678; x_wconf 82' lang='lat' dir='ltr'><em>albivcrus</em></span> <span class='ocrx_word' id='word_1_388' title='bbox 1452 646 1761 680; x_wconf 69' lang='lat' dir='ltr'>hs-bGPvM123.</span> 
     </span>
    </p>
   </div>
   <div class='ocr_carea' id='block_1_14' title="bbox 1019 757 1772 2825">
    <p class='ocr_par' dir='ltr' id='par_1_25' title="bbox 1019 757 1766 1420">
     <span class='ocr_line' id='line_1_70' title="bbox 1019 757 1761 798; baseline 0.003 -11"><span class='ocrx_word' id='word_1_389' title='bbox 1019 759 1073 788; x_wconf 82' lang='lat'><em>97.</em></span> <span class='ocrx_word' id='word_1_390' title='bbox 1107 758 1196 789; x_wconf 76' lang='lat' dir='ltr'><em>Sunt</em></span> <span class='ocrx_word' id='word_1_391' title='bbox 1229 761 1259 788; x_wconf 86' lang='lat' dir='ltr'><em>et</em></span> <span class='ocrx_word' id='word_1_392' title='bbox 1285 757 1523 789; x_wconf 78' lang='lat' dir='ltr'><em>Aminneae</em></span> <span class='ocrx_word' id='word_1_393' title='bbox 1555 757 1664 798; x_wconf 74' lang='lat' dir='ltr'><em>vites,</em></span> <span class='ocrx_word' id='word_1_394' title='bbox 1699 758 1761 792; x_wconf 76' lang='lat' dir='ltr'><em>fir-</em></span> 
     </span>
     <span class='ocr_line' id='line_1_71' title="bbox 1020 801 1763 839; baseline 0.003 -7"><span class='ocrx_word' id='word_1_395' title='bbox 1020 802 1174 832; x_wconf 85' lang='lat' dir='ltr'><em>missima</em></span> <span class='ocrx_word' id='word_1_396' title='bbox 1199 802 1299 839; x_wconf 87' lang='lat' dir='ltr'><em>vina,</em></span> <span class='ocrx_word' id='word_1_397' title='bbox 1337 801 1430 832; x_wconf 88' lang='lat' dir='ltr'><em>unde</em></span> <span class='ocrx_word' id='word_1_398' title='bbox 1457 801 1609 834; x_wconf 84' lang='lat' dir='ltr'><em>fluxisse</em></span> <span class='ocrx_word' id='word_1_399' title='bbox 1635 801 1763 834; x_wconf 85' lang='lat' dir='ltr'><em>viden-</em></span> 
     </span>
     <span class='ocr_line' id='line_1_72' title="bbox 1021 845 1759 886; baseline 0.003 -10"><span class='ocrx_word' id='word_1_400' title='bbox 1021 850 1079 876; x_wconf 84' lang='lat' dir='ltr'><em>tur</em></span> <span class='ocrx_word' id='word_1_401' title='bbox 1105 845 1216 876; x_wconf 81' lang='lat' dir='ltr'><em>verba</em></span> <span class='ocrx_word' id='word_1_402' title='bbox 1232 845 1347 877; x_wconf 85' lang='lat' dir='ltr'><em>Plinii</em></span> <span class='ocrx_word' id='word_1_403' title='bbox 1365 845 1456 885; x_wconf 78' lang='lat' dir='ltr'><em>XIV,</em></span> <span class='ocrx_word' id='word_1_404' title='bbox 1473 848 1506 877; x_wconf 88' lang='grc'><strong>2.</strong></span> <span class='ocrx_word' id='word_1_405' title='bbox 1531 858 1557 878; x_wconf 75' lang='grc' dir='ltr'><em>ε.</em></span> <span class='ocrx_word' id='word_1_406' title='bbox 1584 848 1616 878; x_wconf 90' lang='grc'><em>4.</em></span> <span class='ocrx_word' id='word_1_407' title='bbox 1639 847 1660 886; x_wconf 81' lang='lat'><strong>§</strong></span> <span class='ocrx_word' id='word_1_408' title='bbox 1682 849 1759 878; x_wconf 78' lang='lat'>21.:</span> 
     </span>
     <span class='ocr_line' id='line_1_73' title="bbox 1025 889 1762 934; baseline 0.004 -14"><span class='ocrx_word' id='word_1_409' title='bbox 1025 889 1249 931; x_wconf 76' lang='lat' dir='ltr'><em>principatus</em></span> <span class='ocrx_word' id='word_1_410' title='bbox 1274 891 1379 922; x_wconf 84' lang='lat' dir='ltr'><em>datur</em></span> <span class='ocrx_word' id='word_1_411' title='bbox 1405 891 1634 923; x_wconf 84' lang='lat' dir='ltr'><em>Ammineis</em></span> <span class='ocrx_word' id='word_1_412' title='bbox 1651 901 1762 934; x_wconf 85' lang='lat' dir='ltr'><em>prop—</em></span> 
     </span>
     <span class='ocr_line' id='line_1_74' title="bbox 1021 933 1760 974; baseline 0.001 -9"><span class='ocrx_word' id='word_1_413' title='bbox 1021 939 1072 966; x_wconf 84' lang='lat' dir='ltr'><em>ter</em></span> <span class='ocrx_word' id='word_1_414' title='bbox 1096 934 1315 974; x_wconf 83' lang='lat' dir='ltr'><em>firmitatem.</em></span> <span class='ocrx_word' id='word_1_415' title='bbox 1364 933 1463 965; x_wconf 91' lang='lat' dir='ltr'><em>Idem</em></span> <span class='ocrx_word' id='word_1_416' title='bbox 1498 934 1586 967; x_wconf 83' lang='lat' dir='ltr'><em>ibid.</em></span> <span class='ocrx_word' id='word_1_417' title='bbox 1617 936 1650 966; x_wconf 88' lang='lat'><em>4.</em></span> <span class='ocrx_word' id='word_1_418' title='bbox 1674 946 1702 967; x_wconf 90' lang='lat' dir='ltr'><em>s.</em></span> <span class='ocrx_word' id='word_1_419' title='bbox 1727 936 1760 966; x_wconf 82' lang='lat'><em>5.</em></span> 
     </span>
     <span class='ocr_line' id='line_1_75' title="bbox 1022 977 1763 1019; baseline 0.005 -11"><span class='ocrx_word' id='word_1_420' title='bbox 1022 980 1041 1019; x_wconf 64' lang='grc' dir='ltr'><strong>ς</strong></span> <span class='ocrx_word' id='word_1_421' title='bbox 1064 979 1117 1009; x_wconf 79' lang='grc'><em>46.</em></span> <span class='ocrx_word' id='word_1_422' title='bbox 1149 977 1242 1009; x_wconf 79' lang='lat' dir='ltr'><em>dixit</em></span> <span class='ocrx_word' id='word_1_423' title='bbox 1270 979 1509 1010; x_wconf 84' lang='lat' dir='ltr'><em>Amminaeum</em></span> <span class='ocrx_word' id='word_1_424' title='bbox 1533 980 1763 1012; x_wconf 82' lang='lat' dir='ltr'><em>minusculum</em></span> 
     </span>
     <span class='ocr_line' id='line_1_76' title="bbox 1024 1023 1765 1064; baseline 0 -9"><span class='ocrx_word' id='word_1_425' title='bbox 1024 1028 1055 1055; x_wconf 82' lang='lat' dir='ltr'><em>et</em></span> <span class='ocrx_word' id='word_1_426' title='bbox 1080 1023 1207 1062; x_wconf 80' lang='lat' dir='ltr'><em>maius,</em></span> <span class='ocrx_word' id='word_1_427' title='bbox 1231 1023 1324 1064; x_wconf 82' lang='lat' dir='ltr'><em>quod</em></span> <span class='ocrx_word' id='word_1_428' title='bbox 1351 1027 1537 1055; x_wconf 82' lang='lat' dir='ltr'><em>mutuatus</em></span> <span class='ocrx_word' id='word_1_429' title='bbox 1562 1029 1618 1055; x_wconf 75' lang='lat' dir='ltr'><em>est</em></span> <span class='ocrx_word' id='word_1_430' title='bbox 1639 1034 1660 1055; x_wconf 85' lang='lat' dir='ltr'><em>a</em></span> <span class='ocrx_word' id='word_1_431' title='bbox 1676 1024 1765 1055; x_wconf 83' lang='lat' dir='ltr'><em>Var-</em></span> 
     </span>
     <span class='ocr_line' id='line_1_77' title="bbox 1025 1066 1764 1108; baseline 0 -9"><span class='ocrx_word' id='word_1_432' title='bbox 1025 1078 1112 1099; x_wconf 82' lang='lat' dir='ltr'><em>rone</em></span> <span class='ocrx_word' id='word_1_433' title='bbox 1139 1067 1166 1105; x_wconf 86' lang='lat'><em>1,</em></span> <span class='ocrx_word' id='word_1_434' title='bbox 1189 1069 1245 1098; x_wconf 81' lang='lat'><em>25.</em></span> <span class='ocrx_word' id='word_1_435' title='bbox 1294 1066 1399 1108; x_wconf 84' lang='lat' dir='ltr'><em>Apud</em></span> <span class='ocrx_word' id='word_1_436' title='bbox 1426 1066 1600 1100; x_wconf 79' lang='lat' dir='ltr'><em>Catonem</em></span> <span class='ocrx_word' id='word_1_437' title='bbox 1628 1079 1656 1099; x_wconf 84' lang='lat' dir='ltr'><em>c.</em></span> <span class='ocrx_word' id='word_1_438' title='bbox 1686 1071 1716 1100; x_wconf 86' lang='grc'><strong>7.</strong></span> <span class='ocrx_word' id='word_1_439' title='bbox 1743 1069 1764 1108; x_wconf 64' lang='lat' dir='ltr'>g</span> 
     </span>
     <span class='ocr_line' id='line_1_78' title="bbox 1023 1111 1763 1153; baseline 0.001 -10"><span class='ocrx_word' id='word_1_440' title='bbox 1023 1115 1055 1144; x_wconf 87' lang='grc'><strong>2.</strong></span> <span class='ocrx_word' id='word_1_441' title='bbox 1095 1111 1235 1153; x_wconf 78' lang='lat' dir='ltr'><em>legitur</em></span> <span class='ocrx_word' id='word_1_442' title='bbox 1272 1112 1547 1144; x_wconf 82' lang='lat' dir='ltr'><em>Aminnaeum</em></span> <span class='ocrx_word' id='word_1_443' title='bbox 1587 1113 1763 1144; x_wconf 77' lang='lat' dir='ltr'><em>minuscu-</em></span> 
     </span>
     <span class='ocr_line' id='line_1_79' title="bbox 1024 1156 1764 1189; baseline 0 -1"><span class='ocrx_word' id='word_1_444' title='bbox 1024 1158 1094 1188; x_wconf 87' lang='lat' dir='ltr'><em>lum</em></span> <span class='ocrx_word' id='word_1_445' title='bbox 1126 1162 1157 1189; x_wconf 87' lang='lat' dir='ltr'><em>et</em></span> <span class='ocrx_word' id='word_1_446' title='bbox 1188 1156 1429 1188; x_wconf 71' lang='lat' dir='ltr'><em>maius-culum.</em></span> <span class='ocrx_word' id='word_1_447' title='bbox 1476 1156 1693 1188; x_wconf 85' lang='lat' dir='ltr'><em>Harduinus</em></span> <span class='ocrx_word' id='word_1_448' title='bbox 1719 1157 1764 1189; x_wconf 83' lang='lat' dir='ltr'><em>ad</em></span> 
     </span>
     <span class='ocr_line' id='line_1_80' title="bbox 1024 1200 1764 1243; baseline -0.001 -9"><span class='ocrx_word' id='word_1_449' title='bbox 1024 1201 1121 1233; x_wconf 87' lang='lat' dir='ltr'><em>I’lin.</em></span> <span class='ocrx_word' id='word_1_450' title='bbox 1146 1202 1166 1232; x_wconf 96' lang='grc' dir='ltr'><em>Ι,</em></span> <span class='ocrx_word' id='word_1_451' title='bbox 1190 1212 1219 1232; x_wconf 78' lang='lat' dir='ltr'><em>o.</em></span> <span class='ocrx_word' id='word_1_452' title='bbox 1243 1212 1271 1232; x_wconf 93' lang='lat' dir='ltr'><em>s.</em></span> <span class='ocrx_word' id='word_1_453' title='bbox 1297 1202 1326 1232; x_wconf 85' lang='grc'><em>4.</em></span> <span class='ocrx_word' id='word_1_454' title='bbox 1349 1200 1478 1233; x_wconf 78' lang='lat' dir='ltr'><em>citavit</em></span> <span class='ocrx_word' id='word_1_455' title='bbox 1498 1201 1630 1233; x_wconf 80' lang='lat' dir='ltr'><em>Auson.</em></span> <span class='ocrx_word' id='word_1_456' title='bbox 1656 1201 1764 1243; x_wconf 81' lang='lat' dir='ltr'><em>epist.</em></span> 
     </span>
     <span class='ocr_line' id='line_1_81' title="bbox 1023 1244 1762 1286; baseline 0 -9"><span class='ocrx_word' id='word_1_457' title='bbox 1023 1248 1056 1277; x_wconf 86' lang='grc'><strong>2.</strong></span> <span class='ocrx_word' id='word_1_458' title='bbox 1084 1246 1127 1277; x_wconf 89' lang='lat' dir='ltr'><em>ad</em></span> <span class='ocrx_word' id='word_1_459' title='bbox 1155 1245 1280 1277; x_wconf 83' lang='lat' dir='ltr'><em>Ursnl.</em></span> <span class='ocrx_word' id='word_1_460' title='bbox 1312 1249 1347 1277; x_wconf 78' lang='lat' dir='ltr'><em>et</em></span> <span class='ocrx_word' id='word_1_461' title='bbox 1374 1245 1417 1286; x_wconf 87' lang='lat' dir='ltr'><em>Q.</em></span> <span class='ocrx_word' id='word_1_462' title='bbox 1444 1244 1621 1277; x_wconf 87' lang='lat' dir='ltr'><em>Serenum</em></span> <span class='ocrx_word' id='word_1_463' title='bbox 1649 1256 1678 1277; x_wconf 93' lang='lat' dir='ltr'><em>c.</em></span> <span class='ocrx_word' id='word_1_464' title='bbox 1704 1248 1762 1277; x_wconf 83' lang='lat'><em>38.</em></span> 
     </span>
     <span class='ocr_line' id='line_1_82' title="bbox 1026 1286 1764 1332; baseline 0.003 -12"><span class='ocrx_word' id='word_1_465' title='bbox 1026 1302 1059 1332; x_wconf 89' lang='lat' dir='ltr'><em>p.</em></span> <span class='ocrx_word' id='word_1_466' title='bbox 1088 1293 1152 1321; x_wconf 83' lang='lat'><em>150</em></span> <span class='ocrx_word' id='word_1_467' title='bbox 1195 1294 1231 1321; x_wconf 89' lang='lat' dir='ltr'><em>et</em></span> <span class='ocrx_word' id='word_1_468' title='bbox 1261 1289 1425 1331; x_wconf 71' lang='lat' dir='ltr'><em>Hesych.</em></span> <span class='ocrx_word' id='word_1_469' title='bbox 1459 1301 1486 1320; x_wconf 86' lang='lat' dir='ltr'><em>s.</em></span> <span class='ocrx_word' id='word_1_470' title='bbox 1516 1300 1549 1321; x_wconf 90' lang='lat' dir='ltr'><em>v.</em></span> <span class='ocrx_word' id='word_1_471' title='bbox 1578 1286 1764 1331; x_wconf 79' lang='grc' dir='ltr'><strong>Ἆμιναῖος.</strong></span> 
     </span>
     <span class='ocr_line' id='line_1_83' title="bbox 1025 1333 1764 1375; baseline -0.001 -10"><span class='ocrx_word' id='word_1_472' title='bbox 1025 1334 1104 1366; x_wconf 61' lang='lat' dir='ltr'><em>Vid.</em></span> <span class='ocrx_word' id='word_1_473' title='bbox 1134 1338 1206 1366; x_wconf 89' lang='lat' dir='ltr'><em>not.</em></span> <span class='ocrx_word' id='word_1_474' title='bbox 1235 1345 1310 1374; x_wconf 86' lang='lat' dir='ltr'><em>seq.</em></span> <span class='ocrx_word' id='word_1_475' title='bbox 1346 1338 1381 1365; x_wconf 86' lang='lat' dir='ltr'><em>et</em></span> <span class='ocrx_word' id='word_1_476' title='bbox 1412 1333 1491 1365; x_wconf 83' lang='lat' dir='ltr'>add.</span> <span class='ocrx_word' id='word_1_477' title='bbox 1526 1333 1666 1366; x_wconf 86' lang='lat' dir='ltr'><em>Colum.</em></span> <span class='ocrx_word' id='word_1_478' title='bbox 1697 1334 1764 1375; x_wconf 80' lang='lat'>111,</span> 
     </span>
     <span class='ocr_line' id='line_1_84' title="bbox 1023 1377 1766 1420; baseline 0 -10"><span class='ocrx_word' id='word_1_479' title='bbox 1023 1382 1056 1419; x_wconf 78' lang='grc'><em>2,</em></span> <span class='ocrx_word' id='word_1_480' title='bbox 1084 1383 1101 1410; x_wconf 81' lang='grc'>7</span> <span class='ocrx_word' id='word_1_481' title='bbox 1120 1390 1212 1420; x_wconf 49' lang='lat' dir='ltr'><em>sqq„</em></span> <span class='ocrx_word' id='word_1_482' title='bbox 1234 1378 1367 1409; x_wconf 79' lang='lat' dir='ltr'><em>Isidor.</em></span> <span class='ocrx_word' id='word_1_483' title='bbox 1385 1377 1490 1420; x_wconf 86' lang='lat' dir='ltr'><em>Orig.</em></span> <span class='ocrx_word' id='word_1_484' title='bbox 1515 1378 1645 1420; x_wconf 63' lang='lat' dir='ltr'><em>xx‘lll,</em></span> <span class='ocrx_word' id='word_1_485' title='bbox 1661 1380 1695 1418; x_wconf 89' lang='lat'><em>5,</em></span> <span class='ocrx_word' id='word_1_486' title='bbox 1710 1381 1766 1410; x_wconf 78' lang='lat'><em>18.</em></span> 
     </span>
    </p>

    <p class='ocr_par' dir='ltr' id='par_1_26' title="bbox 1020 1423 1772 2825">
     <span class='ocr_line' id='line_1_85' title="bbox 1070 1423 1766 1463; baseline -0.001 -8"><span class='ocrx_word' id='word_1_487' title='bbox 1070 1435 1151 1455; x_wconf 89' lang='lat' dir='ltr'><em>nam</em></span> <span class='ocrx_word' id='word_1_488' title='bbox 1191 1423 1328 1455; x_wconf 82' lang='lat' dir='ltr'><em>Aminei</em></span> <span class='ocrx_word' id='word_1_489' title='bbox 1359 1424 1528 1463; x_wconf 84' lang='lat' dir='ltr'><em>fuerunt,</em></span> <span class='ocrx_word' id='word_1_490' title='bbox 1578 1424 1637 1455; x_wconf 85' lang='lat' dir='ltr'><em>ubi</em></span> <span class='ocrx_word' id='word_1_491' title='bbox 1673 1434 1766 1455; x_wconf 83' lang='lat' dir='ltr'><em>nunc</em></span> 
     </span>
     <span class='ocr_line' id='line_1_86' title="bbox 1029 1466 1766 1509; baseline -0.001 -9"><span class='ocrx_word' id='word_1_492' title='bbox 1029 1469 1216 1500; x_wconf 83' lang='lat' dir='ltr'><em>Falernum</em></span> <span class='ocrx_word' id='word_1_493' title='bbox 1260 1466 1321 1509; x_wconf 82' lang='lat' dir='ltr'><em>est]</em></span> <span class='ocrx_word' id='word_1_494' title='bbox 1376 1467 1531 1509; x_wconf 84' lang='lat' dir='ltr'><em>Propter</em></span> <span class='ocrx_word' id='word_1_495' title='bbox 1581 1478 1624 1500; x_wconf 83' lang='lat' dir='ltr'><em>ea</em></span> <span class='ocrx_word' id='word_1_496' title='bbox 1671 1478 1766 1507; x_wconf 87' lang='lat' dir='ltr'><em>quae</em></span> 
     </span>
     <span class='ocr_line' id='line_1_87' title="bbox 1026 1510 1767 1554; baseline -0.001 -10"><span class='ocrx_word' id='word_1_497' title='bbox 1026 1512 1120 1554; x_wconf 84' lang='lat' dir='ltr'><em>apud</em></span> <span class='ocrx_word' id='word_1_498' title='bbox 1164 1510 1394 1553; x_wconf 74' lang='lat' dir='ltr'><em>Hesychium</em></span> <span class='ocrx_word' id='word_1_499' title='bbox 1436 1512 1632 1553; x_wconf 73' lang='lat' dir='ltr'><em>legunture</em></span> <span class='ocrx_word' id='word_1_500' title='bbox 1681 1510 1767 1552; x_wconf 85' lang='grc' dir='ltr'>Ἀμι-</span> 
     </span>
     <span class='ocr_line' id='line_1_88' title="bbox 1025 1551 1765 1598; baseline -0.003 -10"><span class='ocrx_word' id='word_1_501' title='bbox 1025 1558 1148 1598; x_wconf 64' lang='lat' dir='ltr'><em>vatos,</em></span> <span class='ocrx_word' id='word_1_502' title='bbox 1192 1551 1235 1587; x_wconf 81' lang='grc' dir='ltr'><em>δι’</em></span> <span class='ocrx_word' id='word_1_503' title='bbox 1273 1552 1353 1592; x_wconf 74' lang='grc' dir='ltr'><strong>ἑνὸς</strong></span> <span class='ocrx_word' id='word_1_504' title='bbox 1391 1566 1432 1594; x_wconf 79' lang='grc' dir='ltr'><em>ν,</em></span> <span class='ocrx_word' id='word_1_505' title='bbox 1474 1552 1589 1593; x_wconf 80' lang='grc' dir='ltr'><strong><em>οἶνος·</em></strong></span> <span class='ocrx_word' id='word_1_506' title='bbox 1634 1551 1657 1597; x_wconf 81' lang='grc' dir='ltr'><strong><em>ή</em></strong></span> <span class='ocrx_word' id='word_1_507' title='bbox 1696 1552 1765 1597; x_wconf 79' lang='grc' dir='ltr'><em>γὰρ</em></span> 
     </span>
     <span class='ocr_line' id='line_1_89' title="bbox 1033 1596 1768 1641; baseline -0.003 -9"><span class='ocrx_word' id='word_1_508' title='bbox 1033 1599 1259 1632; x_wconf 70' lang='grc' dir='ltr'><strong><em>Πευκετία</em></strong></span> <span class='ocrx_word' id='word_1_509' title='bbox 1296 1596 1495 1641; x_wconf 80' lang='grc' dir='ltr'><em>Ἀμιναῖα</em></span> <span class='ocrx_word' id='word_1_510' title='bbox 1533 1597 1688 1641; x_wconf 73' lang='grc' dir='ltr'><em>λέγεται,</em></span> <span class='ocrx_word' id='word_1_511' title='bbox 1732 1604 1768 1630; x_wconf 82' lang='lat' dir='ltr'><em>et</em></span> 
     </span>
     <span class='ocr_line' id='line_1_90' title="bbox 1028 1643 1767 1686; baseline 0 -11"><span class='ocrx_word' id='word_1_512' title='bbox 1028 1645 1122 1686; x_wconf 82' lang='lat' dir='ltr'><em>apud</em></span> <span class='ocrx_word' id='word_1_513' title='bbox 1153 1644 1315 1676; x_wconf 88' lang='lat' dir='ltr'><em>Plinium</em></span> <span class='ocrx_word' id='word_1_514' title='bbox 1349 1643 1421 1682; x_wconf 85' lang='lat' dir='ltr'><em>III,</em></span> <span class='ocrx_word' id='word_1_515' title='bbox 1458 1646 1508 1675; x_wconf 88' lang='lat'><em>11.</em></span> <span class='ocrx_word' id='word_1_516' title='bbox 1532 1654 1558 1675; x_wconf 89' lang='lat' dir='ltr'><em>s.</em></span> <span class='ocrx_word' id='word_1_517' title='bbox 1587 1646 1638 1676; x_wconf 81' lang='lat'><em>16.</em></span> <span class='ocrx_word' id='word_1_518' title='bbox 1671 1644 1687 1686; x_wconf 87' lang='lat'><strong>§</strong></span> <span class='ocrx_word' id='word_1_519' title='bbox 1713 1645 1767 1676; x_wconf 89' lang='lat'><em>99.</em></span> 
     </span>
     <span class='ocr_line' id='line_1_91' title="bbox 1033 1688 1766 1731; baseline -0.001 -10"><span class='ocrx_word' id='word_1_520' title='bbox 1033 1690 1159 1721; x_wconf 85' lang='lat' dir='ltr'><em>Graeci</em></span> <span class='ocrx_word' id='word_1_521' title='bbox 1196 1689 1408 1731; x_wconf 81' lang='lat' dir='ltr'><em>Messapiam</em></span> <span class='ocrx_word' id='word_1_522' title='bbox 1437 1700 1458 1719; x_wconf 90' lang='lat' dir='ltr'><em>a</em></span> <span class='ocrx_word' id='word_1_523' title='bbox 1489 1689 1574 1720; x_wconf 83' lang='lat' dir='ltr'><em>duce</em></span> <span class='ocrx_word' id='word_1_524' title='bbox 1604 1688 1766 1731; x_wconf 83' lang='lat' dir='ltr'><em>appella-</em></span> 
     </span>
     <span class='ocr_line' id='line_1_92' title="bbox 1028 1732 1769 1774; baseline -0.001 -9"><span class='ocrx_word' id='word_1_525' title='bbox 1028 1745 1125 1774; x_wconf 76' lang='lat' dir='ltr'><em>vere,</em></span> <span class='ocrx_word' id='word_1_526' title='bbox 1158 1738 1189 1766; x_wconf 85' lang='lat' dir='ltr'><em>et</em></span> <span class='ocrx_word' id='word_1_527' title='bbox 1215 1738 1297 1765; x_wconf 87' lang='lat' dir='ltr'><em>ante</em></span> <span class='ocrx_word' id='word_1_528' title='bbox 1328 1733 1532 1765; x_wconf 76' lang='lat' dir='ltr'><em>Peucetio</em></span> <span class='ocrx_word' id='word_1_529' title='bbox 1556 1744 1578 1764; x_wconf 86' lang='lat' dir='ltr'><em>a</em></span> <span class='ocrx_word' id='word_1_530' title='bbox 1610 1732 1769 1765; x_wconf 80' lang='lat' dir='ltr'><em>Peucetio</em></span> 
     </span>
     <span class='ocr_line' id='line_1_93' title="bbox 1034 1777 1768 1820; baseline -0.003 -10"><span class='ocrx_word' id='word_1_531' title='bbox 1034 1779 1176 1810; x_wconf 79' lang='lat' dir='ltr'><em>Oenotri</em></span> <span class='ocrx_word' id='word_1_532' title='bbox 1191 1780 1311 1818; x_wconf 85' lang='lat' dir='ltr'><em>fratre</em></span> <span class='ocrx_word' id='word_1_533' title='bbox 1333 1777 1373 1809; x_wconf 89' lang='lat' dir='ltr'><em>in</em></span> <span class='ocrx_word' id='word_1_534' title='bbox 1395 1777 1622 1810; x_wconf 77' lang='lat' dir='ltr'><em>Salentino</em></span> <span class='ocrx_word' id='word_1_535' title='bbox 1646 1787 1768 1820; x_wconf 84' lang='lat' dir='ltr'><em>agro,</em></span> 
     </span>
     <span class='ocr_line' id='line_1_94' title="bbox 1031 1821 1768 1854; baseline -0.001 0"><span class='ocrx_word' id='word_1_536' title='bbox 1031 1822 1245 1854; x_wconf 84' lang='lat' dir='ltr'><em>llardninus</em></span> <span class='ocrx_word' id='word_1_537' title='bbox 1281 1822 1302 1853; x_wconf 91' lang='grc' dir='ltr'><strong>Ι.</strong></span> <span class='ocrx_word' id='word_1_538' title='bbox 1341 1832 1370 1853; x_wconf 91' lang='lat' dir='ltr'><em>c.</em></span> <span class='ocrx_word' id='word_1_539' title='bbox 1412 1826 1536 1854; x_wconf 76' lang='lat' dir='ltr'><em>censet</em></span> <span class='ocrx_word' id='word_1_540' title='bbox 1578 1821 1648 1853; x_wconf 89' lang='lat' dir='ltr'><em>hoc</em></span> <span class='ocrx_word' id='word_1_541' title='bbox 1688 1823 1768 1853; x_wconf 87' lang='lat' dir='ltr'><em>loco</em></span> 
     </span>
     <span class='ocr_line' id='line_1_95' title="bbox 1029 1866 1768 1909; baseline 0 -11"><span class='ocrx_word' id='word_1_542' title='bbox 1029 1878 1111 1899; x_wconf 84' lang='lat' dir='ltr'><em>esse</em></span> <span class='ocrx_word' id='word_1_543' title='bbox 1146 1866 1367 1909; x_wconf 82' lang='lat' dir='ltr'><em>legendum:</em></span> <span class='ocrx_word' id='word_1_544' title='bbox 1408 1866 1466 1898; x_wconf 82' lang='lat' dir='ltr'><em>ubi</em></span> <span class='ocrx_word' id='word_1_545' title='bbox 1497 1877 1587 1898; x_wconf 85' lang='lat' dir='ltr'><em>nunc</em></span> <span class='ocrx_word' id='word_1_546' title='bbox 1616 1866 1768 1898; x_wconf 80' lang='lat' dir='ltr'><em>Salen-</em></span> 
     </span>
     <span class='ocr_line' id='line_1_96' title="bbox 1028 1909 1768 1949; baseline -0.004 -5"><span class='ocrx_word' id='word_1_547' title='bbox 1028 1917 1113 1944; x_wconf 83' lang='lat' dir='ltr'><em>tum</em></span> <span class='ocrx_word' id='word_1_548' title='bbox 1135 1917 1196 1944; x_wconf 85' lang='lat' dir='ltr'><em>est.</em></span> <span class='ocrx_word' id='word_1_549' title='bbox 1243 1912 1287 1943; x_wconf 83' lang='lat' dir='ltr'><em>At</em></span> <span class='ocrx_word' id='word_1_550' title='bbox 1314 1909 1465 1942; x_wconf 88' lang='lat' dir='ltr'><em>minime</em></span> <span class='ocrx_word' id='word_1_551' title='bbox 1489 1914 1590 1942; x_wconf 81' lang='lat' dir='ltr'><em>certa</em></span> <span class='ocrx_word' id='word_1_552' title='bbox 1615 1921 1674 1942; x_wconf 86' lang='lat' dir='ltr'><em>res</em></span> <span class='ocrx_word' id='word_1_553' title='bbox 1699 1913 1768 1949; x_wconf 83' lang='lat' dir='ltr'><em>est,</em></span> 
     </span>
     <span class='ocr_line' id='line_1_97' title="bbox 1028 1953 1771 1998; baseline -0.001 -11"><span class='ocrx_word' id='word_1_554' title='bbox 1028 1967 1138 1998; x_wconf 88' lang='lat' dir='ltr'><em>quum</em></span> <span class='ocrx_word' id='word_1_555' title='bbox 1169 1955 1380 1987; x_wconf 80' lang='lat' dir='ltr'><em>Macrobius</em></span> <span class='ocrx_word' id='word_1_556' title='bbox 1410 1966 1480 1987; x_wconf 87' lang='lat' dir='ltr'><em>non</em></span> <span class='ocrx_word' id='word_1_557' title='bbox 1509 1953 1771 1987; x_wconf 81' lang='lat' dir='ltr'><em>memoraverit</em></span> 
     </span>
     <span class='ocr_line' id='line_1_98' title="bbox 1028 1999 1768 2039; baseline -0.001 -8"><span class='ocrx_word' id='word_1_558' title='bbox 1028 1999 1266 2039; x_wconf 78' lang='lat' dir='ltr'><em>Peucetiam,</em></span> <span class='ocrx_word' id='word_1_559' title='bbox 1325 2003 1360 2031; x_wconf 85' lang='lat' dir='ltr'><em>et</em></span> <span class='ocrx_word' id='word_1_560' title='bbox 1410 1999 1573 2031; x_wconf 83' lang='lat' dir='ltr'><em>Galenus</em></span> <span class='ocrx_word' id='word_1_561' title='bbox 1628 2001 1768 2038; x_wconf 78' lang='lat' dir='ltr'><em>contra,</em></span> 
     </span>
     <span class='ocr_line' id='line_1_99' title="bbox 1029 2042 1769 2087; baseline -0.003 -11"><span class='ocrx_word' id='word_1_562' title='bbox 1029 2056 1134 2087; x_wconf 88' lang='lat' dir='ltr'><em>quem</em></span> <span class='ocrx_word' id='word_1_563' title='bbox 1164 2043 1296 2076; x_wconf 80' lang='lat' dir='ltr'><em>citavit</em></span> <span class='ocrx_word' id='word_1_564' title='bbox 1319 2043 1489 2086; x_wconf 78' lang='lat' dir='ltr'><em>Heynius</em></span> <span class='ocrx_word' id='word_1_565' title='bbox 1513 2043 1558 2075; x_wconf 81' lang='lat' dir='ltr'><em>ad</em></span> <span class='ocrx_word' id='word_1_566' title='bbox 1585 2042 1718 2084; x_wconf 73' lang='lat' dir='ltr'><em>virgil.</em></span> <span class='ocrx_word' id='word_1_567' title='bbox 1744 2042 1769 2074; x_wconf 92' lang='grc' dir='ltr'><strong>Ι.</strong></span> 
     </span>
     <span class='ocr_line' id='line_1_100' title="bbox 1030 2086 1768 2127; baseline -0.003 -7"><span class='ocrx_word' id='word_1_568' title='bbox 1030 2100 1078 2127; x_wconf 70' lang='grc'><strong>9.,</strong></span> <span class='ocrx_word' id='word_1_569' title='bbox 1122 2088 1237 2119; x_wconf 81' lang='lat' dir='ltr'><em>Meth.</em></span> <span class='ocrx_word' id='word_1_570' title='bbox 1278 2088 1373 2118; x_wconf 84' lang='lat' dir='ltr'><em>med.</em></span> <span class='ocrx_word' id='word_1_571' title='bbox 1415 2087 1504 2126; x_wconf 82' lang='lat' dir='ltr'><em>XII,</em></span> <span class='ocrx_word' id='word_1_572' title='bbox 1538 2088 1572 2118; x_wconf 88' lang='lat'><em>4.</em></span> <span class='ocrx_word' id='word_1_573' title='bbox 1612 2086 1768 2118; x_wconf 82' lang='lat' dir='ltr'><em>dixerit:</em></span> 
     </span>
     <span class='ocr_line' id='line_1_101' title="bbox 1020 2127 1770 2172; baseline -0.001 -9"><span class='ocrx_word' id='word_1_574' title='bbox 1020 2128 1103 2164; x_wconf 79' lang='grc' dir='ltr'><em>’Ὅτε</em></span> <span class='ocrx_word' id='word_1_575' title='bbox 1146 2130 1373 2172; x_wconf 72' lang='grc' dir='ltr'><em>Νεαπολίτης</em></span> <span class='ocrx_word' id='word_1_576' title='bbox 1409 2127 1428 2162; x_wconf 82' lang='grc' dir='ltr'>ὁ</span> <span class='ocrx_word' id='word_1_577' title='bbox 1467 2128 1687 2172; x_wconf 83' lang='grc' dir='ltr'><em>Ἀμιναῖος</em></span> <span class='ocrx_word' id='word_1_578' title='bbox 1726 2127 1770 2162; x_wconf 81' lang='grc' dir='ltr'><em>ἐν</em></span> 
     </span>
     <span class='ocr_line' id='line_1_102' title="bbox 1026 2171 1771 2223; baseline -0.001 -16"><span class='ocrx_word' id='word_1_579' title='bbox 1026 2178 1125 2213; x_wconf 84' lang='grc' dir='ltr'><strong><em>τοῖς</em></strong></span> <span class='ocrx_word' id='word_1_580' title='bbox 1167 2174 1269 2217; x_wconf 71' lang='grc' dir='ltr'><em>περὶ</em></span> <span class='ocrx_word' id='word_1_581' title='bbox 1314 2171 1545 2206; x_wconf 73' lang='grc' dir='ltr'><em>Νεοὲπολιν</em></span> <span class='ocrx_word' id='word_1_582' title='bbox 1588 2173 1771 2223; x_wconf 48' lang='grc' dir='ltr'><em>χωρίοξς</em></span> 
     </span>
     <span class='ocr_line' id='line_1_103' title="bbox 1026 2214 1769 2261; baseline -0.003 -9"><span class='ocrx_word' id='word_1_583' title='bbox 1026 2216 1225 2261; x_wconf 67' lang='grc' dir='ltr'><em>γενόμενος,</em></span> <span class='ocrx_word' id='word_1_584' title='bbox 1250 2214 1340 2251; x_wconf 71' lang='grc' dir='ltr'><em>ὥστε</em></span> <span class='ocrx_word' id='word_1_585' title='bbox 1362 2217 1423 2250; x_wconf 80' lang='grc' dir='ltr'><em>καὶ</em></span> <span class='ocrx_word' id='word_1_586' title='bbox 1449 2214 1686 2259; x_wconf 71' lang='grc' dir='ltr'><em>ὀνομάζουσιν</em></span> <span class='ocrx_word' id='word_1_587' title='bbox 1708 2214 1769 2250; x_wconf 83' lang='grc' dir='ltr'><em>ου’-</em></span> 
     </span>
     <span class='ocr_line' id='line_1_104' title="bbox 1025 2259 1770 2305; baseline 0 -10"><span class='ocrx_word' id='word_1_588' title='bbox 1025 2275 1096 2302; x_wconf 82' lang='grc' dir='ltr'><em>τως</em></span> <span class='ocrx_word' id='word_1_589' title='bbox 1115 2259 1241 2304; x_wconf 75' lang='grc' dir='ltr'><em>αὐτόν,</em></span> <span class='ocrx_word' id='word_1_590' title='bbox 1272 2268 1307 2295; x_wconf 85' lang='lat' dir='ltr'><em>et</em></span> <span class='ocrx_word' id='word_1_591' title='bbox 1330 2263 1579 2305; x_wconf 81' lang='lat' dir='ltr'><em>Philargyrus</em></span> <span class='ocrx_word' id='word_1_592' title='bbox 1601 2262 1646 2294; x_wconf 83' lang='lat' dir='ltr'><em>ad</em></span> <span class='ocrx_word' id='word_1_593' title='bbox 1670 2262 1770 2304; x_wconf 72' lang='lat' dir='ltr'><em>Virg.</em></span> 
     </span>
     <span class='ocr_line' id='line_1_105' title="bbox 1028 2307 1770 2348; baseline 0 -9"><span class='ocrx_word' id='word_1_594' title='bbox 1028 2308 1050 2339; x_wconf 92' lang='grc' dir='ltr'><strong>Ι.</strong></span> <span class='ocrx_word' id='word_1_595' title='bbox 1080 2320 1130 2340; x_wconf 88' lang='lat' dir='ltr'><em>c.:</em></span> <span class='ocrx_word' id='word_1_596' title='bbox 1160 2308 1378 2347; x_wconf 81' lang='lat' dir='ltr'><em>Amineos,</em></span> <span class='ocrx_word' id='word_1_597' title='bbox 1408 2307 1544 2348; x_wconf 78' lang='lat' dir='ltr'><em>inquit,</em></span> <span class='ocrx_word' id='word_1_598' title='bbox 1566 2307 1770 2340; x_wconf 83' lang='lat' dir='ltr'><em>Aristoteles</em></span> 
     </span>
     <span class='ocr_line' id='line_1_106' title="bbox 1026 2351 1772 2395; baseline -0.001 -11"><span class='ocrx_word' id='word_1_599' title='bbox 1026 2353 1061 2384; x_wconf 87' lang='grc' dir='ltr'><em>ἰιι</em></span> <span class='ocrx_word' id='word_1_600' title='bbox 1102 2352 1255 2395; x_wconf 76' lang='lat' dir='ltr'><em>politicis</em></span> <span class='ocrx_word' id='word_1_601' title='bbox 1295 2353 1356 2384; x_wconf 84' lang='lat' dir='ltr'><em>hoc</em></span> <span class='ocrx_word' id='word_1_602' title='bbox 1396 2352 1534 2391; x_wconf 79' lang='lat' dir='ltr'><em>scribit,</em></span> <span class='ocrx_word' id='word_1_603' title='bbox 1588 2351 1772 2384; x_wconf 76' lang='lat' dir='ltr'><em>Thessalos</em></span> 
     </span>
     <span class='ocr_line' id='line_1_107' title="bbox 1021 2396 1770 2440; baseline -0.001 -12"><span class='ocrx_word' id='word_1_604' title='bbox 1021 2398 1136 2437; x_wconf 80' lang='lat' dir='ltr'><em>juisse</em></span> <span class='ocrx_word' id='word_1_605' title='bbox 1160 2397 1218 2439; x_wconf 77' lang='lat' dir='ltr'><em>qui</em></span> <span class='ocrx_word' id='word_1_606' title='bbox 1244 2407 1329 2428; x_wconf 79' lang='lat' dir='ltr'><em>suae</em></span> <span class='ocrx_word' id='word_1_607' title='bbox 1350 2396 1507 2440; x_wconf 83' lang='lat' dir='ltr'><em>regionis</em></span> <span class='ocrx_word' id='word_1_608' title='bbox 1528 2396 1615 2428; x_wconf 89' lang='lat' dir='ltr'><em>vites</em></span> <span class='ocrx_word' id='word_1_609' title='bbox 1638 2396 1674 2427; x_wconf 86' lang='lat' dir='ltr'><em>in</em></span> <span class='ocrx_word' id='word_1_610' title='bbox 1696 2396 1770 2428; x_wconf 87' lang='lat' dir='ltr'><em>Ita-</em></span> 
     </span>
     <span class='ocr_line' id='line_1_108' title="bbox 1026 2440 1772 2482; baseline -0.003 -9"><span class='ocrx_word' id='word_1_611' title='bbox 1026 2442 1112 2473; x_wconf 86' lang='lat' dir='ltr'><em>liam</em></span> <span class='ocrx_word' id='word_1_612' title='bbox 1147 2441 1410 2480; x_wconf 80' lang='lat' dir='ltr'><em>transtulerint,</em></span> <span class='ocrx_word' id='word_1_613' title='bbox 1450 2446 1554 2482; x_wconf 82' lang='lat' dir='ltr'><em>atque</em></span> <span class='ocrx_word' id='word_1_614' title='bbox 1589 2440 1661 2472; x_wconf 88' lang='lat' dir='ltr'><em>illis</em></span> <span class='ocrx_word' id='word_1_615' title='bbox 1691 2440 1772 2471; x_wconf 81' lang='lat' dir='ltr'><em>inde</em></span> 
     </span>
     <span class='ocr_line' id='line_1_109' title="bbox 1025 2482 1768 2528; baseline -0.004 -11"><span class='ocrx_word' id='word_1_616' title='bbox 1025 2496 1150 2517; x_wconf 78' lang='lat' dir='ltr'><em>nomen</em></span> <span class='ocrx_word' id='word_1_617' title='bbox 1198 2485 1419 2528; x_wconf 82' lang='lat' dir='ltr'><em>impositum,</em></span> <span class='ocrx_word' id='word_1_618' title='bbox 1480 2484 1526 2515; x_wconf 73' lang='lat' dir='ltr'><em>cf.</em></span> <span class='ocrx_word' id='word_1_619' title='bbox 1575 2482 1768 2525; x_wconf 81' lang='lat' dir='ltr'><em>Forbiger.</em></span> 
     </span>
     <span class='ocr_line' id='line_1_110' title="bbox 1026 2527 1771 2571; baseline -0.004 -10"><span class='ocrx_word' id='word_1_620' title='bbox 1026 2529 1175 2561; x_wconf 86' lang='lat' dir='ltr'><em>Handb.</em></span> <span class='ocrx_word' id='word_1_621' title='bbox 1202 2530 1234 2561; x_wconf 89' lang='lat' dir='ltr'><em>d.</em></span> <span class='ocrx_word' id='word_1_622' title='bbox 1258 2539 1287 2561; x_wconf 89' lang='lat' dir='ltr'><em>a.</em></span> <span class='ocrx_word' id='word_1_623' title='bbox 1310 2529 1449 2571; x_wconf 83' lang='lat' dir='ltr'><em>Geogr.</em></span> <span class='ocrx_word' id='word_1_624' title='bbox 1473 2528 1544 2559; x_wconf 91' lang='lat' dir='ltr'><em>vol.</em></span> <span class='ocrx_word' id='word_1_625' title='bbox 1561 2527 1675 2569; x_wconf 87' lang='lat' dir='ltr'>111.p.</span> <span class='ocrx_word' id='word_1_626' title='bbox 1692 2530 1771 2559; x_wconf 85' lang='lat'>530.</span> 
     </span>
     <span class='ocr_line' id='line_1_111' title="bbox 1027 2573 1771 2615; baseline -0.004 -10"><span class='ocrx_word' id='word_1_627' title='bbox 1027 2573 1079 2606; x_wconf 67' lang='lat' dir='ltr'><em>Ne</em></span> <span class='ocrx_word' id='word_1_628' title='bbox 1113 2573 1198 2615; x_wconf 88' lang='lat' dir='ltr'><em>quis</em></span> <span class='ocrx_word' id='word_1_629' title='bbox 1226 2573 1327 2605; x_wconf 86' lang='lat' dir='ltr'><em>dicat</em></span> <span class='ocrx_word' id='word_1_630' title='bbox 1360 2574 1547 2605; x_wconf 85' lang='lat' dir='ltr'><em>Falernum</em></span> <span class='ocrx_word' id='word_1_631' title='bbox 1580 2582 1650 2603; x_wconf 92' lang='lat' dir='ltr'><em>non</em></span> <span class='ocrx_word' id='word_1_632' title='bbox 1688 2582 1771 2603; x_wconf 86' lang='lat' dir='ltr'><em>esse</em></span> 
     </span>
     <span class='ocr_line' id='line_1_112' title="bbox 1028 2614 1770 2660; baseline -0.004 -11"><span class='ocrx_word' id='word_1_633' title='bbox 1028 2618 1154 2660; x_wconf 85' lang='lat' dir='ltr'><em>oppidi</em></span> <span class='ocrx_word' id='word_1_634' title='bbox 1184 2628 1329 2656; x_wconf 87' lang='lat' dir='ltr'><em>nomen,</em></span> <span class='ocrx_word' id='word_1_635' title='bbox 1359 2628 1403 2648; x_wconf 85' lang='lat' dir='ltr'><em>ne</em></span> <span class='ocrx_word' id='word_1_636' title='bbox 1421 2617 1602 2648; x_wconf 77' lang='lat' dir='ltr'><em>salemum</em></span> <span class='ocrx_word' id='word_1_637' title='bbox 1624 2614 1770 2657; x_wconf 85' lang='lat' dir='ltr'><em>quidem</em></span> 
     </span>
     <span class='ocr_line' id='line_1_113' title="bbox 1027 2660 1771 2703; baseline -0.003 -10"><span class='ocrx_word' id='word_1_638' title='bbox 1027 2667 1084 2694; x_wconf 81' lang='lat' dir='ltr'><em>est</em></span> <span class='ocrx_word' id='word_1_639' title='bbox 1110 2661 1310 2703; x_wconf 88' lang='lat' dir='ltr'><em>oppidum,</em></span> <span class='ocrx_word' id='word_1_640' title='bbox 1337 2671 1418 2692; x_wconf 83' lang='lat' dir='ltr'><em>nam</em></span> <span class='ocrx_word' id='word_1_641' title='bbox 1446 2664 1485 2691; x_wconf 83' lang='lat' dir='ltr'><em>nt</em></span> <span class='ocrx_word' id='word_1_642' title='bbox 1513 2660 1686 2692; x_wconf 84' lang='lat' dir='ltr'><em>Falernus</em></span> <span class='ocrx_word' id='word_1_643' title='bbox 1716 2660 1771 2691; x_wconf 87' lang='lat' dir='ltr'><em>sic</em></span> 
     </span>
     <span class='ocr_line' id='line_1_114' title="bbox 1030 2703 1770 2747; baseline -0.003 -9"><span class='ocrx_word' id='word_1_644' title='bbox 1030 2707 1239 2738; x_wconf 81' lang='lat' dir='ltr'><em>Salentinus</em></span> <span class='ocrx_word' id='word_1_645' title='bbox 1287 2715 1374 2747; x_wconf 82' lang='lat' dir='ltr'><em>ager</em></span> <span class='ocrx_word' id='word_1_646' title='bbox 1418 2704 1512 2735; x_wconf 81' lang='lat' dir='ltr'><em>solet</em></span> <span class='ocrx_word' id='word_1_647' title='bbox 1552 2703 1637 2735; x_wconf 90' lang='lat' dir='ltr'><em>dici.</em></span> <span class='ocrx_word' id='word_1_648' title='bbox 1697 2703 1770 2736; x_wconf 78' lang='lat' dir='ltr'><em>Sed</em></span> 
     </span>
     <span class='ocr_line' id='line_1_115' title="bbox 1026 2747 1771 2791; baseline -0.001 -10"><span class='ocrx_word' id='word_1_649' title='bbox 1026 2751 1191 2782; x_wconf 78' lang='lat' dir='ltr'><em>fortasse</em></span> <span class='ocrx_word' id='word_1_650' title='bbox 1232 2748 1516 2791; x_wconf 80' lang='lat' dir='ltr'><em>intelligendum</em></span> <span class='ocrx_word' id='word_1_651' title='bbox 1552 2752 1609 2780; x_wconf 81' lang='lat' dir='ltr'><em>est</em></span> <span class='ocrx_word' id='word_1_652' title='bbox 1640 2747 1771 2781; x_wconf 82' lang='lat' dir='ltr'><em>Faler-</em></span> 
     </span>
     <span class='ocr_line' id='line_1_116' title="bbox 1025 2793 1279 2825; baseline -0.008 0"><span class='ocrx_word' id='word_1_653' title='bbox 1025 2805 1110 2825; x_wconf 91' lang='lat' dir='ltr'><em>num</em></span> <span class='ocrx_word' id='word_1_654' title='bbox 1140 2793 1279 2825; x_wconf 88' lang='lat' dir='ltr'><em>vinum.</em></span> 
     </span>
    </p>
   </div>
   <div class='ocr_carea' id='block_1_15' title="bbox 1026 2835 1770 2922">
    <p class='ocr_par' dir='ltr' id='par_1_27' title="bbox 1026 2835 1770 2922">
     <span class='ocr_line' id='line_1_117' title="bbox 1068 2835 1770 2879; baseline 0 -11"><span class='ocrx_word' id='word_1_655' title='bbox 1068 2837 1253 2879; x_wconf 85' lang='lat' dir='ltr'><em>asinusca]</em></span> <span class='ocrx_word' id='word_1_656' title='bbox 1302 2836 1531 2869; x_wconf 71' lang='lat' dir='ltr'><em>Menum-atur</em></span> <span class='ocrx_word' id='word_1_657' title='bbox 1576 2846 1597 2868; x_wconf 87' lang='lat' dir='ltr'><em>a</em></span> <span class='ocrx_word' id='word_1_658' title='bbox 1647 2835 1770 2869; x_wconf 87' lang='lat' dir='ltr'><em>Plinio</em></span> 
     </span>
     <span class='ocr_line' id='line_1_118' title="bbox 1026 2879 1412 2922; baseline -0.003 -9"><span class='ocrx_word' id='word_1_659' title='bbox 1026 2881 1118 2922; x_wconf 78' lang='lat' dir='ltr'>xlv,</span> <span class='ocrx_word' id='word_1_660' title='bbox 1144 2883 1181 2913; x_wconf 82' lang='lat'><em>3.</em></span> <span class='ocrx_word' id='word_1_661' title='bbox 1208 2893 1234 2914; x_wconf 81' lang='lat' dir='ltr'><em>s.</em></span> <span class='ocrx_word' id='word_1_662' title='bbox 1259 2882 1289 2913; x_wconf 87' lang='lat'><em>4.</em></span> <span class='ocrx_word' id='word_1_663' title='bbox 1316 2879 1333 2920; x_wconf 62' lang='grc' dir='ltr'><strong>ς</strong></span> <span class='ocrx_word' id='word_1_664' title='bbox 1358 2881 1412 2912; x_wconf 81' lang='lat'><em>42.</em></span> 
     </span>
    </p>
   </div>
  </div>
 </body>
</html>
