1843 3163
302 32 773 77 SATURNALIORUM
816 31 916 76 LIB.
950 33 996 76 V.
1038 33 1156 77 CAP.
1191 35 1285 77 XX.
1319 36 1432 79 XXI.
1549 38 1632 81 479

87 147 186 188 adeo
219 146 322 200 agris
347 145 569 186 neccssaria
598 151 702 195 sunt,
729 150 775 186 ut
803 146 888 187 sinc
914 145 975 186 his
1002 159 1073 187 ncc
1103 146 1156 187 illi
1185 152 1326 189 natura
1358 147 1632 191 fecundissimi

85 203 236 257 Mysiae
265 202 345 254 agri
381 202 609 255 responsuri
643 202 720 242 sint
751 202 929 256 opinioni
957 201 1168 244 fertilitatis
1201 217 1304 258 quac
1338 204 1387 246 dc
1417 205 1477 246 his
1509 205 1629 246 habe-

83 266 160 300 tur.
220 254 345 299 Addit
371 258 523 312 Mysiae
558 258 791 299 nominatim
828 259 1020 310 Gargara,
1060 260 1168 313 quod
1204 274 1247 301 ca
1292 262 1387 301 urhs
1426 262 1554 316 posita
1590 263 1697 304 inl5

84 315 172 356 imis
202 315 401 355 radicibus
433 315 525 354 ldae
558 315 703 355 montis
738 315 1004 355 dellucutihus
1039 315 1129 355 inde
1160 315 1396 358 humoribus
1426 319 1630 371 infigetur,

83 371 290 425 possitque
333 371 455 411 videri
509 371 735 411 solstitiales
783 371 928 411 imhros
975 385 1054 410 non
1103 385 1341 426 magnopore
1389 375 1626 416 desiderare.

82 428 170 468 lloc
206 428 243 468 iu
283 428 368 468 loco
403 427 450 467 ad
488 427 603 467 lidcm
637 427 769 467 sensui
810 426 1025 466 faciendam
1065 427 1172 480 quod
1208 429 1401 478 uliginosa
1440 432 1517 471 sint
1546 446 1625 472 non
1647 432 1695 471 lli

81 484 164 524 sola
190 484 364 535 Gargara
396 497 467 537 pro
499 483 637 523 iiciiiia
667 482 826 532 montis,
854 482 921 523 sed
952 487 992 523 ct
1020 483 1226 525 universae
1249 485 1402 539 Mysiae
1426 501 1530 537 arva,
1558 489 1626 530 ad-

84 540 210 581 hiberi
242 545 375 594 potcst
403 538 513 580 testis
545 538 784 592 Aeschylus:

277 593 342 636 Ἰὠ
373 593 507 635 Κάϊκε
539 592 712 635 Μύσιαί
740 591 773 634 τ’
802 590 1013 647 ἐπιρῤοαέ.

81 652 191 702 Quid
230 652 279 692 de
314 651 476 692 Graccis
509 649 547 689 in
586 651 662 691 hoc
700 650 788 690 loco
829 649 992 691 traxerit
1023 649 1208 691 diximus,
1268 651 1476 693 Addcmus
1513 656 1691 709 prae-17

79 715 185 749 terea
217 707 293 748 hoc
322 706 578 747 iocunditatis
612 706 760 759 gratia,
789 711 828 747 ct
856 712 901 746 ut
928 706 1079 760 liqueat
1107 706 1317 759 Yirgilium
1346 715 1521 752 vestrum
1550 726 1624 754 un-

77 765 198 818 dique
232 768 410 805 veterum
442 762 517 803 sihi
551 768 784 803 ornamenta
813 762 990 811 traxisse,
1019 763 1127 804 unde
1158 763 1235 804 hoc
1264 764 1423 807 dixerit:

278 820 455 860 Jliberno
484 819 693 859 laetissima
722 820 884 873 pulvere
910 822 1038 873 farra.

76 877 124 916 In
152 875 252 915 libro
278 874 382 915 enim
415 874 777 916 vetustissimorum
801 875 1041 924 carminum,
1082 874 1150 928 qui
1181 880 1273 915 ante
1304 877 1437 918 omnia
1467 892 1570 933 quac
1601 893 1622 921 a
1642 880 1691 921 18

78 932 229 972 Latinis
261 931 405 985 scripta
438 936 532 972 sunt
561 931 794 986 conpositus
823 932 1038 981 serebatur,
1082 931 1283 972 invenitur
1312 932 1388 974 hoc
1425 936 1621 978 rusticum

78 994 190 1030 votus
218 988 441 1028 canticum:

276 1045 451 1084 Hiberna
469 1042 631 1096 pulvere
655 1057 773 1083 verno
798 1044 877 1083 luto
899 1044 1074 1097 qrandia
1096 1044 1225 1097 sarra,
1252 1044 1411 1093 camille,
1442 1054 1565 1087 meles.

187 1099 301 1139 XXI.
337 1099 509 1141 Nomina
540 1098 777 1151 poculorum
809 1099 995 1151 Virgilius
1028 1099 1264 1153 plerumque
1291 1098 1443 1142 Graeca
1470 1103 1686 1157 ponit‚11431

77 1161 121 1195 ut
158 1156 376 1204 carchesia,
414 1161 460 1196 ut
495 1155 664 1209 cymbia,
701 1160 747 1195 ut
775 1156 1001 1204 cantharas,
1044 1160 1090 1195 ut
1127 1156 1301 1211 scyphos.
1360 1158 1423 1198 De
1459 1160 1618 1200 carche—

78 1212 146 1252 siis
178 1211 253 1251 ita:

500 1276 503 1278 ’
546 1289 595 1293 ——
626 1265 658 1305 s
655 1280 728 1320 ape
753 1267 933 1308 Maeonii
955 1266 1154 1307 carchesia
1178 1266 1351 1308 Bacchi.-

276 1319 431 1361 Oceano
460 1320 633 1368 Iibemus,
664 1330 731 1369 au,

75 1381 115 1418 ct
145 1375 261 1417 alibi:
290 1377 369 1417 Hic
398 1376 475 1417 deco
504 1378 578 1418 rite
605 1391 710 1417 mero
741 1377 868 1417 libans
897 1377 1094 1419 carchesia
1116 1377 1294 1423 Baccho:

73 1433 122 1474 de
147 1431 329 1488 cymbiis:
360 1432 574 1487 Inserimus
600 1433 729 1488 tepido
764 1435 991 1489 spumantia
1021 1434 1171 1490 cymbia
1198 1435 1292 1476 lacte
1301 1448 1315 1480 ;

1123 1572 1214 1604 Edd.
1239 1571 1524 1616 vicahgspdzb]

1147 1660 1150 1662 ,
1200 1630 1251 1659 16.
1288 1628 1365 1660 Hic
1402 1629 1437 1660 in
1471 1629 1542 1662 loco
1577 1631 1615 1663 Α.

72 1625 126 1657 Cf.
153 1625 169 1666 ξ
196 1626 226 1657 l.
264 1643 305 1647 —
341 1625 415 1656 sine
440 1625 488 1657 iis
514 1636 592 1667 v-g.
735 1627 784 1657 15.
824 1626 988 1659 Addidit
1022 1627 1059 1659 S.

1063 1667 1232 1712 ἔπιρῤοαί
1259 1682 1327 1703 om.
1362 1672 1464 1704 Sv-a.
1514 1672 1616 1706 Mam

71 1688 114 1693 —
155 1669 358 1708 provincia
383 1668 428 1700 vi.
484 1671 714 1711 provinciae
746 1680 822 1711 c-g.
858 1687 896 1693 —
933 1667 986 1702 Ἰὼ
1010 1694 1041 1702 .-

72 1711 239 1755 ἑπιῤῥοαί
264 1714 327 1753 ug.
378 1722 423 1743 10
449 1723 555 1745 κικε
582 1723 698 1746 nnc!
726 1724 909 1746 επιιψοαι
935 1717 973 1746 P.
1024 1726 1070 1746 ιω
1091 1725 1197 1747 1(th
1224 1725 1382 1748 ,τιιοιεΝ
1407 1727 1547 1749 umore!
1573 1719 1612 1750 Α.

76 1760 121 1788 Ιω
142 1766 213 1789 mus
233 1765 319 1797 μυσι
341 1753 504 1798 ἔπιῤῥοαι
528 1759 561 1789 in
588 1759 665 1789 cod.
689 1770 728 1790 se
750 1759 888 1799 legisse
912 1760 964 1791 ait
990 1759 1182 1798 Canterus,
1206 1761 1266 1801 qui
1293 1761 1373 1792 I‘itr.
1399 1761 1483 1793 lect.
1509 1762 1536 1801 Ι,
1558 1766 1612 1794 21.

71 1801 230 1833 coniecit
257 1802 473 1842 legendum:
510 1798 563 1833 Ἰώ
593 1800 690 1834 neilus
710 1801 838 1843 μυσιαί
859 1798 886 1833 τ’
912 1800 1087 1844 ἐπίρῥοαι.
1135 1804 1188 1835 Cf.
1213 1804 1344 1836 Aescu.
1380 1806 1512 1847 fragm.
1537 1809 1611 1839 134.

70 1846 188 1883 Dina„
210 1841 417 1885 ΒΙυρμιὸόν.
439 1849 459 1876 3
484 1848 535 1887 (p.
561 1849 632 1884 54.)
657 1852 692 1878 et
716 1847 816 1878 DIvo.
841 1849 862 1877 2
887 1849 939 1889 (p.
960 1851 1033 1884 62)
1062 1848 1181 1888 Both,
1207 1848 1340 1880 Strabo
1358 1849 1455 1889 xlii,
1476 1854 1485 1882 I
1509 1857 1613 1891 extr„

68 1890 291 1922 scholiastes
322 1890 610 1930 Hephaestionis
641 1903 674 1933 p.
699 1893 742 1922 84
768 1893 851 1928 (163
875 1893 929 1923 cd.
957 1892 1108 1929 Gaisi'.].
1249 1896 1299 1925 17.
1335 1904 1425 1925 cum
1451 1896 1614 1928 iucundi-

68 1936 151 1967 tatis
171 1938 209 1972 (v
232 1934 312 1971 ioc)
338 1936 461 1977 gratia
488 1946 567 1977 v-g.
588 1953 633 1959 —-
660 1935 824 1976 Hiberna]
850 1936 906 1967 Cl'.
929 1938 949 1976 §
978 1939 1005 1968 1.
1034 1954 1078 1960 —-
1101 1942 1268 1969 nostrum
1296 1949 1372 1979 v-g.

158 1978 254 2009 XXI.
307 1980 418 2021 Caput
450 1980 545 2011 XM.
593 1981 640 2011 De
670 1980 872 2023 poculorum
904 1982 1100 2023 generibus.
1243 1985 1268 2013 l.
1307 1983 1442 2024 posuit
1471 1983 1531 2015 Pe.
1567 2002 1611 2008 --

67 2023 256 2055 chascesia
282 2022 321 2054 P.
370 2023 540 2055 chatesia
567 2024 629 2055 1’6.
668 2042 707 2047 —
740 2030 778 2057 et
805 2026 942 2056 cimbia
969 2025 1005 2057 S.
1037 2043 1077 2049 —
1101 2026 1243 2067 scyphos
1270 2028 1358 2066 (oin.
1384 2030 1438 2065 ut)
1464 2038 1541 2069 v-g.
1567 2047 1612 2053 —

70 2068 122 2099 De
144 2067 327 2099 carchesis
351 2068 389 2099 A.
439 2068 481 2100 de
505 2069 707 2101 carclzasiis
733 2068 770 2100 h.
798 2087 836 2092 —
870 2070 974 2112 Cape]
999 2070 1135 2111 Geor-g.
1154 2070 1211 2109 IV,
1239 2073 1315 2103 380.
1358 2073 1489 2114 Carpo
1508 2073 1544 2104 S.
1566 2092 1611 2097 —

66 2110 146 2153 llic]
178 2111 263 2143 Aen.
291 2111 329 2153 V,
355 2115 409 2144 77.
434 2130 480 2138 —-
502 2113 568 2145 rite
591 2124 660 2146 0111.
686 2113 723 2146 A.
745 2131 790 2136 —
821 2114 1022 2157 Inferimus]
1046 2115 1131 2146 Aen.
1153 2115 1220 2156 111,
1244 2118 1300 2147 66.
1330 2132 1371 2139 -
1403 2117 1552 2160 trepido
1572 2117 1609 2149 S.

62 2232 192 2265 Muell.
222 2233 408 2265 Imbrica
437 2238 694 2276 tempestate
714 2234 797 2276 pln-

60 2278 154 2308 viam
178 2278 316 2309 videtur
339 2279 552 2321 siguificare.
593 2277 799 2310 Salmasius

61 2321 208 2352 Exercc.
233 2322 328 2352 Plin.
353 2333 388 2363 p.
413 2326 468 2353 72.
490 2323 522 2353 b.
551 2321 590 2353 F.
618 2322 743 2353 docuit
764 2327 800 2355 et

60 2366 221 2396 imbricus
246 2369 281 2396 et
307 2366 473 2398 imbridus
495 2365 582 2405 dici,
610 2370 648 2398 ut
667 2367 799 2399 albicus

61 2413 98 2440 et
123 2409 273 2440 albidus.

108 2455 159 2484 15.
207 2453 298 2493 quod
400 2452 586 2494 inrigetur]
619 2452 673 2485 Cf.
699 2455 720 2493 ἓ
744 2456 796 2486 lI.

104 2500 159 2529 16.
202 2494 255 2527 Ἰὼ
290 2519 321 2528 ..
350 2493 528 2537 ἐπιῤῥοαί]
569 2497 676 2528 Hunc
715 2508 795 2529 ver-

60 2552 138 2573 suni
166 2539 299 2572 Sti-abo
331 2540 436 2578 XIII,
464 2543 490 2571 l.
517 2544 608 2572 extr.
640 2540 691 2573 ait
718 2541 795 2581 legi

59 2583 148 2616 κατὰ
172 2582 238 2626 τὴν
262 2581 425 2626 εἰσβολὴν
447 2583 512 2616 τοῦ
530 2580 567 2615 ἐν
584 2584 795 2626 ῘῑῙυρμιόόσι

58 2627 257 2670 προλόγου,
295 2629 359 2660 sed
395 2628 554 2660 Bothius
592 2628 627 2660 in
660 2630 792 2661 Aesch.

58 2672 192 2716 fragm.
230 2684 263 2714 p.
296 2676 350 2705 62.
389 2673 434 2705 ad
471 2673 632 2705 fabulam
670 2674 792 2715 potius

57 2727 148 2756 quae
180 2717 397 2749 inscribitur
428 2716 555 2749 ,Μυσοί
583 2728 665 2750 eum
697 2719 794 2751 refe-

58 2761 209 2793 rendum
234 2773 314 2793 esse
340 2761 482 2794 statuit.

104 2807 157 2836 17.
204 2806 367 2847 vestrum]
403 2806 483 2838 Vid.
517 2809 590 2839 not.
624 2806 669 2839 ad
704 2818 733 2839 c.
761 2810 790 2839 1.

60 2848 80 2887 g
105 2849 137 2879 4.
163 2852 198 2880 et
223 2861 252 2881 c.
275 2853 309 2881 2.
338 2850 353 2891 ἕ
382 2853 434 2882 17.

103 2892 251 2926 Hiberna
286 2895 476 2928 laetissima
506 2896 648 2938 pulvere
673 2895 790 2938 sarra]

866 2234 1011 2267 Plinius
1037 2246 1107 2267 non
1139 2235 1287 2268 omnino
1313 2237 1496 2270 consentit
1526 2249 1608 2271 cum

867 2280 1046 2320 Virgilio:
1087 2290 1167 2312 nain
1200 2281 1267 2313 ille
1296 2281 1338 2313 N.
1364 2282 1410 2313 11.
1437 2283 1548 2322 xvn,
1574 2286 1607 2315 2.

867 2323 882 2364 §
906 2327 943 2355 13
959 2336 1023 2366 sq.:
1050 2326 1162 2368 Ergo,
1186 2325 1315 2367 inquit,
1336 2328 1396 2368 qui
1417 2328 1506 2359 (lixit
1530 2328 1605 2360 hie-

865 2379 935 2399 mes
959 2380 1098 2401 serenas
1121 2371 1315 2412 optandas,
1354 2383 1423 2403 non
1454 2383 1518 2414 pro
1544 2383 1605 2404 ar-

864 2413 999 2445 boribus
1023 2419 1103 2446 vota
1131 2415 1234 2454 fecit.-
1273 2426 1334 2447 nec
1363 2427 1424 2457 per
1453 2417 1605 2448 solstitia

864 2457 987 2489 imbres
1022 2458 1150 2490 vilibus
1184 2459 1389 2491 conducunt.
1451 2461 1603 2492 Hiberna

863 2502 998 2541 quidem
1019 2503 1161 2544 pulvere
1189 2503 1350 2534 laetiores
1371 2504 1456 2544 fieri
1479 2514 1602 2536 messes

862 2545 1074 2578 luxuriantis
1099 2546 1234 2588 ingenii
1261 2547 1448 2586 fertilitate
1473 2548 1603 2580 dictum

863 2593 922 2620 est.

908 2634 960 2663 18.
1018 2632 1056 2663 Ιη
1097 2631 1182 2664 libro
1222 2658 1251 2665 ..
1289 2634 1600 2667 vetustissimorum

860 2675 1063 2717 carminum]
1092 2675 1224 2708 Festus
1247 2688 1304 2718 ap.
1329 2678 1433 2710 Paul.
1461 2679 1523 2710 lib.
1542 2680 1598 2711 vl.

862 2731 893 2761 p.
922 2722 977 2751 93.
1010 2719 1096 2751 huic
1120 2721 1241 2752 versui
1267 2722 1461 2763 praemisit
1485 2723 1597 2755 haee:

865 2764 962 2796 Sicut
1002 2764 1146 2796 habetur
1191 2766 1233 2797 in
1278 2768 1459 2808 antiquo
1507 2779 1597 2799 car-

860 2809 986 2848 mine,
1024 2820 1127 2850 quum
1148 2815 1250 2851 pater
1266 2812 1348 2852 filio
1372 2813 1412 2843 de
1437 2813 1596 2855 agricul-

860 2858 940 2885 tura
967 2854 1193 2895 praeciperet.

906 2897 1056 2940 camille]
1082 2897 1162 2930 tid.
1187 2901 1259 2931 not.
1285 2898 1331 2932 ad
1356 2898 1422 2940 ΙΙΙ,
1445 2902 1476 2941 8,
1499 2904 1529 2933 6.
