1843 3163
381 35 855 79 SATURNALIORUM
889 36 988 77 LlB.
1023 36 1109 77 Vll.
1142 36 1261 79 CAP.
1295 38 1323 77 Ι.
1544 39 1628 81 559

83 149 175 190 ditis
206 148 350 189 talibus
389 148 437 189 ad
477 148 796 189 emendationem
838 148 1029 189 venirent.
1089 147 1154 189 Sic
1182 152 1317 189 autem
1350 148 1454 190 vitiis
1492 149 1696 192 inreti-‘H

82 211 163 253 tos,
208 204 240 245 si
270 210 309 244 et
335 204 409 245 hoc
442 204 479 244 in
510 205 700 245 (·ιιιιιίιιι5
731 205 906 257 exegerit
932 204 1120 258 loquendi
1153 205 1271 254 ordo,
1310 204 1424 246 feriet
1452 205 1627 268 philoso-

82 260 171 315 phia
198 275 278 301 non
305 261 534 310 sentientes,
568 267 610 301 ut
638 261 754 301 liber
782 267 894 315 pater
926 260 1060 315 ῑΙι)Γ5ιι
1091 260 1182 301 serit
1211 275 1280 315 per
1307 261 1625 316 obliquationem

81 316 346 357 circumfusae
377 316 544 358 ΙιοιΙῡιιιο
572 318 718 357 latente
749 330 839 357 mu«
844 330 952 363 rone
985 330 1077 370 quia
1110 330 1188 356 non
1220 317 1271 357 ita
1304 318 1557 371 prolitebitur
1588 318 1625 358 in

81 373 262 414 conxivio
284 387 486 413 censorem
520 381 563 414 ut
589 374 714 427 palam
746 372 836 413 xiiia
867 372 1050 422 castigem
1082 378 1258 412 ceterum
1288 373 1348 413 his
1378 374 1539 414 obnoxii
1567 388 1626 414 re-
1640 374 1694 413 <23

81 430 330 482 pugnabunt,
362 436 401 470 et
429 430 517 470 talis
549 430 624 470 erit
649 428 818 469 convivii
851 428 1060 477 tumultus,
1090 433 1135 468 ut
1162 428 1236 468 sub
1268 428 1497 470 huiusmodi
1530 430 1624 470 imi-

79 485 149 526 tati
184 486 391 527 videantur
417 486 572 526 edicto:

282 543 399 590 Quod
433 549 623 596 superest,
649 541 741 582 laeli
766 540 856 579 bene
880 540 995 593 yeslis
1022 552 1191 593 corpora
1219 540 1332 581 rebus

280 599 495 638 Procurate
526 599 608 637 ν’·ιιι
632 605 666 637 et
690 610 867 651 puynam
896 603 1048 650 sperate
1069 596 1221 650 parali,

78 658 166 702 aut,
194 658 239 693 ut
268 654 467 693 Homerus
500 653 658 693 brexius
687 658 726 692 et
756 664 980 704 expressius
1012 651 1133 691 dixit:

279 710 379 749 Νῦν
411 706 446 748 δ’
479 706 644 761 ἐηρχεσθ
679 707 747 748 ἐπὶ
778 708 967 757 δεῖπνον,
996 707 1067 747 ἵνα
1106 705 1357 759 ξυνάγωμεν
1379 703 1527 770 ’Ze-iona.

76 763 184 815 Ergo
226 763 257 803 si
295 764 548 819 oportunitas
588 763 836 805 necessariae
869 763 1191 818 reprehensionis
1234 764 1462 812 emerserit,
1510 764 1565 804 sic
1602 766 1690 806 ³24

76 818 316 873 philosopho
348 820 633 883 proliciscetur,
676 827 721 862 ut
755 826 794 860 et
824 825 926 860 tecta
958 825 998 861 et
1030 820 1168 860 ellicax
1200 819 1262 859 sit.
1324 819 1434 869 Quid
1464 820 1624 870 mirum,

75 889 107 915 sn
133 875 248 916 feriet
275 877 444 931 sapiens,
473 883 517 917 ut
545 877 637 925 (lixi,
671 891 750 917 non
784 876 1017 924 sentientes,
1051 890 1142 916 cum
1175 875 1376 915 interdum
1405 875 1460 916 sie
1489 890 1621 931 repre-

74 930 244 979 hendat,
271 937 317 972 ut
342 932 607 986 reprehensus
637 933 850 980 hil‹‘‚1retur
890 946 962 973 nee
993 937 1149 972 tantum
1177 931 1321 972 sabulis
1347 931 1430 971 suis
1461 933 1530 972 sed
1563 947 1620 972 in-

74 987 412 1040 terrogationibus
452 1003 616 1044 quoque
644 989 721 1030 iim
761 987 1036 1043 philosophiae
1073 987 1170 1029 nihil
1206 987 1386 1041 ineptum
1417 987 1621 1042 loquentis

74 1043 284 1084 ostendet?
344 1046 456 1085 Hane
488 1058 581 1097 ergo
612 1045 744 1086 nullus
775 1044 965 1085 honestus
992 1050 1106 1086 aetus
1137 1045 1320 1092 locuste,
1360 1049 1499 1084 coetus
1531 1044 1618 1085 nul-
1636 1045 1689 1085 25

74 1099 134 1139 lus
162 1100 363 1149 excludffiit
392 1114 495 1156 quae
524 1101 576 1141 ita
605 1115 647 1142 se
676 1106 786 1155 aptat
820 1106 866 1141 ut
890 1101 1040 1157 ubique
1074 1101 1129 1141 sic
1157 1105 1347 1155 appareat
1374 1101 1688 1156 necessaria1206]

73 1160 277 1210 tamquam
307 1157 445 1198 abesse
476 1157 581 1199 illam
611 1157 721 1199 nefas
751 1157 880 1199 suerit.

1129 1268 1220 1301 Edd.
1248 1266 1530 1312 vicahgspdzb.]

68 1332 205 1366 prope
236 1324 390 1356 venirent
414 1323 480 1356 Η2.
619 1327 673 1355 22.·
716 1324 774 1356 Sic
799 1328 914 1356 autem
939 1324 1022 1366 cet]
1062 1323 1117 1356 Cf.
1143 1324 1240 1356 Plut.
1267 1323 1289 1355 Ι.
1315 1335 1359 1362 c.‚
1385 1326 1416 1354 3.
1463 1342 1497 1347 -
1535 1325 1622 1366 serit

72 1367 155 1399 add.
189 1367 224 1399 in
255 1379 328 1410 mg.
357 1379 377 1400 ιι
405 1379 477 1400 sec.
505 1379 550 1400 m
581 1368 626 1400 H
666 1386 710 1392 —
747 1369 916 1401 latentem
952 1379 1150 1401 mucronem
1181 1367 1624 1411 l’s-z.,‚1nterpretetur

71 1411 162 1443 haee
185 1412 413 1465 Stephanus,
446 1411 506 1454 qui
533 1412 586 1444 sic
611 1412 788 1451 mutavit,
827 1418 890 1445 aut
913 1418 1122 1455 postremus
1148 1412 1288 1452 editor,
1314 1392 1375 1454 q'ui
1403 1411 1438 1444 in
1464 1413 1621 1446 alterius

70 1457 290 1489 sententiani
325 1458 403 1489 tiit.
452 1457 588 1490 omnes
615 1457 679 1489 alii
707 1438 841 1491 lateiitc
865 1468 1051 1500 mucrone,
1093 1457 1188 1499 quod
1216 1456 1523 1499 interpretatione
1549 1469 1619 1490 non

70 1506 167 1543 eget.
193 1501 264 1533 l'os
249 1501 320 1534 sis
344 1512 504 1543 quoque:
531 1503 644 1544 thyrsi
665 1503 782 1542 sciit.
856 1503 984 1535 latente
1006 1504 1189 1536 mucrone.‘
1195 1502 1341 1533 ‘·Gron
1478 1504 1535 1534 23.
1565 1504 1620 1534 υἰ-

71 1547 219 1578 deantur
245 1547 387 1579 invitati
411 1547 476 1578 Η2.
501 1564 544 1570 —·
574 1547 687 1588 Quod]
716 1547 802 1578 Aen.
830 1546 892 1586 ΙΧ,
922 1550 993 1579 157.
1025 1565 1066 1571 -
1096 1552 1134 1579 et
1168 1547 1258 1589 quod
1284 1545 1320 1578 S.
1342 1563 1384 1568 -—
1413 1558 1558 1588 corpore
1582 1547 1618 1578 Ιι.

73 1608 117 1614 -
148 1592 286 1633 parari
306 1591 331 1622 A
356 1591 431 1622 Sal.
464 1608 505 1614 -—
538 1597 599 1623 aut
623 1594 712 1630 (oin.
737 1595 792 1629 ut)
820 1591 888 1623 ΙΙΙ.
922 1609 967 1615 -—
1003 1591 1088 1624 Νῦν
1110 1587 1158 1634 δ’]
1188 1591 1228 1624 ΙΙ.
1252 1587 1297 1633 β’,
1320 1593 1398 1622 381.
1441 1591 1495 1622 cf.
1521 1591 1619 1623 Plut.

71 1634 95 1665 Ι.
127 1646 175 1673 c.‚
212 1638 244 1666 3.
305 1634 387 1666 Νῦν
417 1630 484 1666 δ’.
552 1631 660 1676 ”Aona
700 1646 769 1667 om.
802 1635 956 1667 ASfflv.
1091 1637 1146 1667 24.
1199 1636 1275 1677 Erg
1261 1646 1295 1667 ro
1327 1635 1358 1666 si
1385 1657 1415 1666 ..
1469 1636 1509 1675 (ἓ
1542 1637 1617 1671 25.)

70 1681 171 1719 nefas
190 1679 314 1719 suerit]
342 1678 397 1709 C.f
418 1678 467 1709 Io.
491 1658 638 1710 Siwiicsb.
667 1680 690 1711 l.
717 1691 745 1710 c.
780 1698 814 1703 —
847 1681 876 1711 si
904 1686 947 1712 ut
974 1681 1015 1712 11.
1053 1698 1093 1703 —
1129 1692 1150 1712 a
1173 1679 1405 1721 philosophis
1428 1660 1464 1710 S.
1503 1697 1542 1701 -
1578 1685 1617 1711 ut

70 1728 102 1755 et
127 1728 214 1755 tecta
237 1728 292 1754 etc
298 1723 321 1764 .]
345 1723 400 1754 C.f
426 1723 523 1755 Plut.
547 1723 569 1754 Ι.
593 1735 622 1753 ι».
628 1726 677 1754 ,3
700 1729 736 1755 ct
759 1726 791 1755 4.
838 1730 868 1755 ct
892 1730 989 1757 recta
1016 1724 1100 1756 hzb.
1148 1730 1179 1756 et
1203 1729 1262 1755 cta
1287 1723 1327 1754 P.
1355 1742 1389 1745 —
1415 1724 1445 1754 si
1459 1724 1553 1764 ferit
1580 1729 1618 1755 et

71 1766 108 1798 S.
155 1768 318 1808 siferiat
345 1767 423 1799 Sar.
449 1785 490 1790 -—
522 1779 581 1798 uec
609 1749 739 1800 tizmen
766 1768 817 1809 hg
831 1768 911 1800 Sim
934 1786 976 1792 -—
1003 1774 1137 1801 tantum
1163 1768 1357 1800 ..locusve
1383 1769 1421 1807 (ἓ
1445 1770 1520 1806 25.)
1545 1778 1615 1799 oni.

70 1811 137 1844 112.
275 1814 331 1844 25.
366 1817 533 1844 coctusuc
557 1811 616 1844 S..
636 1831 679 1836 —
703 1814 820 1845 nullus
847 1824 916 1845 om.
945 1813 1007 1845 Av.
1040 1831 1074 1836 —
1101 1823 1186 1845 sese
1206 1811 1244 1844 S·

68 1927 231 1960 crobiuiu
267 1928 312 1960 iul
347 1927 508 1959 similem
541 1926 691 1959 Homeri
725 1938 805 1959 ver·
919 1931 973 1960 23.
1035 1928 1203 1970 Ceterum]
1247 1926 1407 1969 positum
1451 1931 1507 1959 cst
1551 1938 1614 1970 pro

68 1983 148 2004 sum
173 1973 378 2004 aberrasse.
873 1973 1041 2015 alioquin.
1090 1973 1168 2005 Via.
1206 1973 1326 2004 llanil.
1362 1970 1527 2004 Turseli.
1565 1972 1612 2012 ΙΙ,

112 2020 167 2048 22.
218 2017 317 2049 Liber
334 2016 450 2069 patei]
474 2015 697 2048 Plutarchus
724 2016 746 2048 Ι
773 2028 802 2048 c.
873 2029 906 2059 p.
931 2020 985 2049 39.

914 2062 980 2104 his]
1020 2062 1043 2094 i.
1076 2073 1105 2093 e.
1136 2061 1252 2093 vitiis.
1301 2060 1357 2092 Cf.
1383 2071 1414 2091 c.
1440 2062 1480 2099 3,
1510 2061 1530 2100 5
1559 2063 1611 2092 14.

871 2105 1008 2138 Salust.
1046 2106 1155 2138 Catil.
1192 2108 1256 2145 52,
1289 2108 1346 2137 21.
1396 2105 1544 2137 Animus
1583 2129 1612 2136 ..

870 2161 978 2193 neque
1002 2151 1166 2183 delicto
1191 2161 1300 2193 neque
1326 2150 1515 2181 libidini
1541 2150 1610 2182 ob—

871 2207 1038 2227 noxius.

66 2063 96 2093 3
123 2073 155 2114 p.
180 2063 258 2093 614.
284 2062 343 2093 A.:
375 2057 433 2098 Ὡς
456 2057 542 2101 γὰρ
583 2060 720 2113 inquit,
760 2060 804 2093 αἱ

65 2102 150 2146 παρ’
179 2101 360 2147 Εὐριπίδῃ
394 2102 616 2145 μαινάδες
651 2087 803 2136 ἄνοπλοι

64 2161 125 2181 και
149 2145 317 2202 ασίδηροι
337 2150 412 2186 τοῖς
434 2149 651 2190 θυρσαρίοις
675 2149 802 2180 παίου-

65 2202 125 2225 σαι
136 2191 223 2231 τοὺς
235 2190 504 2233 ἐπιτιθεμένους
514 2193 805 2234 τρωματίζουσιν.

107 2249 169 2280 per
198 2238 464 2279 obliquationem
499 2260 528 2268 ..
562 2238 692 2270 latente
724 2249 801 2269 mu-
916 2245 954 2272 ut
978 2240 1148 2272 Homerus
1173 2262 1180 2270 .
1196 2237 1333 2279 ‚dh-it]
1375 2237 1475 2268 Haec
1513 2236 1611 2269 dicta

65 2282 179 2323 crone]
207 2281 261 2313 Cf.
290 2282 321 2319 Ι,
355 2285 412 2321 19,
440 2283 470 2312 2.
509 2283 577 2312 Sed
603 2293 677 2313 cum
707 2283 802 2323 thyr-

64 2336 138 2357 sum
163 2330 252 2357 tenet
276 2325 406 2365 (Liber
432 2329 568 2365 pater),
598 2327 681 2368 quid
705 2327 804 2357 aliud

64 2380 168 2411 quam
217 2370 330 2401 latens
372 2369 478 2400 telum
521 2370 633 2411 gerit,
680 2371 803 2402 cuius

64 2423 208 2445 mucro
234 2413 394 2444 hedera
422 2413 633 2444 lambente
658 2419 800 2455 prote-

63 2458 198 2500 gitur.
247 2456 480 2489 Adnotationi
504 2456 594 2487 ibid.
615 2458 801 2489 addendus

64 2505 144 2534 erat
170 2500 231 2532 hic
259 2501 374 2540 locus,
404 2505 439 2532 et
468 2501 739 2542 prolegomenis
767 2513 801 2544 p.

64 2556 154 2577 xnn.
179 2556 273 2578 nova
294 2556 361 2577 vox
389 2546 589 2587 obliquatio.

107 2591 324 2632 profitebitur
349 2613 381 2621 ..
407 2589 591 2630 censorem]
629 2588 683 2621 Cf.
718 2600 748 2620 c.
769 2592 800 2621 5.

65 2634 85 2673 ἓ
107 2637 139 2666 5.
167 2634 278 2677 gulae
301 2639 529 2677 patronum
557 2658 588 2664 ..
613 2634 800 2675 profite—

63 2678 144 2709 bor.
193 2678 404 2710 Audendum
432 2683 510 2710 erat
529 2689 563 2709 se
590 2682 625 2709 et
645 2689 707 2709 me.
745 2677 800 2708 Cf.

64 2720 138 2753 Cic.
165 2722 278 2754 Tusc.
303 2723 350 2761 ΙΙ,
372 2725 405 2761 4,
437 2725 485 2754 Ι2.
521 2723 560 2753 Si
584 2733 797 2765 gramma-

64 2765 196 2797 ticum
257 2778 300 2798 se
346 2769 575 2809 professus
626 2767 797 2808 quispiam

63 2810 206 2842 barbare
234 2811 416 2853 loquatur,
454 2822 486 2852 p.
517 2811 625 2842 Rosc.
651 2810 729 2842 Am.
764 2814 797 2848 2,

64 2856 98 2883 6.
141 2858 177 2885 ut
215 2877 244 2885 ..
282 2856 512 2888 adiutores
549 2866 618 2887 vos
654 2856 797 2898 profi-

63 2897 259 2930 teamini.

871 2289 967 2322 sunt,
993 2283 1098 2325 qnasi
1124 2282 1221 2315 serio
1246 2282 1436 2314 adhibitus
1458 2281 1507 2313 sit
1534 2281 1611 2312 Ho-

871 2329 960 2360 meri
984 2339 1122 2360 *mersus
1171 2327 1397 2359 Plutarchus
1422 2337 1452 2367 p.
1476 2327 1554 2357 614.
1570 2325 1611 2358 C.

871 2372 903 2404 ei
936 2371 1129 2424 praemisit
1162 2371 1317 2404 haecce.
1367 2366 1610 2420 Ἐκφεύγοντα

868 2416 978 2448 τοῦτο
1025 2413 1069 2458 δὴ
1112 2413 1161 2447 τὸ
1206 2412 1486 2467 παιζόμενον
1530 2408 1609 2444 οὐκ

868 2456 1018 2501 ἆηδῶς
1040 2456 1132 2500 πρὸς
1153 2456 1238 2497 τοὺς
1262 2456 1442 2499 ἐρίζοντας
1466 2455 1527 2488 καὶ
1551 2465 1607 2487 σο-

870 2504 1100 2544 φιστιῶντας.

911 2550 966 2578 24.
997 2546 1148 2587 fabulis]
1175 2546 1198 2578 i.
1222 2557 1252 2578 e.
1280 2543 1522 2577 sermonibus.
1549 2543 1603 2575 cf.

870 2601 900 2622 c.
924 2593 956 2622 2.
993 2593 1013 2631 §
1040 2594 1071 2622 8.
1120 2590 1222 2622 Alias
1254 2591 1349 2621 idem
1383 2589 1483 2622 valet
1511 2588 1606 2629 quod

869 2635 1094 2676 colloquium,
1130 2638 1169 2665 ut
1195 2634 1290 2675 apud
1318 2632 1505 2674 Ιιιιιιηιιὶᾱ.
1532 2632 1606 2664 He-

868 2678 1006 2720 liogab.
1043 2680 1096 2709 25.
1147 2679 1259 2719 Quum
1299 2679 1387 2710 iuter
1421 2677 1606 2718 fabulas

866 2734 889 2765 p
902 2724 1072 2754 rivatus
1097 2733 1204 2754 sermo
1231 2728 1316 2754 esset
1344 2727 1437 2754 ortus
1462 2725 1530 2752 cet.

914 2768 1001 2798 nihil
1025 2767 1192 2808 ineptum]
1218 2767 1280 2799 Sic
1305 2767 1461 2799 fortasse
1488 2765 1605 2806 scrip-

869 2810 917 2843 sit
948 2811 1178 2851 Macrobius,
1218 2815 1366 2854 proptcr
1399 2810 1603 2852 genitivum

868 2856 1037 2897 loquentis
1061 2855 1105 2887 ad
1134 2865 1239 2896 quem
1266 2856 1346 2898 quis
1375 2855 1514 2888 referre
1540 2865 1603 2896 po-

870 2900 1001 2933 tuisset
1026 2900 1145 2943 inepti.
