1844 3168
391 58 862 103 sA'ruuNALlORUM
904 58 1002 99 LlB.
1037 59 1066 98 l.
1106 58 1225 100 CAP.
1259 57 1329 98 Xl.
1576 58 1623 97 {ll

96 187 137 213 sc
164 186 253 213 cum
282 173 423 213 ceteris
451 172 602 213 ancillis
632 170 706 211 sub
737 170 897 211 nomine
928 170 1179 211 dominarum
1205 169 1253 210 ad
1283 170 1418 210 hostes
1444 168 1698 221 ituram21252]

95 229 313 282 habituque
362 227 703 270 matrumfamilias
756 232 795 268 et
846 226 1040 280 virginum
1089 232 1249 280 sumpto
1303 225 1485 266 hostibus
1540 238 1630 265 cum

95 286 422 340 prosequentium
464 284 633 325 lacrimis
682 283 729 323 ad
772 283 889 323 tidem
937 283 1084 323 doloris
1129 283 1302 336 ingestae
1344 288 1448 322 sunt.
1516 280 1699 331 Qnaessltl

95 355 186 382 cum
229 356 249 382 a
288 341 398 382 Livio
437 341 474 382 in
509 341 646 381 castris
686 340 921 380 distributae
955 339 1141 386 fuissent,
1184 339 1288 378 xiros
1332 339 1502 392 plurimo
1543 338 1632 377 tino

96 403 412 452 prox·‹'›(·ax'erunt
443 398 546 438 diem
578 398 718 437 festum
749 396 854 450 apud
892 410 933 435 se
970 409 1056 436 esse
1094 395 1344 434 simulantes:
1386 395 1531 447 quibus
1570 408 1632 434 so-

96 454 245 508 poratis
275 468 321 494 ex
350 454 491 495 arbore
522 454 707 508 caprilico
740 466 842 507 quae
873 452 1010 492 castris
1040 456 1123 491 erat
1153 451 1330 504 proxima
1365 451 1519 503 signina
1555 451 1632 489 lto-
1748 492 1752 495 ,

97 511 223 551 inanis
253 510 458 551 dederunt.
530 510 611 560 Qui
644 523 733 549 cum
766 508 970 563 repentina
999 507 1224 547 incursione
1257 512 1521 560 superassent,
1552 507 1702 546 ine-40

97 580 186 607 mor
215 567 395 607 benelicii
426 572 586 607 senatus
613 579 751 605 omnes
783 564 942 604 ancillas
970 577 1091 604 manu
1123 563 1235 603 iussit
1263 562 1386 603 emitti
1420 562 1635 615 dotemque

97 622 157 663 liis
185 636 231 663 ex
261 623 421 677 publico
453 622 544 662 secit
574 627 612 662 et
640 626 823 661 ornatum
856 634 936 674 quo
966 626 1061 661 tunc
1090 624 1202 660 erant
1232 633 1327 659 usae
1359 624 1513 671 gestare
1544 633 1635 659 con-

98 679 227 728 cessit,
256 679 443 733 diemque
475 679 603 732 ipsum
631 678 767 719 Nonas
799 676 1035 731 Caprotinas
1063 675 1309 730 nuncuparit
1338 676 1387 715 ab
1417 675 1479 715 illa
1511 674 1636 729 capri-

98 735 174 775 lico
202 749 249 776 ex
278 749 356 790 qua
384 735 537 788 signum
568 734 757 775 victoriae
786 738 998 789 ceperunt,
1050 732 1369 786 sacrificiumque
1402 731 1539 772 statuit
1569 745 1636 771 an-

98 805 176 831 nua
214 791 479 833 sollemnitate
517 789 815 838 celebrandum,
865 789 929 831 cui
967 789 1026 830 lae
1059 788 1167 843 quod
1206 802 1252 829 ex
1287 788 1473 842 caprilico
1505 792 1639 828 manat

97 853 260 902 propter
289 847 520 889 memoriam
552 846 640 888 faeti
667 846 939 901 praecedentis
966 845 1190 886 adhibetur.
1261 845 1337 887 Sed
1369 858 1442 885 nec
1472 844 1518 883 ad
1553 843 1698 898 phi-41

98 903 390 958 losophandum
433 903 612 958 ineptum
648 903 707 944 vel
742 903 855 957 inpar
885 902 1025 943 servile
1060 901 1262 955 ingenium
1303 900 1388 941 suit.
1446 900 1639 940 Phaedon

98 974 144 1000 ex
175 960 339 1001 cohorte
370 960 573 1001 Socratica
600 959 838 1013 Socratique
867 965 907 1000 et
936 958 1095 999 Platoni
1127 957 1400 1012 perfamiliaris
1429 956 1549 1005 adeo,
1595 961 1641 997 ut

99 1016 212 1057 Plato
249 1017 334 1057 eius
370 1017 521 1057 nomini
558 1017 701 1056 librum
742 1016 850 1056 illum
884 1015 1060 1055 divinum
1094 1014 1141 1054 de
1172 1013 1456 1055 inmortalitate
1485 1013 1640 1053 animae

100 1072 260 1122 dicaret,
287 1086 423 1113 servus
452 1072 526 1114 suit
551 1072 676 1113 sorma
705 1077 825 1126 atque
852 1071 1010 1125 ingenio
1042 1070 1204 1111 liberali.
1264 1070 1382 1111 Hune
1409 1069 1535 1110 Cebes
1566 1070 1639 1110 So-

99 1129 270 1170 craticus
306 1129 491 1170 hortante
530 1130 695 1170 Socrate
735 1128 878 1168 emisse
908 1128 1054 1168 dicitur
1092 1126 1359 1180 habuisseque
1393 1125 1432 1165 in
1463 1125 1638 1180 philoso-

99 1184 214 1240 phiae
259 1185 494 1239 disciplinis:
545 1191 665 1239 atque
703 1183 734 1224 is
773 1190 910 1239 postea
947 1183 1208 1238 philosophus
1244 1182 1421 1223 inlustris
1461 1182 1639 1223 emersit:

99 1255 384 1295 sermonesque
419 1242 503 1282 eius
532 1241 581 1282 de
616 1241 781 1282 Socrate
811 1241 1027 1281 admodum
1059 1240 1258 1293 elegantes
1296 1239 1494 1293 leguntur.
1559 1238 1638 1279 Alii
1653 1238 1707 1278 49.

100 1311 264 1352 quoque
294 1312 374 1338 non
407 1297 523 1352 pauci
563 1296 665 1338 servi
703 1296 864 1338 suerunt
899 1297 968 1351 qui
999 1301 1090 1351 post
1116 1295 1341 1350 philosophi
1372 1294 1466 1336 clari
1501 1295 1638 1336 extite-

99 1359 213 1395 runt:
256 1368 303 1395 ex
332 1354 478 1409 quibus
506 1354 571 1395 ille
598 1353 812 1408 Menippus
840 1352 932 1403 fuit,
970 1353 1084 1394 cuius
1115 1352 1236 1393 libros
1263 1353 1318 1392 M.
1347 1352 1476 1393 Varro
1508 1350 1547 1390 in
1579 1365 1639 1392 sa-

100 1410 199 1451 turis
230 1411 452 1452 aemulatus
489 1415 568 1459 est,
612 1423 711 1464 quas
744 1410 809 1450 alii
846 1409 1037 1465 Cynicas,
1080 1408 1164 1463 ipse
1195 1408 1367 1463 appellat
1396 1406 1641 1462 Menippeas.

102 1466 181 1509 Sed
211 1472 250 1508 et
277 1466 509 1509 Philostrati
540 1466 796 1522 Peripatetici
831 1479 967 1509 servus
997 1464 1217 1520 Pompylus
1246 1470 1286 1506 et
1313 1463 1486 1506 Zenonis
1517 1463 1641 1506 Stoici

1149 1588 1240 1620 Edd.
1266 1587 1549 1631 vicaligspdzb.]

102 1651 236 1689 temque
261 1646 322 1678 eis
345 1644 438 1677 Edd.
461 1644 502 1677 P.
529 1663 571 1669 —
602 1646 801 1688 caprotinas
824 1656 934 1677 nonas
959 1645 998 1677 A.
1025 1663 1065 1668 —
1101 1649 1273 1688 ceperunt
1297 1644 1366 1676 AV.
1504 1645 1559 1675 41.
1595 1653 1642 1674 ne

102 1692 200 1732 (sup.
219 1690 301 1722 add.
318 1691 352 1731 c)
378 1690 416 1721 V.
443 1707 485 1712 -—
514 1689 677 1722 Phaedon
706 1714 736 1722 ..
753 1714 761 1722 .
787 1685 975 1731 ἀνάπηρος
999 1689 1038 1730 (§
1061 1689 1149 1732 45.)]
1177 1689 1223 1721 cr.
1239 1689 1338 1720 Gell.
1352 1687 1394 1720 N.
1411 1687 1582 1727 A.11‚18.
1600 1705 1642 1710 —-

105 1736 255 1768 Foedon
281 1734 353 1767 BV.
402 1735 523 1766 Fedon
550 1738 649 1776 (sup.
676 1734 758 1766 add.
781 1735 816 1775 r)
843 1734 918 1766 AG.
970 1734 1139 1766 Phedron
1162 1744 1191 1766 v.
1216 1751 1261 1757 —
1289 1734 1427 1765 Socrati
1451 1735 1541 1771 (om.
1560 1731 1642 1773 que)

102 1791 136 1812 v.
160 1798 204 1804 —-
230 1780 385 1811 (livinum
412 1779 532 1811 librum
562 1782 650 1816 (oin.
683 1779 800 1819 illum)
827 1780 866 1810 A.
891 1796 934 1801 —
964 1779 1174 1821 aluisseque
1200 1777 1277 1809 cod.
1304 1778 1396 1820 Reg.
1424 1776 1520 1818 apud
1546 1776 1645 1808 Gen.

103 1825 127 1856 Ι.
152 1835 180 1856 c.
209 1825 312 1866 proh.
337 1824 448 1855 Gron.
476 1828 511 1855 et
537 1822 641 1855 Lion.
665 1842 711 1848 —
736 1824 808 1856 eius
829 1834 898 1855 om.
927 1823 966 1854 A.
998 1841 1041 1846 —
1068 1824 1247 1855 dicuntur
1271 1821 1309 1854 S.
1447 1823 1500 1853 42.
1538 1825 1644 1862 saty-

102 1870 151 1901 ris
168 1869 258 1902 Edd.
278 1869 315 1901 V.
336 1887 377 1892 —
403 1868 619 1912 appellavit
644 1879 743 1911 vc-g.
759 1886 798 1890 —
818 1868 1141 1911 „Theophrasti
1162 1867 1201 1903 Ρ,
1219 1878 1244 1899 s.
1268 1865 1454 1910 Pompylus
1479 1865 1645 1898 emendo.

147 1980 194 2012 ad
217 1979 327 2021 fidem
361 1979 503 2021 doloris]
547 1978 625 2011 Non
657 1981 713 2010 est
746 1977 839 2019 quod

104 2036 184 2057 cum
211 2024 348 2057 Zeunio
373 2034 615 2066 quaeramus,
653 2033 737 2054 num
763 2023 840 2055 Ma-

102 2069 249 2102 crobius
281 2069 476 2112 scripserit
508 2070 591 2101 doli.
642 2067 842 2100 Voluerunt

104 2114 199 2146 enim
230 2114 386 2146 Romani
419 2113 528 2146 fidem
564 2114 688 2146 facere
720 2112 840 2145 dolori

102 2160 287 2192 simulato.

146 2205 307 2247 ingestae
331 2202 423 2245 sunt]
452 2202 548 2235 Miro
574 2201 680 2234 modo
704 2201 839 2233 dictum

103 2253 171 2281 est.
219 2247 310 2280 Nam
336 2247 408 2280 alia
433 2258 491 2279 res
525 2251 580 2279 est
605 2247 699 2288 quod
732 2245 845 2278 lusti-

103 2305 170 2326 nus
200 2292 267 2331 xl,
294 2294 345 2324 14.
390 2292 453 2324 Ubi
481 2292 750 2333 confertissimos
782 2291 843 2323 ho-

104 2343 182 2376 stes,
208 2337 338 2378 inquit,
358 2347 521 2379 pugnare
545 2337 784 2379 conspexisset,
805 2346 841 2368 eo

105 2393 146 2415 se
170 2391 301 2424 semper
326 2381 574 2424 ingerebat.

147 2427 202 2458 40.
250 2426 405 2467 diemque
429 2425 539 2466 ipsum
566 2424 685 2456 Nonas
709 2426 841 2467 Capro-

105 2471 197 2503 tinas
231 2469 445 2513 nuncupavit
483 2470 524 2500 ab
558 2469 620 2500 illo
661 2470 840 2512 caprifico]

106 2515 162 2548 Cf.
182 2514 279 2547 Plut.
298 2514 402 2545 Rom.
428 2514 452 2545 1.
477 2524 506 2544 c.
531 2512 605 2544 Καὶ
623 2514 846 2554 Kentouri-

106 2571 182 2593 ναι
203 2556 267 2600 μὲν
289 2556 327 2590 αἱ
346 2557 459 2590 νῶναι
483 2556 679 2590 καλοῦνται
701 2554 759 2589 διὰ
782 2556 846 2591 τὸν

106 2601 243 2647 ἐρινεὸν
265 2600 543 2644 καπρίφικον
566 2598 638 2635 ’ὑπὸ
663 2598 846 2644 Ῥωμαίων

106 2645 383 2690 ὀνομαζόμενον,
409 2652 445 2679 et
461 2647 610 2679 camin.
626 2648 649 2680 1.
664 2659 693 2680 c.
709 2648 773 2680 lin.
790 2650 845 2680 45.

105 2694 220 2726 Varro
247 2694 272 2725 l.
298 2705 328 2725 c.
354 2692 397 2724 ad
426 2691 442 2733 §
468 2693 522 2723 36.

150 2740 204 2770 41.
240 2736 418 2778 Phaedon]
438 2735 494 2769 Cf.
510 2738 656 2779 praeter
670 2734 846 2775 Gellium,

107 2783 203 2814 unde
227 2782 320 2814 haec
345 2781 537 2822 desumpta
562 2785 662 2820 sunt,
693 2779 847 2813 Lactan-

108 2826 198 2860 tium
222 2826 289 2865 111,
304 2829 360 2866 25,
382 2828 447 2864 15,
474 2829 510 2857 et
533 2825 641 2868 Diog.
658 2824 781 2858 Laert.
799 2825 847 2865 ll,

110 2873 149 2903 31
179 2875 214 2903 et
245 2873 341 2912 105„
381 2870 442 2913 qui
476 2881 558 2902 eum
591 2869 775 2912 captivum
810 2870 846 2902 in

109 2915 325 2948 servitutem
369 2914 545 2948 incidisse
592 2914 764 2955 tradidit,
814 2918 849 2947 et

113 2959 338 2994 Athenaeum
363 2960 427 3001 xl,
453 2962 543 2999 116„
567 2970 601 3002 p.
624 2962 700 2993 507.
726 2971 756 2991 c.

953 1989 1187 2021 sermonesque
1214 1978 1286 2010 eius
1307 1977 1348 2009 de
1373 1975 1527 2019 Socrate]
1568 1976 1589 2008 i.
1615 1988 1645 2009 e.

912 2022 1139 2065 Σωκρατικοι
1163 2019 1333 2064 διάλογοι.
1366 2021 1542 2061 Dialogos
1566 2021 1646 2053 eius

907 2068 1102 2099 nonnullos
1141 2071 1429 2100 commemorant
1460 2066 1647 2109 Diogenes

908 2112 1077 2145 Laertius
1112 2113 1169 2151 ll,
1194 2114 1267 2143 105.
1294 2111 1361 2152 (cf.
1388 2111 1475 2150 64.)‚
1500 2111 1646 2148 Suidas.

906 2157 1051 2190 Pollux.
1099 2157 1178 2189 Vid.
1212 2156 1358 2188 Fabric.
1385 2155 1482 2188 Bibl.
1510 2156 1574 2188 Gr.
1599 2156 1646 2196 ll,

906 2204 963 2243 23,
988 2205 1043 2236 39.

955 2263 1009 2295 42.
1061 2261 1260 2306 Menippus]
1300 2260 1353 2293 De
1381 2260 1453 2293 hoc
1482 2260 1649 2303 philoso-

911 2307 983 2349 pho
1008 2307 1168 2350 Cynico,
1205 2306 1266 2348 qui
1296 2305 1367 2338 fuit
1396 2310 1546 2338 auctore
1580 2305 1649 2338 Fa-

909 2352 1027 2385 bricio
1053 2352 1151 2384 Bibl.
1178 2351 1242 2383 Gr.
1268 2351 1342 2390 Ill,
1374 2352 1421 2382 13.
1471 2350 1651 2393 Sinopen-

909 2396 960 2429 sis
984 2397 1123 2440 patria,
1166 2400 1248 2428 ortu
1279 2395 1504 2428 Phoenicius
1529 2395 1652 2428 Gada-

908 2443 1040 2483 tensis,
1067 2442 1138 2474 rid.
1163 2440 1272 2483 Diog.
1288 2439 1412 2473 Laert.
1431 2440 1488 2480 Vl,
1506 2443 1548 2472 99
1572 2451 1648 2482 sqq.

957 2503 1054 2534 cuius
1088 2502 1191 2534 libros
1228 2501 1275 2533 Μ.
1307 2502 1417 2532 l'arro
1452 2500 1487 2531 in
1521 2500 1651 2532 saturis

912 2547 1106 2579 aemulatus
1131 2546 1192 2588 est]
1218 2544 1348 2577 Cicero
1374 2545 1480 2577 Acad.
1502 2544 1537 2583 1,
1560 2547 1592 2583 2,
1617 2546 1650 2575 8.

913 2592 1111 2623 Varronem
1139 2589 1227 2622 facit
1254 2590 1480 2631 loquentem:
1516 2589 1564 2621 Et
1596 2593 1652 2621 ta-

913 2647 987 2668 men
1018 2638 1053 2668 in
1085 2636 1156 2668 illis
1188 2635 1358 2667 veteribus
1381 2633 1526 2672 nostris,
1563 2643 1651 2675 quae

917 2681 1164 2722 Menippum
1190 2678 1369 2717 imitati,
1390 2690 1458 2710 non
1483 2678 1651 2720 interpre-

913 2725 991 2763 tati,
1011 2725 1161 2766 quadam
1185 2723 1366 2755 hilaritate
1390 2723 1651 2764 conspersimus,

913 2769 1023 2801 multa
1050 2769 1201 2800 admista
1224 2778 1264 2799 ex
1286 2767 1409 2799 intima
1433 2767 1652 2809 philosophia

913 2813 1025 2846 multa
1049 2813 1142 2846 dicta
1165 2812 1354 2844 dialectice.
1402 2811 1480 2844 Vid.
1506 2816 1581 2844 not.
1607 2810 1652 2844 ad

916 2869 946 2890 c.
964 2861 995 2889 7.
1019 2858 1039 2898 ἓ
1064 2859 1117 2888 12.

964 2911 1182 2954 Philostrati]
1201 2910 1306 2944 Licet
1326 2922 1451 2944 verum
1472 2910 1521 2944 sit.
1544 2910 1653 2943 Theo-

916 2958 1069 3001 phrasti,
1113 2961 1153 2989 ut
1190 2960 1290 2990 recte
1327 2955 1420 2990 vidit
1454 2954 1653 2993 Meursius‚
