1871 3126
237 49 322 92 246
871 46 1150 90 MACROBII

239 166 325 201 tum
364 158 403 198 in
441 156 519 197 filia
558 154 735 196 animum
770 169 901 211 usque
941 157 990 198 ad
1032 158 1205 212 speciem
1243 159 1518 212 procacitatis,
1569 160 1637 202 sed
1675 167 1788 203 reatu

239 218 431 257 liborum:
463 217 502 253 ot
532 211 648 252 talem
680 211 802 252 fuisse
834 213 938 267 apud
971 214 1141 255 maiores
1176 214 1382 256 Claudiam
1414 217 1574 258 credere
1603 217 1786 259 audebat.

240 274 382 323 Itaque
412 268 514 309 inter
542 268 690 308 amicos
722 268 820 309 dixit
847 270 946 310 duas
974 269 1121 311 habere
1148 284 1189 310 se
1214 270 1313 311 filias
1339 271 1547 322 delicatas,
1589 288 1688 328 quas
1719 288 1786 315 ne-

201 330 350 369 5cessc
390 325 553 365 haberet
591 324 713 374 ferre,
758 338 841 365 rem
880 326 1078 379 publicam
1112 331 1151 366 et
1180 326 1333 367 Iuliam.
1392 328 1567 369 Venerat
1603 330 1652 370 ad
1692 344 1784 371 eum

240 381 446 423 licentiore
481 380 647 429 vestitu,
695 386 733 421 et
772 382 910 422 oeulos
953 382 1175 422 offenderat
1212 382 1334 436 patris
1369 383 1550 424 tacentis.
1614 386 1789 427 Mutavit

241 439 372 480 cultus
408 437 468 478 sui
500 442 657 491 postera
691 437 754 477 die
786 451 954 487 morem,
987 444 1026 479 et
1056 439 1202 479 laetum
1234 443 1385 492 patrem
1418 438 1614 480 adfectata
1643 442 1786 482 severi-

240 500 322 535 tate
356 494 547 548 conplexa
581 498 651 533 est.
704 496 761 534 At
794 494 874 543 illc,
914 494 982 548 qui
1013 494 1139 548 pridie
1167 494 1344 535 dolorem
1374 508 1491 535 suum
1523 495 1787 547 continuerat,

241 550 433 604 gaudium
466 549 671 589 continere
700 564 781 590 non
808 551 961 604 potuit,
990 557 1046 591 et:
1077 551 1277 600 Quantum
1307 552 1392 599 lzie,
1423 551 1496 600 ait,
1528 553 1570 592 iu
1598 553 1684 607 filia
1706 555 1788 594 Au-

243 608 351 662 gusti
377 606 626 662 probabilior
657 615 709 647 esc
744 607 894 647 cultus?
949 607 1037 648 Non
1076 606 1201 647 defuit
1238 607 1459 660 patrocinio
1492 621 1564 647 suo
1596 608 1697 648 lulia
1728 608 1790 650 his

207 662 396 705 ssverbis:
429 663 558 702 Hodie
589 663 774 714 euim-<me
792 663 925 720 patris
956 664 1076 704 oculis
1103 665 1263 711 ornavi,
1290 664 1379 704 lieri
1403 665 1494 704 viri.
1567 665 1719 706 Notum
1752 670 1792 706 et

247 719 356 759 illud.
412 721 650 758 Averterant
682 717 721 757 in
757 716 1018 773 s'e‘pop'uluiii
1042 714 1652 772 “m‘''spectaffisffffiiatorum
1679 720 1791 762 Livia

246 780 286 815 et
315 775 415 815 Iulia
445 773 657 814 comitatus
690 774 1033 824 dissimilitudine,
1069 775 1217 829 quippe
1245 775 1494 828 cingentibus
1522 775 1673 817 Liviam
1704 790 1790 830 gra-

246 831 361 873 vibus
392 829 502 879 viris,
543 829 639 870 haec
675 829 892 872 iuventutis
922 836 962 871 et
992 831 1154 885 quidem
1186 831 1413 872 luxuriosae
1442 844 1560 885 grege
1587 832 1791 873 circumsi-

336 942 441 984 [Mss.
469 941 666 974 ABGPSV.

244 1000 276 1029 4.
316 997 458 1029 haberet
485 997 561 1034 (del
601 1002 625 1036 t,
654 1008 724 1029 om.
751 1000 803 1034 se)
832 997 874 1029 G.
920 1008 955 1029 se
979 998 1104 1030 habere
1131 998 1233 1030 s-bP.
1278 1016 1323 1022 —
1356 999 1378 1029 4
1403 999 1439 1029 et
1463 999 1495 1029 5.
1534 997 1791 1040 rempublicam.

245 1047 278 1074 et
306 1042 401 1073 iulia
428 1047 569 1074 venerat
595 1043 642 1073 ad
667 1053 742 1074 eum
761 1041 832 1074 BV.
877 1053 1008 1084 rempu.
1031 1043 1129 1074 Iulia
1154 1048 1297 1075 venerat
1322 1043 1368 1074 ad
1393 1053 1469 1074 eum
1494 1041 1515 1073 i.
1568 1042 1728 1074 Iuliam
1755 1047 1793 1075 et

249 1086 520 1128 Rempublicam.
565 1087 664 1117 Iulia
689 1092 830 1119 veneral
856 1088 903 1119 ad
932 1098 1008 1119 eum
1036 1099 1112 1130 e-g.
1160 1098 1267 1130 remp.
1303 1088 1350 1120 Et
1379 1088 1476 1119 Iulia
1506 1087 1610 1118 venit
1644 1087 1690 1118 ad
1717 1097 1794 1119 eum

244 1130 307 1161 Pi.
355 1142 458 1173 remp.
487 1136 517 1162 et
545 1132 639 1162 iulia
666 1134 777 1169 (ras.)
804 1136 972 1163 venerata
1000 1132 1104 1164 deum
1133 1132 1177 1164 G.
1225 1143 1331 1174 remp.
1359 1137 1390 1163 et
1416 1131 1511 1163 iulia
1537 1136 1708 1163 venerata
1734 1131 1794 1163 de-

243 1185 341 1205 mum
367 1175 429 1205 1²7.
478 1186 582 1217 remp.
610 1180 641 1207 et
674 1176 767 1206 iulia
801 1181 973 1208 venerata
1005 1177 1220 1208 dominum
1250 1176 1526 1208 Asva1123P26.
1661 1178 1694 1206 5.
1733 1186 1791 1207 ve-

243 1219 326 1250 stitu
346 1219 553 1251 AssGvPoi.
601 1220 742 1252 habitu
767 1220 921 1252 i-bPSV.
950 1239 983 1243 ——
1013 1222 1114 1253 cultu
1136 1222 1170 1253 S.
1187 1239 1228 1244 ——
1251 1221 1394 1264 gaudio
1422 1222 1459 1252 A.
1482 1238 1526 1244 —
1545 1220 1589 1251 Et
1610 1224 1791 1261 quantum,

244 1264 309 1301 aii,
335 1264 370 1294 in
387 1265 444 1304 fil.
473 1266 563 1306 Aug.
590 1265 676 1306 prol.
703 1269 751 1296 est
775 1265 829 1296 hic
850 1265 961 1297 cultus
989 1264 1058 1307 i-g.
1197 1268 1227 1297 6.
1272 1268 1475 1297 Anci-terant
1499 1263 1794 1295 ABGSVi-zwe·

246 1308 315 1345 (Pr
341 1318 360 1339 a
385 1320 415 1349 ι).
444 1320 489 1340 ιιι.
516 1313 756 1347 (memorent).
794 1308 947 1348 „Scribe
979 1315 1235 1342 converterant
1263 1321 1305 1341 ex
1336 1309 1423 1341 aliis
1451 1308 1697 1348 editionibus,
1736 1309 1795 1340 vel

245 1353 522 1384 α(1υθνίοι·αηί.”ί
548 1353 657 1384 Gron.
705 1354 936 1385 adverterant
962 1354 1032 1385 ΜΞ.
1084 1359 1339 1386 converterant
1361 1354 1468 1385 bP1-5.
1518 1353 1792 1385 convertebant

246 1396 331 1428 5‘1'6.
362 1415 399 1419 —
425 1398 586 1439 equidem
607 1398 695 1438 (oin.
722 1398 772 1438 el)
798 1398 840 1429 G.
866 1416 907 1421 —
932 1399 1122 1431 luxurioso
1149 1399 1200 1437 (G
1224 1409 1244 1431 a
1270 1409 1343 1430 sec.
1370 1399 1436 1439 ιιι.)
1459 1400 1514 1430 vl.
1536 1416 1576 1420 —
1602 1397 1791 1429 circumse-

247 1496 349 1527 verbi
376 1496 530 1528 blandiri
551 1495 778 1537 significatio
803 1499 869 1538 est,
895 1496 932 1528 h.
952 1507 983 1528 e.
1052 1502 1201 1530 staret.
1252 1497 1306 1529 Cf.
1332 1496 1459 1528 Livius
1486 1495 1622 1536 xxix,
1654 1497 1711 1537 14,
1739 1498 1793 1527 12.

247 1540 443 1581 credebat,
475 1552 537 1572 seu
565 1542 609 1572 ol)
637 1541 906 1582 indulgentiam
931 1541 982 1573 in-

248 1585 406 1617 ducebat
430 1586 590 1616 animum
616 1589 654 1616 ut
677 1587 844 1617 erederet
868 1585 984 1617 filiani

248 1629 394 1670 quidem
433 1629 550 1661 videri
589 1629 810 1671 impudicam
848 1631 910 1662 sed
946 1642 985 1662 re

248 1684 330 1704 esse
362 1675 539 1706 castarum*
569 1674 677 1705 zffiw.
717 1693 749 1697 —
778 1674 985 1706 Freundius

249 1717 359 1749 affert
386 1718 531 1759 lilpian.
558 1718 639 1760 Dig.
668 1718 791 1759 XXVI,
810 1723 839 1759 7,
857 1721 889 1750 3.
906 1731 934 1751 s.
953 1722 985 1750 2.

249 1763 365 1794 Rlan
379 1764 563 1795 (liuntur
593 1763 681 1794 enim
718 1764 804 1795 sibi
834 1764 893 1805 qui
923 1775 990 1806 pu-

248 1812 323 1839 tant
354 1808 556 1839 houm-ories
584 1812 712 1839 tutores
746 1808 882 1840 omuino
921 1820 990 1840 non

247 1852 369 1891 teneri,
392 1856 427 1883 et
449 1852 553 1883 Ovid.
580 1852 655 1883 Λιιι.
681 1852 727 1890 ll,
754 1855 804 1890 11,
830 1854 885 1884 54.
923 1854 992 1884 Cur

247 1907 315 1927 uon
342 1897 457 1928 volis
485 1897 693 1928 blandiar
721 1897 793 1939 ipse
818 1896 945 1928 meis?

293 1940 406 1981 reatu]
436 1941 458 1971 i.
475 1952 505 1972 e.
526 1942 645 1981 culpa.
672 1940 725 1972 Cf.
748 1941 988 1973 Hildebrand.

249 1985 293 2015 ad
318 1985 423 2025 Apul.
448 1986 592 2016 Metam.
621 1985 695 2024 Vll,
722 1988 752 2017 9.
784 1997 815 2026 p.
841 1988 920 2017 550.
946 2003 990 2008 ——

250 2029 447 2060 Messalam
475 2030 544 2061 hae
575 2040 662 2061 voce
692 2029 850 2070 primuni
884 2040 989 2060 nsum

250 2083 330 2104 esse
358 2073 484 2104 retulit
511 2073 667 2114 Quintil.
692 2073 786 2112 Ylll,
808 2076 841 2112 3,
858 2074 911 2104 34.

294 2118 397 2148 talem
427 2118 538 2156 fuisse
567 2118 662 2159 apud
697 2119 845 2148 maiores
884 2117 988 2148 Clau«

251 2161 360 2201 diam]
390 2161 562 2199 Zeunius,
588 2160 648 2201 qui
675 2165 798 2193 censet
825 2159 989 2202 intelligi

251 2204 294 2246 Q.
344 2205 486 2236 Metelli
535 2204 677 2236 Celeris
724 2216 895 2244 uxorem,
945 2206 989 2235 de

251 2248 355 2280 euius
402 2250 509 2281 foeda
559 2249 713 2281 libidine
760 2253 900 2281 constet
946 2259 988 2280 ex

250 2293 326 2324 Cic.
363 2305 425 2334 pro
452 2294 594 2332 Caelio,
634 2294 678 2325 ad
711 2295 783 2325 Att.
818 2294 870 2333 ll,
901 2295 928 2325 1.
954 2296 990 2324 et

249 2337 452 2370 Plutarcho
484 2340 518 2370 in
551 2338 728 2369 Cicerone
755 2338 873 2379 iisque
898 2348 988 2379 quae

250 2382 438 2414 Manutius
473 2382 704 2415 adnotaverit
742 2384 784 2414 ad
817 2383 892 2414 Cic.
925 2381 989 2413 Di-

251 2438 345 2459 vers.
368 2429 405 2467 Y,
427 2430 473 2467 2.,
498 2432 571 2459 toto
593 2429 707 2468 coelo,
735 2431 773 2459 ut
793 2427 907 2467 aiunt,
932 2438 989 2458 ei·-

250 2474 319 2502 rat.
388 2472 550 2513 Namque
598 2472 693 2503 lianc
731 2472 845 2512 fuisse
892 2471 989 2513 apud

249 2516 397 2548 maiores
421 2517 608 2558 Angustus
640 2520 738 2548 certe
772 2516 893 2547 dicere
919 2526 987 2546 non

253 2560 380 2600 potuit,
406 2572 519 2602 neque
544 2572 663 2593 sermo
688 2564 743 2592 est
765 2560 809 2592 (le
832 2560 988 2591 muliere

251 2604 358 2636 foeda
382 2605 537 2637 libidine
563 2605 705 2645 infami,
725 2605 787 2636 sed
813 2604 856 2636 de
878 2603 989 2636 (lubia

250 2648 349 2681 sarna
375 2650 534 2681 sominae
557 2654 694 2689 castae,
722 2648 841 2690 qualis
868 2649 990 2680 fuerat

251 2692 319 2725 illu
345 2693 500 2726 Claudia
525 2695 567 2725 de
593 2705 663 2735 qua
690 2693 887 2725 Suetonius
905 2692 991 2724 Tib.

250 2739 302 2769 2:
348 2739 517 2777 Claudia,
560 2738 696 2779 inquit,
730 2739 805 2779 fuit
839 2743 870 2769 et
904 2748 992 2779 quae

250 2793 371 2814 navem
390 2795 463 2815 eum
483 2784 591 2815 sacris
608 2783 733 2815 Matris
745 2783 853 2814 Deum
866 2782 992 2814 Idaeae

252 2826 489 2860 obhaerentem
526 2828 686 2859 Tiberino
716 2828 807 2859 vado
841 2826 991 2858 extraxit

249 2876 393 2909 precata
415 2873 620 2914 propalam,
656 2875 693 2904 ut
718 2872 769 2904 ita
796 2871 930 2902 demum
956 2880 991 2902 se

253 2920 461 2956 sequeretur,
487 2917 525 2949 si
548 2917 632 2950 sibi
653 2915 875 2959 pudicitia
899 2925 992 2947 con-

1056 1543 1240 1574 Malronae
1277 1542 1444 1584 primores
1484 1541 1656 1581 civitatis,
1706 1541 1796 1573 inter

1054 1598 1141 1628 qiias
1173 1587 1276 1618 unius
1308 1585 1528 1617 Claudiae
1566 1585 1715 1625 Quintae
1740 1585 1796 1617 in-

1058 1632 1160 1673 signe
1187 1636 1235 1663 est
1259 1641 1399 1670 nomeu,
1425 1640 1603 1672 accepere:
1640 1630 1696 1661 cui
1721 1630 1795 1662 du-

1055 1676 1141 1715 bia,
1192 1680 1229 1707 ut
1284 1675 1455 1712 traditur,
1521 1678 1625 1706 antea
1672 1675 1794 1714 fama

1056 1720 1293 1751 clariorem
1318 1720 1371 1751 ad
1394 1723 1593 1761 posteros
1616 1722 1689 1750 tam
1712 1718 1795 1749 reli-

1059 1765 1159 1807 gioso
1184 1764 1375 1796 ministerio
1407 1763 1667 1804 pudicitiam
1690 1763 1797 1803 fecit3

1061 1809 1156 1840 l’lin.
1181 1808 1222 1840 N.
1247 1808 1290 1839 H.
1315 1808 1390 1846 vll,
1413 1810 1467 1838 35.
1496 1807 1796 1839 pudicissima

1052 1854 1190 1894 femina
1217 1878 1224 1885 .
1241 1878 1247 1883 .
1263 1877 1270 1884 .
1295 1853 1452 1884 iudicata
1484 1856 1532 1883 est
1558 1875 1588 1883 ..
1614 1851 1798 1894 religionis

1059 1898 1287 1940 experimento
1326 1896 1516 1929 Claudia
1551 1895 1692 1928 inducta
1724 1896 1795 1927 Ro-

1059 1953 1149 1973 mam
1180 1943 1287 1973 Deum
1318 1942 1449 1979 Matre,·
1491 1939 1734 1980 Lactant.11‚
1761 1943 1794 1979 7,

1061 1989 1112 2017 12.
1147 1987 1376 2018 Claudiam
1395 1988 1535 2026 ferunt,
1562 1995 1667 2026 quae
1693 1995 1796 2016 sem-

1056 2041 1134 2072 per
1161 2030 1387 2071 impudica
1417 2034 1528 2060 esset
1563 2029 1715 2059 habita
1749 2028 1794 2059 ob

1057 2074 1213 2105 nimios
1245 2073 1450 2115 corporis
1483 2073 1647 2110 cultus,
1695 2071 1795 2103 deam

1059 2141 1066 2149 .
1083 2141 1090 2148 .
1117 2128 1244 2155 orasse,
1272 2122 1320 2155 ut,
1346 2117 1376 2148 si
1395 2127 1429 2148 se
1454 2121 1585 2148 castam
1610 2116 1795 2155 iudicaret,

1059 2173 1157 2193 suum
1183 2162 1363 2203 cingulum
1386 2166 1601 2202 sequeretur3
1625 2160 1690 2191 Sil.
1712 2160 1795 2192 Ital.

1058 2205 1172 2245 ΧΠΙ,
1195 2208 1249 2236 35.
1285 2206 1474 2237 Claudia
1499 2216 1567 2236 uon
1596 2215 1710 2246 aequa
1730 2215 1797 2246 po-

1055 2250 1133 2292 puli
1161 2250 1251 2281 male
1276 2250 1406 2281 credita
1428 2251 1543 2290 fama.
1593 2247 1670 2280 Non
1696 2252 1796 2281 reete

1059 2294 1170 2335 vulgo
1217 2304 1280 2335 pro
1321 2293 1467 2335 virgine
1508 2292 1644 2324 Vestali
1688 2293 1797 2324 Clau·

1058 2338 1153 2370 diam
1178 2337 1308 2369 haberi
1335 2338 1459 2369 docuit
1474 2337 1642 2368 Dukerus
1668 2336 1703 2368 in
1731 2337 1797 2368 ad-

1058 2386 1129 2414 not.
1156 2383 1198 2414 ad
1226 2382 1369 2414 Livium
1395 2383 1418 2414 l.
1442 2393 1472 2413 c.
1505 2382 1561 2413 Cf.
1586 2381 1697 2413 etiam
1719 2380 1794 2413 Cic.

1058 2439 1092 2469 p.
1117 2426 1218 2458 Cael.
1257 2429 1317 2467 14,
1348 2428 1367 2466 ἓ
1400 2428 1454 2458 34.
1492 2430 1527 2459 et
1565 2427 1609 2458 de
1642 2425 1793 2466 hnrusp.

1058 2483 1153 2514 resp.
1181 2473 1233 2509 13,
1260 2472 1275 2512 §
1299 2474 1354 2502 ⁵27.

1100 2519 1133 2547 5.
1183 2516 1366 2556 adfectata
1397 2513 1590 2555 severitate]
1628 2511 1683 2543 Cf.
1718 2511 1794 2545 Cic.

1059 2560 1103 2591 de
1140 2560 1220 2591 har.
1261 2570 1356 2600 resp.
1400 2559 1424 2590 l.
1463 2568 1495 2589 c.
1545 2557 1583 2597 Q.
1626 2557 1791 2596 Claudia,

1058 2605 1154 2636 cuius
1194 2605 1378 2645 priscam
1420 2602 1543 2633 illam
1587 2602 1795 2633 severita-

1057 2654 1136 2681 tem
1160 2647 1323 2688 sacrificii
1347 2646 1493 2686 mirifica
1512 2650 1574 2678 tua
1597 2657 1693 2678 soror
1721 2645 1795 2678 exi-

1059 2693 1219 2724 stimatur
1238 2692 1386 2722 imitata.

1103 2738 1134 2766 6.
1182 2736 1390 2767 Averlcraut
1422 2734 1458 2765 in
1493 2744 1527 2765 se
1556 2732 1737 2776 populum]
1771 2743 1794 2765 a

1059 2780 1270 2821 spectaculo
1305 2779 1363 2810 vel
1395 2788 1416 2810 a
1451 2778 1582 2810 ceteris
1614 2777 1676 2819 qui
1708 2777 1794 2809 ade-

1059 2826 1152 2856 rant.
1174 2823 1230 2855 Cf.
1250 2822 1327 2854 Liv.
1349 2822 1398 2863 Π,
1417 2825 1450 2863 5,
1475 2825 1507 2854 6.
1537 2823 1606 2854 Sed
1631 2834 1653 2855 a
1675 2821 1794 2854 ceteris

1060 2892 1089 2901 ..
1129 2867 1279 2900 consulis
1320 2868 1418 2899 liberi
1455 2867 1638 2900 omnium
1675 2867 1718 2899 in
1752 2875 1794 2899 se

1059 2916 1318 2947 averterant
1342 2912 1502 2946 oculos.
