1871 3126
192 66 277 109 236
822 60 1098 104 MACROBII

192 179 379 226 Etruria,
419 175 526 216 [asar
553 171 801 222 Arretinum,
843 173 1005 214 adamas
1030 185 1242 227 supernas,
1279 172 1504 214 Tiberinum
1532 171 1726 226 Μανθανέ-

280 288 383 331 [Mss.
408 283 574 318 ABGPS.

186 355 328 387 paream
352 341 517 375 teneris
541 350 673 382 quoque
701 339 957 370 Maecenatibus
979 342 1108 380 aptam.
1156 338 1257 369 Haec
1284 348 1538 377 exaraveram,
1566 349 1645 369 cum
1671 338 1728 369 of-

188 388 287 420 fendi
320 387 356 418 in
391 385 620 418 Adversariis
648 383 797 424 [xt‘111‚
831 384 873 425 1.]
908 383 1094 414 divinasse
1124 383 1337 414 Turnebum
1373 384 1549 414 Mcduliae
1574 384 1631 414 vel
1663 385 1726 413 le-

188 433 352 465 tulouiae.
410 431 454 462 Et
487 440 572 460 vero
610 428 816 460 leluloniae
848 439 915 459 nou
947 428 1120 459 absimile
1161 439 1246 458 xero
1281 426 1341 458 sit.
1400 426 1637 458 Cnsaubnnus
1673 432 1725 458 ta-

187 489 268 509 men
305 477 349 508 ad
378 474 593 507 Suetonium
624 472 671 514 [p.
701 474 767 503 *293
794 473 859 515 sq.]
899 473 1074 503 medullae
1107 472 1257 512 retinet,
1293 477 1328 502 et
1359 470 1450 513 legit
1484 471 1633 512 insuper
1662 471 1728 502 mel

439 520 486 551 Et
511 524 594 550 ante
619 529 699 548 eum
728 517 850 548 Simeo
876 516 1009 547 Hosius
1035 516 1104 557 [ad.
1129 516 1246 547 Cicer.
1270 517 1313 547 ad
1342 515 1412 546 Au.
1440 515 1534 553 UH,
1563 515 1628 556 15.]
1659 515 1729 545 Mel

193 566 373 599 Geminum
407 570 438 596 ct
477 564 607 595 Veiens.
657 561 787 592 Lector
818 562 1099 593 arbitrabimur.‘⁴
1129 562 1222 592 I'ont
1285 560 1431 600 „Invita
1461 560 1630 591 Minerva
1659 559 1728 590 Ca—

187 612 371 642 saubonus
399 608 558 640 correxit
592 606 661 638 Mel
689 617 879 649 gemmeum
910 606 1109 637 Medulliae.
1168 605 1304 637 Melius
1343 605 1528 646 Gyraldus
1563 605 1606 635 de
1639 603 1726 635 hist.

186 661 283 697 poet.
310 654 448 696 dialog.
479 652 541 691 lv,
569 663 603 693 p.
628 653 701 681 152.
732 650 885 682 tentavit
914 651 979 682 mel
1000 651 1157 693 gentium
1181 655 1211 682 et
1236 650 1405 687 medulla,
1444 649 1514 680 nisi
1546 649 1638 690 quod
1668 659 1729 679 co-

186 700 273 742 pula
301 698 388 730 huic
415 696 569 739 Augusti
602 695 689 726 stilo
724 695 831 735 plane
863 696 1044 726 contraria
1074 700 1138 726 est.
1188 694 1271 726 Fuit
1301 705 1369 735 quo
1399 704 1466 736 ego
1500 693 1579 735 ipse
1610 698 1729 724 tenta—

186 755 261 775 rem
289 743 454 775 mellitule
478 742 592 779 „melu
619 739 956 781 Ilonignninnehevff‘
990 739 1074 770 coll.
1105 739 1210 780 Apul.
1237 739 1323 770 Met.
1350 738 1419 775 111,
1446 750 1477 779 p¹
1503 740 1582 769 205.
1629 736 1726 778 Quid

183 793 318 828 autem,
340 787 371 819 si
395 786 589 818 sanissima
616 788 672 814 est
701 783 810 814 lectio
834 783 999 815 melcule?
1051 783 1151 824 Apud
1179 784 1349 814 Plautum
1381 783 1541 814 occurrit
1571 781 1728 813 adiecti-

186 844 268 865 vum
293 832 484 864 melliculus
515 835 549 861 et
577 827 847 860 substantivum
873 828 1083 859 molliculum
1111 829 1194 859 Cas.
1219 828 1280 866 lv,
1308 830 1347 864 4,
1378 830 1428 858 18.
1458 832 1493 858 et
1525 826 1672 858 Curcul-
1699 826 1727 864 l,

187 880 218 917 1,
243 880 293 908 11.
337 876 425 912 lam,
454 874 507 906 uti
529 873 623 915 apud
649 872 801 903 eundem
827 871 908 903 Cas.
929 872 986 912 lv,
1003 874 1036 911 4,
1062 873 1109 902 14.
1137 876 1229 903 teste
1250 871 1439 903 Prisc-iano
1462 871 1528 909 111,
1552 883 1584 912 p.
1601 874 1668 903 610
1688 871 1726 902 P.

184 922 345 964 legimus
369 921 482 952 Meum
506 943 535 950 ..
560 917 782 954 melculum3
809 915 859 947 ita
882 916 975 947 mibi
999 916 1059 947 vix
1086 916 1237 947 dubium
1260 920 1315 947 est
1336 915 1420 957 quin
1445 915 1631 958 Augustus
1654 914 1728 946 ioci

184 966 305 1009 gratia
333 976 375 997 ex
404 963 572 996 mellicule
602 973 666 1004 per
699 971 881 1003 syncopen
916 960 1046 992 fecerit
1070 961 1232 1000 melcule„
1272 965 1307 992 et
1337 959 1478 991 rariore
1503 965 1538 991 et
1563 960 1727 991 insolen-

184 1012 277 1042 tiore
303 1011 419 1041 forma
455 1009 702 1039 Maecenatem
736 1005 947 1037 ludificatus
979 1005 1100 1036 fuerit.
1147 1005 1272 1045 Neque
1302 1009 1421 1036 tamen
1453 1004 1645 1035 dissimulo
1671 1004 1728 1034 of·-

181 1054 340 1087 fcnsioni
367 1053 457 1085 mihi
485 1063 564 1084 esse
590 1050 772 1092 duplicem
801 1050 924 1082 mellis
949 1050 1356 1087 commemorationem‚
1390 1073 1421 1080 ..
1449 1049 1519 1080 nisi
1545 1059 1623 1080 eam
1649 1054 1727 1080 stu-

183 1100 286 1131 diose
312 1097 515 1140 quaesitam
538 1095 713 1127 dixeris.“
742 1094 881 1127 W'eich.
922 1112 962 1117 -
1003 1095 1177 1126 Iletruria
1204 1093 1312 1134 Sug.
1349 1093 1474 1133 „Male
1497 1093 1659 1125 Crinitus
1682 1093 1727 1123 de

182 1145 326 1175 honest.
353 1142 497 1183 discipl.
518 1140 641 1177 XMV,
666 1142 715 1171 12.
741 1138 854 1170 habet
877 1139 958 1170 ebur
982 1139 1206 1170 Ilet›·11riae.“
1233 1137 1372 1169 Weich.
1394 1156 1433 1160 —
1460 1138 1556 1169 lasar
1580 1138 1722 1169 Mser!

182 1188 421 1220 31123P2567.
459 1185 588 1226 „Quod
616 1184 726 1216 etiam
751 1184 914 1215 Crinitus
940 1188 972 1215 et
998 1182 1218 1214 Meibomius
1239 1182 1273 1214 in
1302 1183 1462 1214 Maeceu.
1491 1182 1605 1213 semel
1632 1193 1659 1213 c.
1688 1184 1722 1212 2.

183 1236 203 1273 ς’
235 1235 290 1263 23.
324 1232 448 1262 habet.
497 1231 539 1260 At
568 1240 654 1260 vero
686 1228 778 1259 mihi
812 1238 1028 1270 persuasum
1063 1233 1118 1258 est
1151 1228 1242 1259 laser
1273 1227 1308 1258 h.
1337 1228 1358 1259 l.
1391 1227 1602 1258 mendosum
1630 1237 1723 1258 esse.

184 1277 332 1319 Optime
358 1276 400 1307 R.
425 1274 582 1306 maffeus
608 1273 642 1305 in
665 1274 868 1305 Commeat.
892 1284 963 1304 rer.
989 1273 1114 1303 urban.
1141 1272 1204 1303 lib.
1229 1271 1340 1302 xvn.
1373 1277 1409 1303 et
1434 1271 1621 1313 Gyraldus
1647 1276 1724 1303 ten-

184 1326 306 1355 tarunt
331 1321 423 1352 Esar
444 1318 467 1350 i.
494 1330 521 1350 e.
546 1318 652 1350 deus:
680 1328 772 1359 quae
797 1317 1009 1349 coniectura
1032 1316 1167 1348 vitiosa
1195 1316 1350 1347 lectione
1373 1317 1470 1348 laser
1493 1316 1646 1357 egregie
1669 1315 1724 1347 iu-

189 532 394 565 gemmeum.

183 1371 300 1405 vatur,
324 1363 540 1406 praesertim
572 1363 603 1394 si
628 1361 823 1403 scripseris
847 1364 967 1400 Aesar,
988 1361 1082 1402 qnod
1108 1371 1128 1392 a
1154 1360 1191 1392 P.
1220 1359 1362 1392 Crinito
1387 1365 1524 1392 temere
1549 1360 1725 1392 reiectum

181 1416 285 1443 extra
311 1420 453 1441 omnem
480 1407 746 1439 dubitationem
773 1406 874 1449 ponit
898 1406 1097 1437 Suetonius
1120 1406 1211 1447 Aug.
1238 1416 1267 1436 c.
1291 1409 1364 1437 92:

773 1477 779 1482 .
809 1452 958 1483 Etrusca
980 1451 1105 1493 lingua
1134 1450 1216 1481 deus
1235 1454 1424 1481 vocaretur.
1452 1448 1507 1480 Cf.
1535 1448 1602 1480 Dio
1623 1450 1725 1481 Cass.

184 1500 271 1539 LVI,
295 1510 322 1529 c.
348 1499 428 1529 29.“
456 1496 596 1528 Weich.
635 1496 678 1528 G.
703 1496 746 1527 de
771 1495 907 1526 Rhoer.
935 1506 968 1536 p.
993 1496 1047 1525 34.
1079 1493 1230 1525 coniicit
1260 1494 1342 1525 Lar
1370 1494 1540 1525 Arretine.

177 1459 331 1497 ferretur
355 1454 444 1495 quod
472 1454 617 1492 Aesar,
645 1453 667 1483 ἰ.
693 1462 721 1483 e.
749 1475 757 1483 .

1391 1410 1428 1436 ut
1452 1405 1542 1436 inter
1565 1405 1645 1436 deos
1670 1415 1726 1436 re-

1590 1494 1726 1525 Iasser

182 1548 235 1576 v3.
289 1544 391 1575 laser
419 1542 486 1574 i—b.
516 1559 549 1564 -
584 1541 760 1572 aretinum
783 1539 991 1571 Sc-bPMle
1013 1539 1118 1579 „Vim
1144 1538 1280 1570 Duker.
1306 1542 1340 1570 ct
1366 1537 1546 1569 Drakenb.
1572 1538 1617 1569 ad
1645 1537 1725 1569 Liv.

182 1589 245 1628 lx,
269 1590 322 1619 32.
351 1586 398 1618 in.
426 1590 461 1618 et
486 1585 535 1623 X,
560 1588 614 1624 37,
641 1587 673 1617 4.
713 1584 928 1616 Schneider.
955 1584 1016 1615 Gr.
1042 1583 1120 1614 Lat.
1148 1583 1184 1621 I,
1212 1585 1251 1618 2,
1277 1594 1310 1623 p.
1335 1584 1412 1613 428.

182 1644 239 1677 ap.
267 1633 414 1664 Gruter.
441 1635 477 1663 et
502 1630 616 1662 Orell.
644 1629 856 1672 praeferunt
875 1628 1195 1671 diplasiasmuinf‘
1222 1626 1362 1659 Weich.

182 1732 315 1775 plicem
359 1729 483 1763 mellis
523 1728 920 1762 commemorationem.

182 1777 277 1809 Mihi
298 1788 342 1808 ne
360 1777 426 1808 mel
447 1776 603 1819 gentium
626 1774 771 1816 quidem
792 1785 919 1805 sanum

184 1833 265 1854 esse
291 1821 454 1860 videtur,
490 1819 561 1851 nisi
593 1819 627 1851 in
662 1819 805 1851 meculle
831 1819 921 1850 latet

182 1878 313 1898 nomen
339 1865 499 1906 aliquod.
527 1865 576 1896 An
603 1864 698 1895 forte
722 1863 919 1905 legendnm

183 1916 238 1942 est
263 1908 464 1954 genitum?
512 1909 601 1940 Erat
625 1920 733 1950 quum
760 1907 920 1939 coniice-

183 1967 279 1986 rem:
317 1955 383 1986 mel
411 1954 563 1996 gentis
587 1964 695 1984 meum
730 1953 918 1992 Cilniae,

183 2004 219 2032 et
244 1999 359 2030 infra:
397 1998 650 2029 culinarum
675 1997 876 2038 smaragde.

227 2045 308 2075 ebur
345 2054 384 2074 ex
418 2042 565 2073 Etruria
602 2040 684 2081 cet]
723 2041 919 2080 „Atlusum

182 2088 226 2120 ad
254 2088 457 2128 impensum
489 2085 713 2116 Maecenatis
747 2084 782 2116 in
816 2095 919 2126 gem-

182 2143 261 2163 mas
307 2130 521 2170 similesque
569 2129 724 2160 delicias
772 2128 919 2169 lapillo-

182 2187 262 2207 rum
323 2175 497 2207 studium.
581 2173 655 2204 Nec
710 2172 920 2204 dissimulat

182 2221 340 2261 ipsemet
384 2219 453 2250 hoc
500 2216 767 2260 epigrammate
810 2228 920 2259 super

182 2263 329 2296 lloratii
355 2263 475 2295 obitu:

209 2310 368 2351 Lugent,
394 2320 411 2339 ο
431 2317 506 2339 mea
525 2306 611 2345 vita,
637 2310 669 2337 te
693 2305 916 2346 smaragdus,

206 2353 368 2393 Bet-yllus
384 2362 514 2394 quoque
532 2355 561 2382 et
584 2351 676 2392 ipse3
697 2361 756 2381 nec
771 2351 918 2381 nitentes

208 2397 336 2438 Nuper,
363 2396 515 2428 candida
540 2395 750 2437 margarita,
776 2405 916 2435 quaero,

208 2441 279 2473 Nec
303 2452 386 2483 quos
411 2440 572 2481 thynnica
597 2439 679 2470 lima
700 2439 886 2480 perpolivit

207 2485 347 2517 Anellos
371 2496 430 2516 nec
454 2484 584 2526 iaspios
607 2484 784 2524 lapillos:5

183 2529 310 2570 Puwr„
341 2529 402 2570 qui
435 2528 488 2559 sic
509 2526 663 2559 mutavit
691 2537 835 2558 versum
859 2536 917 2557 se-

182 2574 352 2611 cundum,
369 2572 429 2605 ubi
450 2573 579 2613 vulgo:
604 2572 761 2612 Beryllos
786 2581 917 2612 quoque

182 2618 261 2656 (vel
287 2619 388 2655 mihi)
418 2618 538 2649 Flacce
561 2615 712 2656 legitur.
742 2615 796 2646 Cf.
824 2615 916 2646 Bur-

181 2673 301 2693 mann.
326 2662 471 2693 Anthol.
497 2661 543 2697 II,
574 2662 665 2692 224..
694 2660 749 2691 ed.
775 2660 918 2701 Meyer.

183 2709 259 2743 82..
312 2707 441 2738 Isidor.
479 2705 582 2747 Orig.
623 2705 725 2741 xlx,
767 2706 830 2742 32,
871 2706 917 2742 6.,

184 2749 383 2782 Weichert.
410 2751 433 2782 l.
460 2761 488 2781 c.
516 2761 549 2791 p.
578 2752 666 2788 188„
691 2748 753 2790 qui
778 2760 812 2789 p.
841 2750 917 2779 185.

182 2794 370 2841 adnotavit
411 2795 563 2826 haecce:
616 2793 831 2835 „Augustus
881 2791 916 2822 in

182 2837 440 2878 υποκορίσμασι
489 2838 725 2879 sequentibus
764 2835 919 2877 respicit

182 2880 341 2912 ludendo
369 2893 449 2913 cum
476 2893 597 2914 rerum
623 2882 741 2913 omnis
769 2879 918 2921 generis

183 2924 442 2958 deliciosarum
472 2930 548 2959 tum
575 2925 745 2968 inprimis
771 2923 919 2967 lapillo-

1463 1581 1726 1623 Inscriptiouea

1418 1628 1577 1659 arrentin
1591 1638 1646 1658 um
1668 1629 1724 1659 vl.

988 1739 1067 1760 rum
1108 1727 1351 1770 pretiosorum
1395 1726 1576 1766 studium,
1619 1725 1725 1758 cuius

989 1774 1182 1804 Maecenas
1203 1771 1489 1803 insimulabatur
1510 1770 1584 1813 [qui
1608 1770 1724 1812 scrip-

989 1818 1084 1849 sisse
1119 1816 1265 1849 videtur
1302 1816 1346 1847 de
1380 1816 1537 1858 gemmis
1574 1820 1725 1847 auctore

987 1862 1109 1894 Plinio
1147 1862 1182 1893 in
1223 1860 1384 1892 Elencho
1424 1860 1508 1892 libri
1546 1859 1724 1896 xxxvii,

988 1907 1063 1938 vol.
1090 1906 1122 1945 Ι,
1152 1918 1184 1948 p.
1213 1908 1286 1936 124.
1313 1905 1431 1948 Sill.],
1464 1909 1646 1947 augetque
1680 1901 1721 1935 τὸ

987 1951 1124 1992 γελοῖον
1167 1949 1371 1982 sententiae
1414 1960 1456 1981 eo
1498 1949 1590 1990 quod
1634 1947 1723 1980 illas

985 1995 1137 2026 delicias
1184 1994 1341 2026 adiectis
1396 1993 1604 2025 nominibus
1661 1993 1723 2024 de-

987 2039 1111 2080 signat
1156 2038 1260 2080 quasi
1302 2049 1426 2069 omnes
1459 2038 1501 2069 ad
1540 2036 1723 2076 Etruriae,

987 2083 1213 2114 Maecenatis
1251 2082 1403 2123 eiusque
1440 2081 1619 2113 maiorum
1659 2091 1722 2122 pa·

987 2127 1099 2165 triae,
1155 2128 1266 2158 urbes
1317 2126 1560 2168 regionesque
1610 2125 1723 2166 perti-

986 2175 1113 2210 neant,
1144 2171 1268 2212 ibique
1295 2170 1536 2211 reperiantur.
1565 2193 1595 2201 ..
1621 2169 1723 2200 Mae-

986 2220 1147 2247 cenatem
1176 2215 1297 2256 lepide
1323 2215 1488 2256 appellat
1514 2215 1610 2253 ebur,
1645 2224 1722 2245 rem

985 2272 1051 2302 per
1076 2271 1115 2291 se
1143 2260 1358 2301 pretiosam,
1396 2269 1500 2299 quam
1532 2258 1566 2289 h.
1598 2258 1620 2289 l.
1653 2269 1723 2290 non

983 2304 1089 2336 India
1115 2305 1177 2336 sed
1204 2304 1353 2336 Etruria
1378 2303 1517 2335 mittat!
1559 2302 1724 2335 Pei-ridi-

984 2349 1112 2380 cule!“

1028 2394 1124 2425 lasar
1170 2391 1383 2433 Arretinum]
1433 2392 1561 2430 Aesar,
1625 2389 1720 2431 quod

983 2438 1078 2479 apud
1118 2438 1291 2468 Etruscos
1329 2434 1557 2478 significaret
1599 2434 1719 2472 deum,

985 2482 1179 2524 legendum
1209 2492 1290 2513 esse
1314 2490 1466 2511 censens
1487 2478 1720 2510 weichertus

984 2526 1122 2558 oblitus
1159 2530 1214 2557 est
1247 2536 1323 2556 rem
1364 2523 1542 2565 quandam
1583 2522 1719 2564 pretio-

985 2581 1063 2602 sam
1090 2571 1206 2602 fnisse
1231 2568 1501 2601 nominandam.
1547 2566 1630 2606 Ipse
1656 2565 1721 2596 ad-

985 2614 1126 2646 notavit
1152 2615 1307 2645 haecce:
1336 2612 1447 2652 „Post
1473 2609 1594 2641 eboris
1619 2620 1721 2640 men-

985 2659 1120 2691 tionem
1149 2657 1306 2699 quilibet
1329 2659 1515 2696 exspectet
1537 2653 1720 2693 unionem,

985 2713 1187 2746 gemmam,
1227 2700 1369 2732 aliusve
1401 2698 1508 2741 pretii
1538 2697 1718 2739 lapidem3

985 2748 1045 2780 sed
1070 2745 1276 2778 nominatur
1300 2745 1391 2775 laser
1413 2743 1620 2775 Arretinum.
1646 2742 1720 2774 Cur

985 2791 1181 2824 Arretinum
1227 2788 1372 2820 dicatur
1422 2788 1529 2825 laser,
1586 2785 1718 2827 liquet:

984 2834 1169 2866 Arretium
1194 2843 1265 2864 una
1286 2843 1327 2863 ex
1353 2831 1543 2862 duodecim
1567 2831 1720 2862 urbibus

984 2878 1155 2910 Etruriae
1193 2876 1462 2919 principalibus
1503 2879 1554 2913 et,
1596 2878 1636 2906 ut
1676 2885 1720 2907 ex

985 2922 1081 2956 mvii
1110 2922 1174 2955 ub.
1207 2921 1257 2963 X,
1288 2932 1316 2953 c.
1349 2922 1379 2952 3.
1413 2919 1519 2962 [adde
1545 2919 1612 2952 sn.
1641 2919 1718 2961 vn,
