1845 3131
244 44 328 86 542
873 41 1150 96 MACROBJI

241 168 286 201 ac
318 152 517 195 similiter:
561 173 616 180 ——
643 150 793 191 Domus
819 152 931 193 sanie
962 153 1203 208 dapibusque
1229 157 1408 196 cruentis.

202 210 307 252 4Sic
339 210 460 262 igitur
485 206 524 248 id
555 219 720 260 quoque
751 205 901 247 dictum
934 207 1057 248 videri
1086 207 1221 249 debet:
1251 209 1340 263 Ipse
1370 210 1576 259 Quirinali
1603 211 1712 260 lituo,
1741 210 1781 251 id

240 272 300 307 cst
337 266 477 306 lituum
507 262 754 311 Quirinalem
783 269 924 304 tenens.
983 263 1107 313 Quod
1135 263 1298 304 minime
1322 265 1547 306 mirandum
1577 265 1700 314 foret,
1749 266 1781 307 si

239 322 292 362 ita
322 320 473 361 dictum
500 317 660 358 fuisset:
692 318 809 359 Picus
837 319 1046 367 Quirinali
1068 320 1164 360 lituo
1191 327 1293 368 erat,
1334 320 1451 360 sicuti
1479 321 1665 362 dicimus:
1706 330 1782 362 sta-

237 385 306 417 cua
339 375 487 431 qrandi
519 375 643 429 capite
677 382 769 414 erat.
827 374 881 414 Et
911 383 963 415 est
1000 380 1134 415 autem
1170 380 1210 415 et
1243 383 1326 416 erat
1363 380 1403 415 et
1431 376 1508 429 fuit
1544 377 1781 430 plerumque

199 432 385 474 5absunt
417 444 506 471 cum
537 429 730 483 elegantia
771 429 856 470 sine
893 430 1133 472 detrimento
1174 431 1404 472 sententiae.
1475 431 1554 471 Sed
1590 432 1779 485 quoniam

238 486 339 528 sacta
364 486 452 527 litui
478 485 629 527 mentio
657 490 728 534 est,
751 486 1150 539 praetermittendum
1176 500 1255 527 non
1283 492 1343 527 est
1367 485 1475 540 quod
1500 500 1617 539 posse
1642 487 1780 541 quaeri

237 542 604 590 animadvertimus,
630 547 766 582 utrum
794 555 816 582 a
845 542 940 582 tuba
970 542 1093 583 lituus
1126 542 1325 595 auguralis
1354 542 1576 596 appelletur
1605 556 1655 582 an
1683 542 1781 583 tuba

237 612 260 638 a
290 598 389 638 lituo
422 611 620 650 augurum
660 597 782 637 lituus
819 596 923 637 dicta
959 598 1020 638 sit.
1082 599 1309 651 Utrumque
1334 598 1439 638 enim
1471 597 1554 651 pari
1586 597 1713 638 forma
1743 602 1782 638 et

198 656 223 695 6
237 654 385 708 pariter
415 653 456 693 in
487 652 616 705 capite
643 652 851 693 incurvum
881 658 951 693 est.
1006 653 1083 694 Sed
1112 654 1156 702 si,
1185 659 1231 694 ut
1262 653 1423 706 quidam
1455 657 1607 706 putant,
1632 653 1730 694 tuba
1759 666 1781 693 a

236 709 373 749 sonitu
405 710 524 749 lituus
561 707 756 760 appellata
787 713 847 747 est
882 721 929 747 ex
960 709 1026 749 illo
1052 708 1217 750 Homeri
1246 722 1382 749 versu:
1415 708 1547 760 Λίγξε
1571 705 1686 760 βιὸς,
1712 721 1778 748 ne-

236 778 347 805 cesse
380 768 441 804 est
477 768 524 802 ut
561 762 669 815 virga
700 762 901 815 auguralis
937 776 958 803 a
999 764 1120 805 tubae
1154 764 1414 805 similitudine
1445 764 1569 805 lituus
1604 768 1779 806 vocetur.

238 820 373 861 Utitur
403 823 536 859 autem
567 817 762 858 vocabulo
791 817 867 858 isto
897 818 1086 872 Virgilius
1119 825 1159 860 et
1190 833 1262 873 pro
1293 820 1403 869 tuba,
1432 825 1478 860 ut
1506 819 1580 860 ibi:

436 885 487 925 Et
510 885 605 925 lituo
635 898 791 939 puyrias
821 885 990 939 iusiyuis
1019 886 1148 926 obibat
1178 893 1210 926 et
1238 885 1360 926 hasta.

198 953 221 993 7
348 949 528 992 Subiecit
571 949 766 990 Avienus:
813 951 1013 992 Maturate
1050 953 1189 1046 (aqam
1233 951 1331 1005 quid
1379 951 1450 999 sit,
1495 962 1635 1006 parum
1680 949 1777 990 mihi

234 1007 371 1061 liquet.
432 1005 642 1047 Contraria
672 1005 776 1045 enim
807 1005 966 1047 videtur
992 1006 1043 1047 mi
1077 1007 1088 1047 i
1121 1006 1211 1060 fuga
1241 1005 1480 1048 maturitati:
1518 1005 1646 1054 unde,
1681 1004 1777 1059 quid

196 1063 284 1106 Sde
312 1062 386 1103 hoc
412 1062 531 1103 verbo
563 1061 813 1102 sentiendum
847 1061 910 1110 sit,
937 1076 1087 1116 quaeso
1117 1077 1180 1104 me
1209 1062 1366 1103 doceas.
1423 1062 1476 1102 Et
1507 1061 1686 1102 Servius:
1709 1061 1777 1103 Ni-

234 1117 384 1172 gidius,
432 1117 554 1158 homo
585 1117 764 1157 omnium
797 1117 994 1159 bonarum
1028 1118 1172 1159 artium
1205 1117 1424 1172 disciplinis
1449 1116 1652 1170 egregius:
1689 1117 1776 1159 Ma-

168 1182 355 1227 [maltum
383 1173 526 1227 inquit,
551 1180 603 1214 est
630 1173 733 1228 quod
760 1187 882 1227 neque
911 1174 1026 1214 cilius
1053 1188 1175 1229 neque
1201 1176 1345 1221 serius,
1373 1174 1440 1214 sed
1468 1174 1638 1214 medium
1664 1172 1775 1227 quid-

233 1230 323 1269 clam
349 1237 381 1269 et
405 1236 657 1284 temperatum
688 1236 750 1269 est.
808 1229 917 1268 Bene
944 1234 1065 1282 atque
1096 1230 1254 1284 proprie
1282 1229 1476 1282 Nigidius.
1535 1229 1637 1271 Nam
1668 1233 1707 1268 et
1735 1227 1775 1267 in

232 1284 412 1338 frugibus
443 1290 483 1324 et
514 1284 553 1324 in
586 1284 714 1337 pomis
746 1289 902 1324 matura
935 1284 1123 1324 dicuntur
1152 1298 1254 1339 quae
1282 1297 1413 1338 neque
1442 1283 1565 1324 cruda
1593 1288 1632 1323 et
1660 1282 1774 1322 inmi-

232 1339 286 1379 tia
313 1344 407 1380 sunt
434 1353 567 1393 neque
592 1339 742 1379 caduca
772 1344 812 1379 et
839 1339 1006 1380 nimium
1042 1345 1174 1387 cocta,
1213 1340 1282 1380 sed
1310 1345 1490 1394 tempore
1523 1352 1596 1379 suo
1623 1343 1773 1391 tempe-

194 1396 315 1436 9ratc
349 1395 496 1435 adulta.
572 1395 684 1434 Hanc
720 1394 1087 1448 interpretationem
1124 1396 1375 1448 Nigidianam
1412 1394 1527 1435 divus
1565 1396 1774 1446 Augustus

232 1450 391 1491 duobus
434 1450 561 1490 verbis
592 1449 756 1491 Graecis
794 1450 995 1503 eleganter
1028 1451 1286 1504 exprimebat.
1346 1452 1446 1493 Nam
1486 1455 1525 1490 et
1567 1448 1698 1489 dicere
1733 1448 1774 1488 in

235 1504 486 1546 sermonibus
517 1510 556 1546 et
587 1505 759 1546 seribere
795 1505 833 1545 in
870 1506 1048 1559 epistolis
1086 1506 1245 1546 solitum
1284 1506 1433 1546 serunt:
1473 1504 1640 1544 Σπεῦδε
1671 1504 1772 1557 βρα-

234 1558 362 1612 δέως,
402 1574 472 1615 per
503 1560 612 1616 quod
640 1560 850 1612 monebat,
888 1566 934 1601 ut
961 1561 1010 1601 ad
1038 1574 1121 1601 rem
1154 1561 1347 1615 agendam
1373 1560 1491 1601 simul
1520 1559 1774 1602 adhiberetur

323 1693 428 1734 [Mss.
456 1693 596 1725 APSM.

230 1747 317 1779 Aen.
343 1747 381 1788 V,
405 1750 481 1780 401,
515 1766 558 1772 —-
600 1748 752 1780 Proiicit
777 1747 861 1789 chg.
899 1763 944 1769 ·—
987 1747 1126 1788 Domus]
1154 1746 1239 1779 Aen.
1263 1747 1331 1788 111,
1355 1750 1432 1779 618.
1571 1748 1604 1779 4.
1647 1747 1771 1779 Fatua

228 1792 362 1834 grandi
388 1792 490 1824 codd.
516 1791 658 1834 aliquot
680 1792 808 1830 Gellii,
828 1795 863 1823 et
888 1791 942 1822 ed.
968 1790 1069 1823 Lion.
1204 1794 1237 1822 5.
1272 1792 1328 1824 Et·
1353 1791 1517 1833 quoniam
1538 1790 1637 1823 Gell.
1658 1808 1697 1812 —
1724 1791 1770 1822 li-

228 1836 281 1868 tui
298 1837 403 1877 facta
430 1848 507 1878 v-g.
543 1853 586 1860 ——
621 1848 643 1868 a
669 1836 752 1868 tuba
778 1846 885 1878 quae
911 1835 1051 1867 lituus
1082 1836 1339 1878 appellatur
1368 1836 1466 1867 Gell.
1499 1853 1543 1858 —-
1584 1836 1771 1876 Utrumque

228 1880 319 1920 (om.
346 1881 452 1918 enim)
478 1880 553 1913 SM.
601 1898 632 1903 —
677 1881 712 1912 in
742 1881 855 1921 capite
882 1889 951 1910 om.
979 1879 1075 1910 Gell.
1212 1883 1243 1911 6.
1287 1880 1385 1912 sicut
1409 1880 1447 1911 P.
1490 1896 1531 1902 —
1575 1879 1770 1910 Homerico

228 1925 340 1956 verbo
366 1925 461 1955 Gen.
498 1943 538 1948 ——·
572 1923 687 1966 Λίγξε]
715 1924 759 1955 ΙΙ.
782 1921 823 1963 ὁ’,
855 1925 926 1954 125.
962 1941 1003 1945 —
1036 1934 1100 1965 pro
1129 1923 1212 1954 tuba
1239 1925 1327 1964 (om.
1351 1925 1400 1962 et)
1425 1934 1503 1965 v-g.
1529 1942 1571 1946 -
1599 1923 1646 1956 Et
1671 1922 1770 1964 lituo]

227 1967 315 1999 Aen.
341 1968 397 2007 vl,
427 1972 498 2000 167.
521 1986 562 1992 —-
586 1979 765 2011 pugnans
790 1967 870 1999 PM.
986 1970 1017 1998 7.
1047 1967 1237 2009 Maturate]
1262 1968 1348 1999 Aen.
1374 1968 1402 2006 l,
1430 1969 1503 1999 137.
1527 1977 1769 2010 ·—pugnam

229 2012 264 2042 P.
306 2029 344 2034 —
386 2013 470 2043 mihi
497 2014 631 2045 videtur
655 2012 760 2053 Sv-g.
799 2029 839 2033 —
882 2011 1062 2042 maturati
1087 2011 1125 2042 A.
1262 2015 1284 2042 8
1337 2012 1505 2055 Nigidius
1529 2034 1559 2043 ..
1584 2010 1771 2042 maturitas

228 2056 267 2093 (ἓ
292 2055 359 2096 9.)]
388 2056 483 2087 Gell.
510 2056 550 2088 N.
577 2056 615 2087 A.
643 2055 685 2095 X,
714 2056 829 2094 11.§§
853 2057 886 2094 2,
910 2056 930 2084 3
956 2058 991 2085 et
1013 2057 1045 2086 5.
1081 2073 1117 2077 ——
1161 2054 1199 2085 P.
1230 2055 1397 2098 Nigidius
1422 2055 1520 2086 Gell.
1554 2072 1596 2076 -—
1631 2054 1770 2085 Mature

228 2099 421 2130 s-bPGell.
463 2105 656 2131 maturate
678 2100 717 2130 A.
764 2104 961 2130 maturare
984 2097 1199 2139 Sv-ng23.
1236 2115 1269 2120 —
1314 2104 1363 2130 est
1386 2109 1455 2129 om.
1483 2097 1559 2129 SM.
1592 2115 1635 2120 —-
1659 2097 1768 2128 cruda

227 2147 258 2174 et
282 2153 351 2174 om.
379 2154 411 2174 v.
438 2161 479 2166 —
504 2144 670 2175 inuncta
695 2143 734 2174 A.
763 2161 805 2165 —
829 2147 861 2173 ct
885 2142 1032 2173 decocta
1061 2143 1149 2181 (om.
1177 2142 1339 2179 nimium)
1366 2142 1463 2173 Gell.
1488 2159 1528 2163 -
1553 2141 1704 2172 adolla
1728 2140 1767 2171 A.

227 2186 350 2219 adulta
376 2192 582 2230 maturaque
606 2186 683 2227 (vel
709 2188 983 2228 maturamque)
1002 2185 1097 2216 Gell.
1235 2188 1266 2217 9.
1293 2186 1452 2218 scribens
1479 2184 1526 2216 M.
1552 2201 1595 2207 —
1623 2182 1766 2216 Σπεΰδε

273 2306 304 2336 4.
345 2306 447 2338 Picus
469 2306 646 2347 Quirinali
668 2306 752 2338 lituo
771 2306 859 2347 erat]
885 2306 963 2338 Hoc
1032 2304 1238 2347 pretatione
1262 2315 1352 2347 quac
1379 2304 1562 2345 sequitur,
1594 2309 1630 2337 et
1656 2303 1766 2336 facile

226 2349 380 2381 latinum
414 2361 483 2382 non
510 2361 590 2381 esse
616 2360 721 2381 nemo
749 2360 818 2381 non
845 2350 961 2382 videt:
1030 2349 1111 2381 fieri
1135 2349 1255 2391 potuit
1287 2354 1325 2380 ut
1351 2348 1497 2380 librarii
1521 2349 1616 2381 hanc
1641 2359 1766 2380 vocem

226 2404 292 2424 nec
324 2394 396 2425 huc
428 2394 569 2426 faciunt
600 2394 754 2426 ablativi
788 2394 858 2426 soli
886 2405 963 2426 ma-
1029 2394 1347 2427 acconunodarent
1394 2394 1439 2425 ad
1487 2392 1766 2425 antecedentem

227 2437 358 2470 teriam
385 2438 592 2470 indicantes
618 2449 770 2479 quorum
796 2440 963 2480 exempla
1030 2443 1214 2470 maturate.
1273 2437 1326 2469 Ad
1376 2437 1525 2469 verbum
1572 2442 1763 2475 maturare,

226 2483 413 2524 congessit
443 2483 603 2515 Gossrau
639 2483 682 2514 ad
715 2482 843 2524 tin-gil.
875 2483 961 2515 Aen.
1031 2486 1221 2524 postquam
1245 2482 1265 2522 ἓ
1292 2484 1345 2513 10.
1378 2481 1421 2512 de
1450 2491 1514 2512 suo
1546 2479 1763 2512 adverbium

225 2525 297 2565 111,
319 2529 397 2558 618.
446 2527 572 2569 ltaque
608 2526 747 2568 aliquid
785 2531 840 2559 est
876 2538 961 2568 sup·
1029 2531 1164 2559 mature
1188 2525 1363 2565 inseruit,
1401 2524 1525 2556 Gellio
1550 2524 1641 2555 duce
1667 2523 1683 2563 ξ)
1711 2525 1762 2554 11.

226 2570 413 2611 plenduni,
440 2572 503 2603 scd
530 2582 598 2602 non
622 2576 669 2604 est
695 2572 753 2603 vel
778 2576 872 2611 erat,
896 2572 959 2603 scd
1030 2570 1162 2602 transit
1199 2569 1427 2608 Macrobius,
1473 2578 1577 2608 quem
1616 2567 1761 2608 quidem

224 2620 366 2647 ornatus
395 2616 453 2646 vel
478 2615 600 2647 similo
630 2615 865 2656 participium
897 2627 961 2657 per
1028 2614 1098 2646 hoc
1135 2615 1235 2653 loco,
1281 2624 1389 2654 quum
1425 2611 1610 2643 omisisset
1646 2610 1763 2642 Gellii

224 2659 404 2698 quoddam
428 2658 559 2701 ζεῦγμα
585 2659 782 2701 participio
806 2660 959 2692 succine·
1029 2659 1158 2690 verba:
1186 2658 1352 2690 Mature
1373 2666 1464 2687 mmo
1482 2655 1661 2697 significat
1675 2666 1759 2697 pro—

225 2706 280 2734 tus
303 2704 618 2745 comprehensum.
1024 2714 1105 2744 pere
1130 2707 1161 2734 et
1183 2702 1261 2740 cito,
1282 2700 1445 2732 scribere
1471 2698 1664 2740 oportebat
1685 2710 1760 2731 ma-

268 2750 301 2777 8.
352 2747 503 2789 Mature]
528 2748 623 2789 quod
642 2758 661 2779 e
682 2746 804 2779 Gellio
825 2749 862 2778 ct
883 2747 958 2778 for—
1026 2752 1162 2778 turum.

225 2791 324 2822 tasse
347 2802 366 2823 e
391 2792 468 2824 cod.
492 2793 519 2824 P
547 2794 733 2833 receptum
761 2795 817 2823 est
840 2791 877 2823 in
901 2790 957 2822 ed.
1069 2792 1102 2821 9.
1127 2789 1238 2820 dicere
1254 2786 1438 2818 ..solitum
1453 2787 1596 2827 ferunt.-
1614 2785 1757 2818 Σπεῦδε

223 2831 398 2875 Stephani.
421 2836 570 2877 retinui,
588 2835 674 2878 quia
699 2846 764 2868 nec
785 2839 958 2868 maturate
1022 2830 1196 2875 βραδέως]
1242 2828 1297 2861 Cf.
1340 2829 1487 2862 Sueten.
1531 2829 1658 2862 Octav.
1700 2832 1755 2861 25.

224 2886 289 2908 nec
318 2885 495 2913 maturare
527 2879 695 2913 convenit
727 2890 809 2912 cum
843 2879 956 2911 inter·
1026 2876 1123 2908 Nihil
1151 2880 1265 2909 autem
1288 2874 1401 2907 minus
1430 2875 1466 2906 in
1493 2876 1646 2917 perfecto
1672 2874 1757 2907 duce
