1845 3131
248 45 328 86 576
861 44 1137 89 MACROBII

242 156 350 198 aliud
374 169 422 197 ex
449 154 525 194 alio
552 155 692 200 mutat,
719 157 886 193 vocatur
911 150 1173 209 ἄλλοιωτική.
1226 156 1331 198 Huic
1358 158 1605 200 obsecuntur
1627 173 1782 209 omnes,

179 212 229 253 17
244 212 338 267 quia
382 212 466 264 ipsa
505 206 794 261 digestionibus
832 215 956 250 curat.
1024 211 1183 252 Ventris
1219 212 1324 253 enim
1365 214 1445 255 duo
1485 220 1579 255 sunt
1617 215 1782 264 orificia,

245 279 417 322 quorum
446 263 630 317 superius
659 268 835 304 erectum
868 265 1009 320 recipit
1037 267 1225 308 devorata
1251 273 1290 309 et
1316 268 1356 308 in
1382 269 1514 310 sollem
1544 271 1692 312 ventris
1720 285 1782 311 re-

245 321 392 363 condit.
452 319 527 359 Hic
557 324 618 359 est
644 319 897 369 stomachus,
945 321 1012 375 qui
1042 322 1323 376 paterfamilias
1350 324 1427 364 dici
1457 327 1621 376 meruit,
1669 326 1783 380 quasi

244 391 363 419 omne
388 374 530 416 animal
559 375 668 415 solus
692 375 936 428 gubernans:
983 391 1072 417 nam
1106 378 1136 418 si
1169 384 1390 432 aegrescat,
1434 380 1513 421 vita
1545 381 1585 421 in
1616 381 1777 435 ancipiti

244 438 304 474 est
328 431 525 473 titubante
552 430 762 471 alimoniae
788 437 940 473 meatu:
971 433 1034 473 cui
1057 439 1199 475 natura
1224 440 1428 488 tamquam
1454 435 1620 476 rationis
1647 437 1782 491 capaci

243 489 342 530 velle
371 500 416 527 ac
448 486 552 526 nolle
592 486 822 527 contribuit.
882 488 1052 530 Inferius
1082 503 1174 530 vero
1202 490 1417 531 demissum
1449 491 1645 531 intestinis
1675 493 1783 532 adia-

181 547 231 590 18
245 543 426 586 centibus
459 541 663 591 inseritur,
704 548 744 583 et
771 543 862 583 inde
893 543 954 585 via
989 551 1049 585 est
1077 545 1292 599 egerendis.
1350 546 1458 600 Ergo
1494 546 1533 586 in
1570 552 1705 587 ventre
1742 547 1787 588 fit

244 599 371 655 prima
402 598 571 652 digestio
597 598 741 638 virtute
769 596 1023 655 ἀλλοιωτικῇ
1054 601 1093 641 in
1122 615 1262 642 sucum
1293 607 1471 643 vertente
1499 601 1691 656 quicquid
1719 615 1783 643 ac-

244 660 403 710 ceptum
437 659 515 703 est,
560 653 674 694 cuius
702 653 789 694 faex
820 656 1051 697 retrimenta
1082 662 1176 697 sunt
1204 671 1306 711 quae
1336 671 1406 711 per
1439 657 1643 706 intestina,
1687 658 1784 699 infe-

244 712 349 751 riore
377 709 532 751 orificio
563 708 769 759 tradente,
813 711 1021 753 labuntur:
1071 718 1110 752 et
1141 712 1274 753 officio
1305 719 1470 767 quartae
1501 713 1680 763 virtutis,
1721 713 1786 755 cui

180 770 230 811 19
244 762 518 819 ἄπεκκριτικὴ
551 777 697 805 nomen
730 770 805 816 est,
855 772 1096 820 procuratur
1128 768 1289 820 egestio.
1346 770 1454 821 Ergo
1488 774 1700 823 postquam
1743 769 1785 810 in

244 836 385 863 sucum
413 821 527 861 cibus
554 819 813 871 reformatur,
862 821 926 863 hic
955 822 1032 863 iam
1069 822 1208 863 iecoris
1240 836 1333 863 cura
1364 824 1553 864 succedit.
1610 825 1685 865 Est
1713 839 1784 866 au-

243 883 322 919 tem
352 877 460 918 iecur
489 881 699 917 concretus
730 877 902 931 sanguis,
928 884 968 919 et
994 878 1084 919 ideo
1112 878 1231 919 babet
1255 878 1433 919 nativum
1466 879 1650 928 calorem,
1676 880 1786 933 quod

245 932 471 974 confectum
504 946 643 973 sucum
675 933 794 974 vertit
823 933 863 973 in
895 934 1151 987 sanguinem:
1197 938 1236 975 et
1267 934 1371 974 sicut
1399 934 1533 975 cibum
1570 934 1610 975 in
1642 948 1784 976 sucum

243 989 343 1031 verti
375 988 502 1043 prima
539 993 619 1036 est,
663 987 717 1028 ita
748 1003 888 1030 sucum
928 991 1099 1031 transire
1130 989 1169 1029 in
1209 989 1442 1043 sanguinem
1477 990 1649 1031 secunda
1679 991 1784 1045 dige-

176 1045 321 1088 20stio
360 1049 431 1085 est.
496 1044 615 1084 Hunc
649 1044 758 1085 calor
792 1045 935 1086 iecoris
972 1045 1292 1087 administratum
1334 1059 1404 1100 per
1442 1060 1632 1087 venarum
1672 1047 1784 1087 fistu-

242 1102 298 1142 las
342 1100 382 1139 in
423 1112 495 1139 sua
537 1112 721 1153 quaeque
764 1102 942 1142 membra
983 1101 1193 1156 dispergit,
1236 1106 1348 1155 parte
1392 1115 1495 1155 quae
1534 1116 1581 1142 ex
1621 1102 1784 1156 digestis

243 1155 498 1209 frigidissima
525 1160 586 1195 est
615 1155 656 1195 in
684 1156 824 1197 lienem
854 1156 998 1206 refusa,
1035 1157 1103 1211 qui
1134 1162 1180 1198 ut
1209 1157 1319 1197 iecur
1350 1157 1492 1198 caloris
1521 1157 1575 1199 ita
1602 1157 1687 1212 ipse
1718 1157 1783 1199 fri-

175 1213 225 1254 21
243 1211 349 1267 geris
376 1210 623 1252 domicilium
656 1217 728 1252 est.
786 1213 885 1254 Nam
915 1213 1005 1254 idco
1031 1227 1170 1254 omnes
1197 1212 1383 1254 dexterae
1408 1218 1539 1267 partes
1570 1213 1783 1256 validiores

174 1272 362 1322 [2191sunt
392 1272 433 1308 et
460 1266 672 1308 debiliores
702 1267 898 1319 sinistrae,
929 1268 1023 1324 quia
1050 1269 1120 1310 has
1150 1268 1251 1323 regit
1281 1269 1389 1310 calor
1411 1269 1569 1310 visceris
1592 1269 1666 1319 sui,
1697 1269 1785 1311 illae

334 1388 442 1431 [Mss.
470 1390 651 1422 APSH12.

243 1455 311 1476 om.
337 1444 373 1477 S.
421 1445 657 1488 digestiva
690 1445 730 1476 E.
870 1448 922 1478 17.
962 1447 1148 1490 aegrescit
1175 1447 1213 1478 P.
1254 1465 1294 1469 —
1333 1446 1502 1489 egerendi
1532 1446 1595 1478 Av.
1734 1450 1785 1479 18.

242 1484 458 1531 &azoton-imi
493 1489 540 1520 vi.
591 1489 780 1521 alloeotica
806 1500 882 1531 c-g.
929 1500 1179 1523 AMOImTIKH
1219 1490 1257 1522 A.
1306 1502 1374 1521 0111.
1402 1490 1437 1522 S.
1481 1507 1514 1513 —
1558 1485 1786 1533 ἅπεκκριτικὴ

243 1532 324 1563 Hl2
370 1542 687 1565 ΑποεΚΚΡΙΤιΚιι
722 1535 759 1564 Α.
807 1529 1028 1576 ἀποκριτικὴ
1066 1536 1155 1567 Edd.
1180 1534 1219 1566 P.
1269 1545 1338 1566 0111.
1371 1534 1407 1565 S.
1441 1551 1485 1557 —-
1519 1545 1642 1566 nomen
1679 1530 1784 1567 ἄπεκ-

242 1573 379 1617 κριτικὴ
403 1577 471 1608 H2.
612 1580 662 1609 19.
701 1578 859 1609 colorem
880 1578 915 1609 S.
943 1595 984 1602 —
1012 1580 1076 1620 qui
1102 1581 1292 1619 confectum
1318 1578 1445 1619 v3-gb.
1472 1578 1649 1616 „Recte.“
1674 1578 1786 1612 Zeun.

242 1637 287 1643 —
322 1621 483 1654 verterit
505 1621 542 1652 Α.
578 1639 621 1644 —
660 1622 810 1665 digestio
831 1626 920 1660 (0111.
947 1627 1026 1660 est).
1163 1625 1217 1653 20.
1259 1622 1596 1654 administrandum
1621 1633 1654 1654 v.

242 1676 299 1706 21.
335 1675 400 1707 has
437 1675 619 1708 dextras
652 1667 689 1716 ΗΙ
726 1676 793 1707 112.
833 1694 876 1700 -
915 1677 988 1709 illa
1012 1676 1048 1709 S.
1185 1680 1239 1709 22.
1281 1677 1390 1710 tertio
1416 1676 1452 1708 h.
1479 1687 1671 1719 -purum
1697 1681 1787 1716 (om.

1093 1788 1335 1834 οἷπεκκριτικὴ]
1360 1790 1422 1823 Sic
1447 1801 1464 1822 e
1487 1790 1674 1822 codicibus
1699 1802 1785 1823 mss.

1049 1835 1201 1877 scripsi,
1247 1835 1413 1876 quamvis
1450 1835 1655 1867 Alexander
1694 1837 1718 1868 1.
1755 1846 1785 1867 c.

291 1791 342 1820 16.
391 1791 517 1833 omnes]
553 1790 576 1822 i.
604 1802 634 1822 e.
663 1795 808 1823 ceterae
833 1791 979 1824 vitutcs.

244 1833 300 1864 Cf.
326 1834 488 1866 fabulam
517 1835 676 1867 Mcnenii
702 1836 888 1878 Agrippae
923 1848 980 1879 ap.

244 1877 323 1908 Liv.
352 1878 397 1917 ΙΙ,
424 1881 479 1919 32,
505 1881 525 1910 9
549 1890 626 1921 sqq.

288 1922 539 1964 digestionibus
563 1923 674 1965 curat]
712 1923 790 1955 Vid.
826 1928 900 1956 not.
935 1924 980 1956 ad

244 1965 273 2041 ἑ,
304 1969 354 2006 14,
381 1969 431 2007 6.,
460 1967 520 1999 ubi
549 1967 608 1999 bic
636 1968 738 2000 locus
764 1973 821 2000 est
846 1969 982 2001 adden-

271 2021 322 2041 us.

292 2056 344 2085 17.
391 2055 664 2098 paterfamilias]
690 2055 714 2087 ἰ.
743 2066 773 2087 c.
802 2055 982 2089 dominus.

244 2096 298 2128 Cf.
327 2097 354 2134 Ι,
384 2101 436 2137 11,
464 2102 515 2130 11.

292 2141 361 2172 (1ἱοί
395 2142 529 2184 meruit]
567 2141 590 2173 i.
619 2153 648 2173 e.
685 2142 818 2183 (lignus
841 2144 981 2185 estqui

246 2184 402 2216 dicatur.
451 2186 505 2217 Cf.
533 2197 562 2217 c.
587 2189 618 2218 9.
644 2186 660 2227 §
685 2189 739 2217 22.

290 2240 387 2260 omne
411 2230 557 2270 animal]
587 2229 610 2261 i.
638 2241 668 2260 e.
694 2234 808 2262 totuin
835 2241 980 2271 corpus.

245 2271 307 2304 Sic
342 2272 477 2305 Comm.
513 2273 541 2312 Ι,
581 2276 609 2312 1,
641 2277 672 2304 7.
708 2274 833 2306 eodem
871 2285 979 2306 sensu

245 2316 381 2348 dicitur
412 2322 491 2360 post
517 2318 680 2349 animal
716 2323 752 2350 et
783 2323 860 2361 post
891 2329 980 2351 cor-

276 2371 335 2392 us.

241 2371 264 2403 p
287 2405 469 2447 titubante]
496 2404 519 2437 i.
542 2415 572 2436 e.
593 2404 798 2437 debilitato.

288 2450 376 2481 velle
399 2461 439 2481 ac
462 2449 566 2492 nolle]
594 2454 691 2482 tenet
717 2451 837 2482 locum
863 2449 981 2481 nomi-

245 2503 329 2524 num
369 2493 701 2532 substantivorum,
745 2495 980 2536 appetentiam

244 2542 276 2569 et
291 2538 494 2578 fastidium.
532 2537 584 2569 Cf.
613 2549 643 2569 c.
668 2540 700 2578 9,
723 2540 743 2579 S
768 2541 822 2570 22.
847 2542 882 2570 et
908 2538 978 2570 vid.

245 2582 415 2624 prolegg.
442 2594 475 2624 p.
501 2593 610 2613 xxnx
640 2592 693 2622 sq.

293 2627 343 2657 18.
390 2626 603 2667 retrimenta]
636 2625 692 2657 Cf.
720 2627 763 2665 §§
789 2628 832 2657 23
858 2629 893 2657 et
916 2626 978 2664 243

245 2680 275 2700 c.
311 2672 372 2710 ll,
398 2672 417 2709 ἓ
441 2674 482 2709 9;
517 2682 545 2701 c.
578 2672 635 2708 15,
661 2672 681 2710 ἓ
708 2672 748 2701 19
774 2681 851 2711 sq.;
883 2669 922 2700 C.
951 2669 979 2708 Ι,

244 2714 277 2751 6,
296 2717 349 2745 77.
386 2715 522 2746 Eodem
545 2725 654 2746 sensu
674 2714 743 2745 hoc
762 2714 978 2745 vocabulum

244 2756 396 2790 Varroni
429 2758 603 2790 tribuitur
633 2768 654 2790 a
684 2757 801 2789 Nonio
836 2769 867 2799 p.
899 2760 979 2798 217,

244 2801 298 2830 23.
346 2801 429 2843 Ipse
444 2801 653 2834 Macrobius
679 2813 708 2833 c.
732 2805 785 2841 15,
813 2803 832 2841 ξ
854 2804 884 2833 4.
913 2801 980 2833 ha-

245 2841 304 2874 bet
327 2851 552 2878 recrementa.-
588 2847 746 2878 alterum
771 2857 791 2878 a
816 2846 976 2885 terendo,

245 2886 400 2921 alterum
427 2901 447 2922 a
474 2890 653 2922 cernendo
679 2894 733 2922 est
759 2890 975 2921 derivatum-

1048 1875 1282 1922 ἀποκριτικήν
1307 1890 1386 1911 cam
1412 1879 1584 1911 nominet.

1095 1927 1149 1955 19.
1194 1929 1376 1967 postquam
1409 1949 1439 1956 ..
1472 1922 1694 1964 reformatur]
1729 1921 1785 1955 Cf.

1050 1968 1167 2000 Hand.
1207 1967 1371 1999 Turseli.
1418 1967 1483 2008 lv,
1528 1979 1562 2009 p.
1602 1969 1669 1999 498
1709 1978 1784 2008 ‹sq-z

1048 2013 1257 2051 „Praesens
1281 2037 1308 2044 ..
1334 2011 1469 2044 dicitur
1493 2035 1501 2043 .
1518 2036 1526 2044 .
1556 2011 1600 2042 (le
1626 2011 1678 2042 rei
1702 2022 1786 2042 con-

1050 2056 1189 2088 ditione
1235 2066 1325 2097 quae
1366 2056 1492 2087 eadem
1539 2054 1785 2097 praesentiam

1049 2101 1221 2131 continua
1247 2099 1436 2139 attingit.“

1095 2145 1130 2175 in
1168 2142 1297 2184 sucum]
1331 2143 1385 2173 Cf.
1421 2142 1494 2174 Cic.
1522 2140 1562 2172 N.
1588 2141 1628 2172 D.
1654 2140 1701 2180 ΙΙ,
1727 2142 1784 2181 55,

1052 2190 1125 2219 137.
1154 2188 1208 2218 Ex
1233 2187 1404 2218 intestinis
1431 2191 1542 2218 autem
1569 2190 1600 2216 et
1626 2185 1704 2217 alvo
1729 2196 1783 2217 se-

1048 2236 1160 2263 cretus
1185 2242 1206 2262 a
1233 2231 1365 2272 reliquo
1392 2231 1463 2262 cibo
1495 2239 1619 2261 sucus
1645 2230 1680 2260 is
1707 2240 1784 2271 quo

1049 2276 1209 2307 alimur
1236 2280 1419 2316 permanat
1444 2274 1490 2305 ad
1515 2274 1620 2304 iecur.

1092 2319 1194 2351 vertit
1219 2319 1254 2350 in
1280 2317 1501 2361 sanguinem]
1526 2316 1580 2348 Cf.
1600 2315 1674 2348 Cic.
1701 2316 1728 2348 l.
1753 2326 1784 2348 c.

1048 2364 1099 2394 Ab
1137 2374 1173 2395 eo
1210 2363 1281 2394 cibo
1316 2373 1419 2404 quum
1458 2366 1506 2394 est
1544 2365 1673 2393 secreta
1707 2360 1785 2392 bilis

1047 2407 1140 2449 iique
1166 2407 1322 2438 humores
1346 2407 1405 2448 qui
1431 2417 1447 2438 e
1471 2405 1606 2437 renibus
1632 2406 1783 2447 profun-

1048 2451 1191 2490 duntur,
1215 2451 1351 2493 reliqua
1379 2460 1420 2482 se
1449 2450 1491 2482 in
1525 2449 1783 2491 sanguinem

1047 2499 1235 2527 vertunt.

1093 2541 1148 2569 20.
1207 2534 1501 2577 administratum]
1545 2533 1643 2565 idem
1684 2533 1785 2566 valet

1049 2582 1142 2624 quod
1167 2582 1275 2624 paulo
1300 2590 1411 2621 supra
1439 2580 1638 2618 confectum.

1091 2628 1146 2657 21.
1194 2626 1257 2658 has
1284 2648 1314 2656 ..
1340 2622 1435 2663 illae]
1472 2621 1589 2661 „Vide
1615 2620 1665 2652 sis
1692 2631 1783 2662 quae

1048 2669 1179 2702 scribit
1213 2672 1317 2711 pater
1350 2677 1451 2698 meus
1488 2665 1673 2696 librom.
1711 2665 1784 2697 Ob-

1048 2713 1243 2746 servation.
1270 2722 1347 2752 cap.
1375 2712 1444 2748 16.,
1484 2719 1566 2740 nam
1604 2708 1784 2750 importu-

1047 2769 1113 2789 nus
1144 2760 1223 2788 erat
1249 2754 1462 2786 P1·ieae11s.“
1498 2752 1616 2784 Gaozv.
1650 2770 1696 2776 —-
1726 2752 1781 2784 lbi

1046 2800 1200 2842 legiturz
1245 2798 1427 2838 „Miratur
1469 2796 1523 2828 vir
1561 2795 1727 2828 eruditus
1762 2806 1783 2828 a

1046 2842 1334 2885 castigator-ibus
1359 2841 1455 2872 hunc
1482 2841 1602 2872 locum
1635 2839 1782 2882 impune

1045 2899 1125 2920 esse
1152 2886 1365 2919 dimissum.
1403 2896 1512 2927 quum
1542 2884 1781 2926 transpositio
