1871 3126
195 43 274 85 124
832 38 1107 83 MACROBII

191 155 288 197 muli
317 153 497 210 proxima
527 156 608 201 est,
648 155 749 205 quot
773 167 941 196 numero
972 153 1056 196 dies
1087 167 1108 194 a
1138 152 1330 194 Kalendis
1359 152 1407 193 ad
1436 152 1570 195 Nonas
1597 164 1734 207 super-

191 217 323 253 essent
360 208 661 264 pronuntiabat:
705 211 745 248 et
775 211 986 264 quintanas
1024 209 1184 264 quidem
1224 209 1331 251 dicto
1371 209 1584 263 quinquies
1615 209 1736 251 verbo

127 268 325 317 ΙΙκαλῶ,
374 265 615 320 septimanas
650 266 819 317 repetito
856 266 1002 321 septies
1044 266 1308 320 praedicabat.
1381 266 1560 307 Verbum
1601 270 1735 305 autem

188 324 304 366 καλῶ
335 322 533 363 Graecum
564 326 644 370 est,
675 320 713 360 id
745 328 805 364 est
839 338 956 365 voco:
983 327 1023 363 et
1049 322 1155 363 hunc
1179 322 1300 371 diem,
1331 322 1401 376 qui
1429 336 1475 362 ex
1507 322 1567 362 his
1596 322 1736 362 diebus

190 380 258 436 qui
286 380 509 420 calarentur
532 378 684 433 primus
713 385 828 429 esset,
857 379 1007 434 placuit
1030 378 1231 420 Kalendas
1256 378 1400 420 vocari.
1458 377 1562 418 Hinc
1594 383 1634 417 et
1663 377 1737 431 ipsi

189 437 323 478 curiae
357 436 405 477 ad
437 450 556 490 quam
591 435 837 478 vocabantur
868 436 1058 478 Calabrae
1086 449 1231 476 nomen
1263 435 1400 475 datum
1432 439 1510 482 est,
1540 439 1579 474 et
1610 433 1737 482 classi,

129 495 176 535 12
189 493 298 549 quod
327 493 455 534 omnis
487 492 526 533 in
553 506 640 533 eam
670 494 842 548 populus
870 498 1091 534 vocaretur.
1157 492 1254 532 Ideo
1285 496 1417 532 autem
1446 490 1575 531 minor
1605 489 1735 544 ponti-

188 550 251 591 fex
282 563 495 591 numcrum
526 548 681 589 dierum
713 550 781 604 qui
814 549 862 591 ad
889 550 1023 590 Nonas
1053 553 1306 603 superessent
1336 547 1501 588 calando
1530 545 1737 601 prodebat,

189 607 298 662 quod
327 613 418 661 post
446 619 588 647 novam
620 605 755 648 lunam
786 606 996 661 oportebat
1025 606 1229 647 Nonarum
1261 604 1324 645 die
1353 603 1565 659 populares
1595 602 1663 657 qui
1695 602 1734 642 in

189 663 293 718 agris
318 668 450 705 essent
474 662 676 704 confluere
702 663 741 704 in
772 664 913 704 urbem
946 668 1182 717 accepturos
1214 675 1353 702 causas
1377 660 1561 701 seriarum
1592 673 1614 699 a
1644 672 1736 712 rege

277 787 379 831 [uss.
407 786 573 820 ABGPS.

324 846 376 875 11.
414 844 583 875 Graecum
604 843 694 883 (om.
713 845 780 881 est)
804 841 842 874 S.
873 860 908 865 —
935 842 1144 875 kalarentur
1165 852 1236 873 s-z.
1261 860 1302 865 ——
1327 840 1512 872 Kalabrae
1535 850 1604 871 s—z.
1660 840 1734 871 Ca-

187 890 282 922 latae
307 901 331 932 g
351 887 385 920 iu
411 899 484 930 mg.
512 905 551 911 —
583 893 614 920 et
643 887 747 920 classi
856 892 1035 919 vocaretur
1058 898 1127 919 orn.
1155 887 1245 918 s-bt’
1278 885 1517 925 „Addebatur
1544 885 1578 917 in
1605 883 1735 926 Angli-

188 945 297 973 cano,
332 938 366 965 et
391 932 548 964 vetustis
577 932 664 964 item
691 931 956 964 editionitms.“
982 932 1084 963 I'ont.
1123 948 1162 954 —
1205 932 1239 963 in
1265 942 1339 962 eam
1365 931 1473 962 omnis
1498 930 1541 961 G.
1683 931 1733 960 12.

187 983 382 1021 superesset
406 977 444 1010 Α.
476 996 510 1001 -
537 977 698 1009 kalando
716 988 786 1008 s-z.
825 996 857 999 -
890 977 1049 1019 populos
1075 976 1111 1007 I’.
1140 994 1180 999 -
1206 981 1404 1018 accepturos
1425 980 1567 1007 cautus
1591 985 1734 1005 sacro—

186 1035 277 1056 rum
312 1024 424 1064 „lego
451 1022 557 1055 etita
585 1021 619 1054 in
644 1022 831 1054 Macrobio
858 1021 1035 1062 scriptum
1062 1020 1200 1052 diserte
1228 1020 1368 1063 primae
1394 1019 1608 1051 editionis.“
1634 1018 1734 1059 Lips.

187 1069 345 1102 Elector.
373 1068 400 1108 I,
426 1070 481 1100 21.
511 1079 543 1110 p.
572 1070 645 1099 120.
695 1068 764 1108 „At
791 1078 893 1099 meus
919 1072 955 1099 et
982 1066 1068 1098 item
1098 1070 1240 1098 vetuste
1264 1065 1341 1097 cusi
1367 1064 1503 1096 diserte
1527 1075 1653 1096 causas
1671 1065 1731 1105 sc-

187 1180 336 1213 Romuli
371 1179 406 1212 in
439 1179 583 1212 Palatio
617 1179 735 1211 fuisse
766 1178 926 1211 tradide-

187 1231 288 1265 runt,
313 1224 380 1257 alii
407 1225 556 1264 (Senec.
579 1223 724 1257 Consol.
749 1224 793 1255 ad
818 1224 925 1256 Helv.

186 1274 218 1303 9.
244 1271 260 1313 §
283 1272 315 1302 3.
342 1270 449 1302 Ovid.
475 1269 574 1302 Fast.
601 1269 668 1306 III,
696 1270 769 1301 184.
805 1269 925 1301 Valer-

187 1317 286 1349 Max.
311 1315 369 1351 IV,
394 1316 428 1356 4,
451 1317 503 1347 11.
546 1313 612 1346 Dio
637 1315 739 1348 Cass.
764 1313 926 1356 XLVIII,

186 1363 241 1393 43.
267 1364 303 1392 et
327 1360 422 1402 LIV,
448 1362 521 1397 29.,
544 1359 624 1401 qui,
652 1359 714 1391 ubi
739 1358 924 1391 Palatium

186 1409 449 1438 commemorat
466 1405 563 1444 LIII,
581 1407 645 1444 16„
667 1403 759 1436 dicit
785 1408 925 1437 tantum

186 1447 277 1493 πρὸς
309 1447 376 1493 τὴν
405 1449 471 1482 τοῦ
499 1446 681 1492 Ῥωμύλου
714 1448 928 1492 προενοίκη-

187 1499 259 1532 σιν)
275 1496 394 1527 Iocum
415 1495 596 1527 incertum
617 1494 842 1536 relinquunt,
858 1494 925 1526 alii

187 1539 348 1581 (Vitruv.
386 1540 438 1579 II,
468 1542 498 1572 l.
547 1539 682 1582 Vin-git.
715 1540 801 1571 Aen.
826 1538 925 1579 VIII,

185 1588 251 1617 653
276 1597 327 1628 sq.
354 1584 482 1618 Senec.
499 1584 671 1617 Controv.
694 1584 742 1623 II,
772 1587 783 1615 1
811 1587 847 1616 et
871 1586 924 1622 6.)

185 1629 357 1663 videntur
407 1629 530 1662 dicere
583 1640 663 1663 eam
722 1628 837 1661 ruisse
888 1628 923 1661 in

185 1674 382 1720 Capitolio.
445 1674 600 1707 Becker.
637 1674 784 1707 Haudb.
822 1673 850 1705 1.
891 1685 924 1716 p.

184 1721 248 1754 401
274 1732 326 1762 sq.
353 1720 484 1753 statuit
507 1720 734 1753 Macrobium
759 1729 922 1751 errorem

185 1765 416 1799 commisisse
454 1765 652 1798 adductum
688 1763 812 1797 verbis
843 1763 923 1795 Vin·-

185 1809 271 1853 gilii
312 1811 418 1853 (Aen.
442 1810 547 1851 vm,
570 1812 636 1843 653
665 1813 759 1851 sq.):
798 1809 924 1842 Stabat

183 1866 247 1898 pro
277 1856 404 1899 templo
430 1861 461 1889 et
494 1855 671 1898 Capitolia
702 1855 792 1887 celsa
825 1859 921 1885 tene-

186 1902 257 1943 bat,
286 1902 575 1943 Romuleoque
600 1910 751 1932 recens
774 1899 922 1931 horre-

186 1948 253 1979 bat
278 1945 402 1988 regia
427 1945 689 1986 culmo,male
707 1942 921 1982 intellectis,

185 2002 278 2034 quae
294 1990 446 2023 Servius
468 1991 492 2022 l.
517 2001 546 2023 c.
570 1994 669 2022 recte
697 2001 765 2022 non
790 1989 833 2021 ad
862 1999 922 2020 ca-

185 2047 263 2068 sam
292 2035 453 2076 Romuli,
478 2035 540 2067 sed
564 2035 608 2067 ad
637 2034 776 2067 curiam
802 2033 921 2076 ipsam

184 2081 380 2113 Calabram
409 2080 616 2119 retulissetg
648 2079 817 2120 idemque
844 2082 922 2110 stu-

186 2127 248 2158 det
277 2125 407 2157 docere
440 2136 509 2157 non
542 2126 672 2157 obesse
708 2123 795 2155 huic
833 2133 922 2155 suae

184 2169 390 2204 sententiae
427 2170 529 2202 locos
561 2170 607 2202 ab
643 2168 730 2201 aliis
766 2168 920 2200 allatos:

184 2216 247 2248 sed
271 2214 354 2247 vide
386 2226 430 2246 ne
457 2214 698 2257 praeferenda
731 2212 779 2245 sit
804 2212 920 2254 Lipsii

184 2259 298 2301 ratio,
324 2259 385 2301 qui
414 2260 457 2292 ad
482 2259 657 2292 Senecam
681 2257 845 2300 (Consol.
876 2258 920 2289 ad

185 2305 294 2338 Helv.
309 2304 333 2337 I.
351 2305 401 2346 c.)
416 2303 604 2337 adnotavit
621 2305 776 2336 haecce:
796 2302 920 2343 „Quid

184 2354 307 2383 autem
347 2350 383 2382 in
420 2351 490 2382 hoc
527 2349 696 2381 dissensu
734 2346 921 2380 dicimus?

186 2395 264 2437 Ego
303 2393 418 2431 nihil,
460 2394 532 2427 nisi
571 2393 755 2436 duplicem
798 2402 920 2424 casam

185 2438 335 2472 Romuli
364 2438 500 2472 fuisse:
535 2449 659 2471 veram
693 2441 729 2470 et
759 2441 919 2469 veterem

186 2484 221 2517 in
272 2484 437 2523 Palatio,
488 2484 643 2516 alteram
696 2482 922 2523 adsimilem,

185 2528 381 2572 religionis
413 2540 526 2562 causa
555 2529 591 2561 in
627 2531 747 2560 mente
772 2526 921 2569 Capito-

184 2574 275 2613 tino,
316 2574 377 2606 ubi
404 2573 527 2606 omnia
551 2577 615 2606 aut
639 2572 837 2615 praecipua
863 2581 921 2603 sa-

184 2620 285 2651 cra.“
334 2619 389 2652 Cf,
423 2618 579 2651 Merkel.
608 2618 651 2650 ad
683 2617 790 2650 ovid,
820 2616 920 2648 Fast.

184 2676 218 2706 p.
243 2674 360 2697 extu.
397 2663 620 2707 Philologus
642 2662 673 2702 I,
695 2665 724 2696 l.
750 2675 782 2704 p.
809 2664 854 2694 82
868 2672 921 2702 sq.

230 2708 322 2741 dicto
351 2709 533 2752 quinquies
563 2709 665 2741 verbo
699 2706 811 2748 καλῶ]
843 2705 920 2738 Ali-

186 2755 241 2785 ter
270 2753 383 2785 Varro
417 2755 440 2785 Ι.
469 2765 499 2785 c.
543 2752 764 2786 Laurentius
797 2750 920 2793 Lydus

185 2797 331 2829 modum
358 2797 619 2840 pronuntiandi
640 2809 709 2830 non
736 2794 891 2829 addidit.

232 2842 283 2873 ll.
320 2843 452 2883 placuit
464 2843 643 2876 Kalendas
658 2840 789 2883 vocari]
800 2839 919 2872 Aliam

185 2883 451 2919 derivationem
503 2887 644 2930 profert
695 2884 921 2919 Plutarchus

186 2929 337 2973 Quaest.
367 2931 471 2966 Rom.
504 2934 559 2965 24.
590 2927 824 2974 Ὀνομάζουσι
858 2939 922 2961 τον

993 1176 1058 1220 μὲν
1085 1173 1293 1218 ἀφανισμὸν
1317 1171 1432 1217 αὐτῆς
1453 1174 1535 1217 (τῆς
1567 1172 1730 1217 σελήνης)

995 1222 1057 1256 καὶ
1086 1219 1166 1275 τὴν
1191 1218 1358 1263 κρύψιν
1385 1218 1637 1262 Καλάνδας,
1676 1217 1731 1253 ὅτι

993 1268 1067 1300 πᾶν
1102 1279 1143 1299 το
1178 1262 1300 1308 κρύφα
1332 1263 1393 1296 καὶ
1427 1262 1576 1307 λάθρα
1608 1263 1730 1307 ntea,

994 1311 1055 1345 καὶ
1080 1310 1245 1353 κηλᾶρε
1274 1307 1324 1342 τὸ
1356 1306 1610 1343 λανθάνειν.
1656 1310 1729 1343 Sed

994 1357 1090 1389 idem
1117 1357 1227 1398 paulo
1253 1365 1381 1396 supra:
1423 1350 1471 1393 ὥς
1497 1353 1531 1386 οὶ
1559 1353 1639 1397 περὶ
1666 1351 1731 1387 τὸν

990 1398 1108 1445 Ἰόβαν
1132 1399 1354 1442 ἱστοροῦσιν,
1381 1394 1435 1431 ὅτι
1458 1401 1539 1437 ταῖς
1563 1396 1731 1432 Καλάν-

995 1446 1093 1484 cmg
1127 1440 1316 1477 ἐκάλουν
1349 1442 1414 1476 τὸν
1449 1443 1565 1485 δῆμον
1598 1442 1633 1476 οἱ
1665 1439 1729 1486 ἄρ-

992 1500 1114 1533 χοντες
1140 1488 1201 1521 καὶ
1230 1485 1467 1531 κατήγγελλον
1494 1486 1542 1526 εἰς
1566 1485 1730 1531 πέμπτην

991 1531 1057 1573 τὰς
1098 1531 1256 1571 Νόννας.
1323 1534 1379 1566 Cf.
1417 1532 1525 1565 haur.
1562 1532 1654 1576 Lyd.
1692 1537 1729 1565 et

993 1580 1095 1611 Varr.
1123 1579 1163 1611 u.
1191 1589 1244 1610 cc.

1039 1634 1156 1667 curiae
1184 1659 1212 1666 ..
1243 1632 1428 1675 Calabrae]
1467 1632 1568 1664 Haec
1602 1631 1729 1663 viden-

993 1683 1053 1712 tur
1078 1689 1159 1710 esse
1185 1678 1459 1721 coniungenda,
1485 1680 1524 1708 ut
1550 1677 1660 1709 verba
1680 1676 1728 1708 ad

991 1735 1092 1767 quam
1116 1724 1326 1756 vocabantur
1346 1718 1383 1755 ἐν
1400 1718 1615 1764 παρενθέσει
1631 1720 1729 1754 dicta

991 1769 1077 1801 sint·
1127 1767 1216 1800 Nam
1244 1767 1274 1800 si
1302 1767 1504 1800 construis:
1531 1768 1648 1799 curiae
1664 1778 1729 1798 πο-

990 1825 1066 1846 men
1106 1814 1227 1845 datum
1272 1818 1320 1846 est
1369 1812 1558 1852 Calabrae,
1606 1810 1727 1843 minus

990 1860 1082 1891 bene
1118 1857 1334 1901 adiungitur
1379 1857 1536 1899 simplex
1582 1855 1728 1889 dativus

989 1903 1106 1936 classi.

1035 1963 1066 1991 et
1092 1958 1213 1997 classi,
1251 1957 1341 1999 quod
1366 1957 1474 1990 omnis
1496 1956 1532 1988 in
1555 1967 1630 1990 eam
1659 1967 1724 1999 po-

987 2004 1092 2046 pulus
1116 2002 1310 2043 vocaretur]
1337 2002 1430 2041 „Cui
1449 2005 1571 2044 etymo
1596 2007 1632 2035 et
1656 2000 1727 2034 Fa-

989 2048 1072 2080 bius
1097 2047 1324 2089 astipulatur
1349 2048 1410 2079 lib.
1439 2047 1466 2078 l.
1492 2056 1571 2088 cap.
1599 2050 1649 2079 10.
1680 2045 1726 2088 [6,

989 2092 1055 2135 33]
1085 2095 1156 2125 Iam
1173 2093 1238 2133 fit,
1265 2091 1400 2133 iuquit,
1423 2097 1454 2124 ct
1479 2092 1601 2124 classis
1624 2104 1645 2124 a
1665 2103 1726 2123 ca-

989 2139 1131 2171 lando.“
1161 2138 1273 2168 Pom.
1298 2155 1341 2160 -
1364 2137 1441 2169 Non
1471 2140 1568 2168 recte
1596 2136 1726 2169 Carrio

990 2194 1098 2215 uuum
1124 2182 1200 2214 cod.
1224 2181 1251 2212 P
1274 2187 1422 2213 secutus
1447 2180 1540 2213 haec
1566 2181 1688 2214 eiecit.

1037 2241 1088 2270 12.
1135 2237 1336 2280 populares]
1364 2236 1420 2268 Cf.
1447 2236 1644 2278 Capitolia.
1676 2238 1723 2270 M.

989 2283 1113 2316 Aurel.
1141 2286 1210 2314 17.:
1240 2281 1444 2314 Pestilentia
1467 2282 1590 2325 gravis
1614 2283 1726 2315 multa

989 2329 1087 2361 milia
1124 2332 1155 2360 et
1189 2327 1477 2369 popularium
1512 2331 1543 2359 et
1575 2328 1725 2360 militum

989 2374 1224 2409 interemerat,
1256 2371 1317 2402 ubi
1344 2370 1602 2403 Casaubonust
1629 2373 1725 2413 „Ur-

988 2418 1119 2451 banam
1146 2415 1421 2448 multitudinem
1448 2419 1554 2448 vocat
1573 2417 1722 2459 popula-

987 2474 1054 2504 res,
1079 2466 1115 2494 et
1139 2460 1322 2493 militibus
1347 2460 1522 2503 opponit.
1539 2484 1567 2492 ..
1594 2460 1725 2503 Ulpia-

989 2520 1057 2540 nus
1082 2507 1126 2539 de
1153 2505 1276 2538 officio
1304 2504 1484 2547 praefecti
1509 2503 1608 2536 urbi:
1652 2506 1723 2538 De—

988 2555 1040 2586 bet
1065 2553 1168 2585 etiam
1193 2550 1376 2592 dispositos
1399 2550 1525 2581 milites
1549 2550 1722 2582 stationa-

987 2599 1057 2631 rios
1084 2596 1207 2629 habere
1236 2595 1283 2626 ad
1312 2594 1473 2628 tuendam
1498 2594 1723 2635 popularium

987 2642 1170 2685 quietem.“
1225 2639 1327 2671 Haec
1365 2639 1539 2679 leguntur
1581 2637 1724 2679 Digest.

990 2688 1018 2730 l,
1040 2687 1137 2726 12,1,
1153 2688 1173 2727 §
1189 2685 1227 2716 12
1242 2710 1251 2725 ‚
1270 2687 1306 2715 et
1333 2683 1442 2726 paulo
1468 2692 1595 2723 supra:
1618 2684 1722 2724 Quies

988 2741 1121 2777 qnoque
1154 2728 1433 2773 popularium
1469 2732 1500 2759 et
1535 2727 1722 2769 disciplina

986 2776 1255 2822 spectaculorum
1281 2773 1327 2805 ad
1356 2771 1527 2814 praefecti
1555 2772 1630 2804 urbi
1659 2784 1720 2804 cu-

986 2834 1061 2856 ram
1081 2820 1253 2864 pertinere
1277 2818 1425 2850 videtur.

1032 2880 1229 2919 accepturos
1269 2884 1393 2905 causas
1422 2870 1611 2913 feriarum]
1653 2870 1721 2910 „Id

987 2926 1059 2958 est:
1100 2930 1195 2964 quae
1228 2917 1346 2952 feriae
1377 2927 1442 2950 eur
1469 2918 1532 2950 aut
1560 2915 1619 2948 cui
1651 2915 1719 2949 deo
