<?xml version="1.0" encoding="UTF-8"?>
<!DOCTYPE html PUBLIC "-//W3C//DTD XHTML 1.0 Transitional//EN"
    "http://www.w3.org/TR/xhtml1/DTD/xhtml1-transitional.dtd">
<html xmlns="http://www.w3.org/1999/xhtml" xml:lang="en" lang="en">
 <head>
  <title>
</title>
<meta http-equiv="Content-Type" content="text/html;charset=utf-8" />
  <meta name='ocr-system' content='tesseract 3.04.00' />
  <meta name='ocr-capabilities' content='ocr_page ocr_carea ocr_par ocr_line ocrx_word'/>
</head>
<body>
  <div class='ocr_page' id='page_1' title='image "./operaquaesupersu02macruoft_0278.png"; bbox 0 0 1825 3126; ppageno 0'>
   <div class='ocr_carea' id='block_1_1' title="bbox 118 73 202 116">
    <p class='ocr_par' dir='ltr' id='par_1_1' title="bbox 118 73 202 116">
     <span class='ocr_line' id='line_1_1' title="bbox 118 73 202 116; baseline -0.012 0"><span class='ocrx_word' id='word_1_1' title='bbox 118 73 202 116; x_wconf 74' lang='lat'>⁶252</span> 
     </span>
    </p>
   </div>
   <div class='ocr_carea' id='block_1_2' title="bbox 753 52 1029 96">
    <p class='ocr_par' dir='ltr' id='par_1_2' title="bbox 753 52 1029 96">
     <span class='ocr_line' id='line_1_2' title="bbox 753 52 1029 96; baseline -0.018 1"><span class='ocrx_word' id='word_1_2' title='bbox 753 52 1029 96; x_wconf 86' lang='lat' dir='ltr'><strong>MACROBII</strong></span> 
     </span>
    </p>
   </div>
   <div class='ocr_carea' id='block_1_3' title="bbox 122 156 1662 226">
    <p class='ocr_par' dir='ltr' id='par_1_3' title="bbox 122 156 1662 226">
     <span class='ocr_line' id='line_1_3' title="bbox 122 156 1662 226; baseline -0.019 0"><span class='ocrx_word' id='word_1_3' title='bbox 122 186 244 226; x_wconf 85' lang='lat' dir='ltr'>ducto</span> <span class='ocrx_word' id='word_1_4' title='bbox 287 177 425 220; x_wconf 85' lang='lat' dir='ltr'>habitu</span> <span class='ocrx_word' id='word_1_5' title='bbox 475 170 584 225; x_wconf 69' lang='lat' dir='ltr'>Syri,</span> <span class='ocrx_word' id='word_1_6' title='bbox 635 167 704 223; x_wconf 92' lang='lat' dir='ltr'>qui</span> <span class='ocrx_word' id='word_1_7' title='bbox 744 163 851 209; x_wconf 87' lang='lat' dir='ltr'>velut</span> <span class='ocrx_word' id='word_1_8' title='bbox 896 162 1028 217; x_wconf 82' lang='lat' dir='ltr'>ssagris</span> <span class='ocrx_word' id='word_1_9' title='bbox 1067 172 1204 201; x_wconf 84' lang='lat' dir='ltr'>caesus</span> <span class='ocrx_word' id='word_1_10' title='bbox 1244 156 1579 213; x_wconf 74' lang='lat' dir='ltr'>praeripientique</span> <span class='ocrx_word' id='word_1_11' title='bbox 1619 169 1662 196; x_wconf 87' lang='lat' dir='ltr'>se</span> 
     </span>
    </p>
   </div>
   <div class='ocr_carea' id='block_1_4' title="bbox 124 228 553 282">
    <p class='ocr_par' dir='ltr' id='par_1_4' title="bbox 124 228 553 282">
     <span class='ocr_line' id='line_1_4' title="bbox 124 228 553 282; baseline -0.037 0"><span class='ocrx_word' id='word_1_12' title='bbox 124 238 259 282; x_wconf 87' lang='lat' dir='ltr'>similis</span> <span class='ocrx_word' id='word_1_13' title='bbox 290 228 553 274; x_wconf 80' lang='lat' dir='ltr'>exclamabat:</span> 
     </span>
    </p>
   </div>
   <div class='ocr_carea' id='block_1_5' title="bbox 290 274 1132 333">
    <p class='ocr_par' dir='ltr' id='par_1_5' title="bbox 290 274 1132 333">
     <span class='ocr_line' id='line_1_5' title="bbox 290 274 1132 333; baseline -0.02 -4"><span class='ocrx_word' id='word_1_14' title='bbox 290 291 417 330; x_wconf 85' lang='lat' dir='ltr'>Porro</span> <span class='ocrx_word' id='word_1_15' title='bbox 448 280 648 333; x_wconf 77' lang='lat' dir='ltr'>Quirites!</span> <span class='ocrx_word' id='word_1_16' title='bbox 683 280 891 321; x_wconf 64' lang='lat' dir='ltr'>libertatem</span> <span class='ocrx_word' id='word_1_17' title='bbox 918 274 1132 332; x_wconf 75' lang='lat' dir='ltr'><em>perdimus,</em></span> 
     </span>
    </p>
   </div>
   <div class='ocr_carea' id='block_1_6' title="bbox 125 338 624 402">
    <p class='ocr_par' dir='ltr' id='par_1_6' title="bbox 125 338 624 402">
     <span class='ocr_line' id='line_1_6' title="bbox 125 338 624 402; baseline -0.032 -10"><span class='ocrx_word' id='word_1_18' title='bbox 125 356 165 392; x_wconf 88' lang='lat' dir='ltr'>et</span> <span class='ocrx_word' id='word_1_19' title='bbox 191 347 309 402; x_wconf 87' lang='lat' dir='ltr'>paulo</span> <span class='ocrx_word' id='word_1_20' title='bbox 340 346 430 397; x_wconf 89' lang='lat' dir='ltr'>post</span> <span class='ocrx_word' id='word_1_21' title='bbox 457 338 624 380; x_wconf 85' lang='lat' dir='ltr'>adiecit:</span> 
     </span>
    </p>
   </div>
   <div class='ocr_carea' id='block_1_7' title="bbox 293 383 1297 443">
    <p class='ocr_par' dir='ltr' id='par_1_7' title="bbox 293 383 1297 443">
     <span class='ocr_line' id='line_1_7' title="bbox 293 383 1297 443; baseline -0.022 -1"><span class='ocrx_word' id='word_1_22' title='bbox 293 401 448 443; x_wconf 82' lang='lat' dir='ltr'><em>Necesse</em></span> <span class='ocrx_word' id='word_1_23' title='bbox 478 403 530 437; x_wconf 79' lang='lat' dir='ltr'>est</span> <span class='ocrx_word' id='word_1_24' title='bbox 558 393 695 434; x_wconf 83' lang='lat' dir='ltr'>multos</span> <span class='ocrx_word' id='word_1_25' title='bbox 721 391 849 431; x_wconf 77' lang='lat' dir='ltr'>timeat</span> <span class='ocrx_word' id='word_1_26' title='bbox 878 400 988 443; x_wconf 84' lang='lat' dir='ltr'>quem</span> <span class='ocrx_word' id='word_1_27' title='bbox 1014 384 1129 425; x_wconf 75' lang='lat' dir='ltr'>multi</span> <span class='ocrx_word' id='word_1_28' title='bbox 1155 383 1297 422; x_wconf 75' lang='lat' dir='ltr'>timent.</span> 
     </span>
    </p>
   </div>
   <div class='ocr_carea' id='block_1_8' title="bbox 88 450 638 512">
    <p class='ocr_par' dir='ltr' id='par_1_8' title="bbox 88 450 638 512">
     <span class='ocr_line' id='line_1_8' title="bbox 88 450 638 512; baseline -0.027 -9"><span class='ocrx_word' id='word_1_29' title='bbox 88 462 223 512; x_wconf 84' lang='lat' dir='ltr'>5Quo</span> <span class='ocrx_word' id='word_1_30' title='bbox 260 458 366 498; x_wconf 88' lang='lat' dir='ltr'>dieto</span> <span class='ocrx_word' id='word_1_31' title='bbox 404 450 638 494; x_wconf 81' lang='lat' dir='ltr'>universitas</span> 
     </span>
    </p>
   </div>
   <div class='ocr_carea' id='block_1_9' title="bbox 128 490 1539 560">
    <p class='ocr_par' dir='ltr' id='par_1_9' title="bbox 128 490 1539 560">
     <span class='ocr_line' id='line_1_9' title="bbox 128 490 1539 560; baseline -0.021 -3"><span class='ocrx_word' id='word_1_32' title='bbox 128 514 335 560; x_wconf 86' lang='lat' dir='ltr'>convertit,</span> <span class='ocrx_word' id='word_1_33' title='bbox 363 513 546 551; x_wconf 85' lang='lat' dir='ltr'>notantes</span> <span class='ocrx_word' id='word_1_34' title='bbox 573 501 833 559; x_wconf 79' lang='lat' dir='ltr'>inpotentiam</span> <span class='ocrx_word' id='word_1_35' title='bbox 862 499 947 539; x_wconf 89' lang='lat' dir='ltr'>eius</span> <span class='ocrx_word' id='word_1_36' title='bbox 978 497 1050 537; x_wconf 88' lang='lat' dir='ltr'>hac</span> <span class='ocrx_word' id='word_1_37' title='bbox 1076 494 1283 535; x_wconf 75' lang='lat' dir='ltr'>dicacitate</span> <span class='ocrx_word' id='word_1_38' title='bbox 1315 490 1539 544; x_wconf 79' lang='lat' dir='ltr'>lapidatam.</span> 
     </span>
    </p>
   </div>
   <div class='ocr_carea' id='block_1_10' title="bbox 90 558 870 614">
    <p class='ocr_par' dir='ltr' id='par_1_10' title="bbox 90 558 870 614">
     <span class='ocr_line' id='line_1_10' title="bbox 90 558 870 614; baseline -0.026 1"><span class='ocrx_word' id='word_1_39' title='bbox 90 573 225 614; x_wconf 78' lang='lat' dir='ltr'>sshaec</span> <span class='ocrx_word' id='word_1_40' title='bbox 252 570 291 610; x_wconf 90' lang='lat' dir='ltr'>in</span> <span class='ocrx_word' id='word_1_41' title='bbox 318 566 506 608; x_wconf 84' lang='lat' dir='ltr'>Publium</span> <span class='ocrx_word' id='word_1_42' title='bbox 538 561 654 603; x_wconf 86' lang='lat' dir='ltr'>vertit</span> <span class='ocrx_word' id='word_1_43' title='bbox 684 558 870 598; x_wconf 70' lang='lat' dir='ltr'>favorem.</span> 
     </span>
    </p>
   </div>
   <div class='ocr_carea' id='block_1_11' title="bbox 675 433 1666 501">
    <p class='ocr_par' dir='ltr' id='par_1_11' title="bbox 675 433 1666 501">
     <span class='ocr_line' id='line_1_11' title="bbox 675 433 1666 501; baseline -0.017 -14"><span class='ocrx_word' id='word_1_44' title='bbox 675 445 811 501; x_wconf 90' lang='lat' dir='ltr'>populi</span> <span class='ocrx_word' id='word_1_45' title='bbox 851 444 899 484; x_wconf 88' lang='lat' dir='ltr'>ad</span> <span class='ocrx_word' id='word_1_46' title='bbox 934 441 1061 482; x_wconf 89' lang='lat' dir='ltr'>solum</span> <span class='ocrx_word' id='word_1_47' title='bbox 1100 439 1309 479; x_wconf 86' lang='lat' dir='ltr'>Caesarem</span> <span class='ocrx_word' id='word_1_48' title='bbox 1350 433 1488 474; x_wconf 87' lang='lat' dir='ltr'>oculos</span> <span class='ocrx_word' id='word_1_49' title='bbox 1524 437 1564 472; x_wconf 84' lang='lat' dir='ltr'>ct</span> <span class='ocrx_word' id='word_1_50' title='bbox 1596 444 1666 471; x_wconf 86' lang='lat' dir='ltr'>ora</span> 
     </span>
    </p>
   </div>
   <div class='ocr_carea' id='block_1_12' title="bbox 1601 486 1667 527">
    <p class='ocr_par' dir='ltr' id='par_1_12' title="bbox 1601 486 1667 527">
     <span class='ocr_line' id='line_1_12' title="bbox 1601 486 1667 527; baseline 0 0"><span class='ocrx_word' id='word_1_51' title='bbox 1601 486 1667 527; x_wconf 89' lang='lat' dir='ltr'>Ob</span> 
     </span>
    </p>
   </div>
   <div class='ocr_carea' id='block_1_13' title="bbox 936 547 1667 600">
    <p class='ocr_par' dir='ltr' id='par_1_13' title="bbox 936 547 1667 600">
     <span class='ocr_line' id='line_1_13' title="bbox 936 547 1667 600; baseline -0.016 -7"><span class='ocrx_word' id='word_1_52' title='bbox 936 555 975 593; x_wconf 91' lang='lat' dir='ltr'>Is</span> <span class='ocrx_word' id='word_1_53' title='bbox 1000 551 1188 600; x_wconf 84' lang='lat' dir='ltr'>Publius,</span> <span class='ocrx_word' id='word_1_54' title='bbox 1218 548 1376 589; x_wconf 86' lang='lat' dir='ltr'>natione</span> <span class='ocrx_word' id='word_1_55' title='bbox 1400 547 1542 599; x_wconf 78' lang='lat' dir='ltr'>Syrus,</span> <span class='ocrx_word' id='word_1_56' title='bbox 1576 556 1667 582; x_wconf 89' lang='lat' dir='ltr'>eum</span> 
     </span>
    </p>
   </div>
   <div class='ocr_carea' id='block_1_14' title="bbox 131 602 1669 684">
    <p class='ocr_par' dir='ltr' id='par_1_14' title="bbox 131 602 1669 684">
     <span class='ocr_line' id='line_1_14' title="bbox 131 602 1669 684; baseline -0.022 -14"><span class='ocrx_word' id='word_1_57' title='bbox 131 641 231 684; x_wconf 90' lang='lat' dir='ltr'>puer</span> <span class='ocrx_word' id='word_1_58' title='bbox 270 625 318 666; x_wconf 88' lang='lat' dir='ltr'>ad</span> <span class='ocrx_word' id='word_1_59' title='bbox 356 628 566 677; x_wconf 88' lang='lat' dir='ltr'>patronum</span> <span class='ocrx_word' id='word_1_60' title='bbox 599 614 750 657; x_wconf 88' lang='lat' dir='ltr'>domini</span> <span class='ocrx_word' id='word_1_61' title='bbox 792 616 896 653; x_wconf 89' lang='lat' dir='ltr'>esset</span> <span class='ocrx_word' id='word_1_62' title='bbox 926 609 1145 655; x_wconf 87' lang='lat' dir='ltr'>adductus,</span> <span class='ocrx_word' id='word_1_63' title='bbox 1190 602 1411 659; x_wconf 79' lang='lat' dir='ltr'>promeruit</span> <span class='ocrx_word' id='word_1_64' title='bbox 1453 614 1543 641; x_wconf 89' lang='lat' dir='ltr'>eum</span> <span class='ocrx_word' id='word_1_65' title='bbox 1587 612 1669 638; x_wconf 92' lang='lat' dir='ltr'>non</span> 
     </span>
    </p>
   </div>
   <div class='ocr_carea' id='block_1_15' title="bbox 130 666 1039 726">
    <p class='ocr_par' dir='ltr' id='par_1_15' title="bbox 130 666 1039 726">
     <span class='ocr_line' id='line_1_15' title="bbox 130 666 1039 726; baseline -0.024 0"><span class='ocrx_word' id='word_1_66' title='bbox 130 685 261 726; x_wconf 88' lang='lat' dir='ltr'>minus</span> <span class='ocrx_word' id='word_1_67' title='bbox 294 680 441 721; x_wconf 87' lang='lat' dir='ltr'>salibus</span> <span class='ocrx_word' id='word_1_68' title='bbox 475 681 514 716; x_wconf 86' lang='lat' dir='ltr'>et</span> <span class='ocrx_word' id='word_1_69' title='bbox 551 670 708 725; x_wconf 76' lang='lat' dir='ltr'>ingenio</span> <span class='ocrx_word' id='word_1_70' title='bbox 748 682 867 722; x_wconf 87' lang='lat' dir='ltr'>quam</span> <span class='ocrx_word' id='word_1_71' title='bbox 901 666 1039 706; x_wconf 82' lang='lat' dir='ltr'>forma.</span> 
     </span>
    </p>
   </div>
   <div class='ocr_carea' id='block_1_16' title="bbox 1099 656 1668 704">
    <p class='ocr_par' dir='ltr' id='par_1_16' title="bbox 1099 656 1668 704">
     <span class='ocr_line' id='line_1_16' title="bbox 1099 656 1668 704; baseline -0.019 -1"><span class='ocrx_word' id='word_1_72' title='bbox 1099 663 1197 704; x_wconf 75' lang='lat' dir='ltr'>Nam</span> <span class='ocrx_word' id='word_1_73' title='bbox 1230 661 1330 700; x_wconf 90' lang='lat' dir='ltr'>forte</span> <span class='ocrx_word' id='word_1_74' title='bbox 1363 671 1452 698; x_wconf 92' lang='lat' dir='ltr'>cum</span> <span class='ocrx_word' id='word_1_75' title='bbox 1491 656 1553 695; x_wconf 89' lang='lat' dir='ltr'>ille</span> <span class='ocrx_word' id='word_1_76' title='bbox 1588 666 1668 694; x_wconf 91' lang='lat' dir='ltr'>ser-</span> 
     </span>
    </p>
   </div>
   <div class='ocr_carea' id='block_1_17' title="bbox 129 712 1670 787">
    <p class='ocr_par' dir='ltr' id='par_1_17' title="bbox 129 712 1670 787">
     <span class='ocr_line' id='line_1_17' title="bbox 129 712 1670 787; baseline -0.022 -5"><span class='ocrx_word' id='word_1_77' title='bbox 129 754 222 783; x_wconf 91' lang='lat' dir='ltr'>vum</span> <span class='ocrx_word' id='word_1_78' title='bbox 259 750 374 778; x_wconf 89' lang='lat' dir='ltr'>suum</span> <span class='ocrx_word' id='word_1_79' title='bbox 404 729 666 787; x_wconf 71' lang='lat' dir='ltr'>hydropicum</span> <span class='ocrx_word' id='word_1_80' title='bbox 698 726 891 765; x_wconf 88' lang='lat' dir='ltr'>iacentem</span> <span class='ocrx_word' id='word_1_81' title='bbox 929 721 968 767; x_wconf 87' lang='lat' dir='ltr'>in</span> <span class='ocrx_word' id='word_1_82' title='bbox 999 733 1089 760; x_wconf 90' lang='lat' dir='ltr'>area</span> <span class='ocrx_word' id='word_1_83' title='bbox 1119 717 1281 760; x_wconf 87' lang='lat' dir='ltr'>vidisset</span> <span class='ocrx_word' id='word_1_84' title='bbox 1313 712 1670 766; x_wconf 86' lang='lat' dir='ltr'>increpuissetque,</span> 
     </span>
    </p>
   </div>
   <div class='ocr_carea' id='block_1_18' title="bbox 132 780 851 853">
    <p class='ocr_par' dir='ltr' id='par_1_18' title="bbox 132 780 851 853">
     <span class='ocr_line' id='line_1_18' title="bbox 132 780 851 853; baseline -0.029 -15"><span class='ocrx_word' id='word_1_85' title='bbox 132 796 226 853; x_wconf 77' lang='lat' dir='ltr'>quid</span> <span class='ocrx_word' id='word_1_86' title='bbox 256 796 299 835; x_wconf 80' lang='lat' dir='ltr'>in</span> <span class='ocrx_word' id='word_1_87' title='bbox 325 792 401 833; x_wconf 86' lang='lat' dir='ltr'>sole</span> <span class='ocrx_word' id='word_1_88' title='bbox 426 792 590 844; x_wconf 72' lang='lat' dir='ltr'>jaceret,</span> <span class='ocrx_word' id='word_1_89' title='bbox 626 780 851 835; x_wconf 85' lang='lat' dir='ltr'>respondit:</span> 
     </span>
    </p>
   </div>
   <div class='ocr_carea' id='block_1_19' title="bbox 133 836 1227 945">
    <p class='ocr_par' dir='ltr' id='par_1_19' title="bbox 133 836 1227 945">
     <span class='ocr_line' id='line_1_19' title="bbox 133 836 895 906; baseline -0.028 -13"><span class='ocrx_word' id='word_1_90' title='bbox 133 864 251 906; x_wconf 87' lang='lat' dir='ltr'>super</span> <span class='ocrx_word' id='word_1_91' title='bbox 293 860 416 888; x_wconf 88' lang='lat' dir='ltr'>coena</span> <span class='ocrx_word' id='word_1_92' title='bbox 462 847 597 883; x_wconf 85' lang='lat' dir='ltr'>exorta</span> <span class='ocrx_word' id='word_1_93' title='bbox 640 836 895 893; x_wconf 79' lang='lat' dir='ltr'>quaestione,</span> 
     </span>
     <span class='ocr_line' id='line_1_20' title="bbox 590 884 1227 945; baseline -0.02 -9"><span class='ocrx_word' id='word_1_94' title='bbox 590 896 669 936; x_wconf 89' lang='lat' dir='ltr'>ille:</span> <span class='ocrx_word' id='word_1_95' title='bbox 710 890 925 945; x_wconf 74' lang='lat' dir='ltr'>Podayrz&#39;ci</span> <span class='ocrx_word' id='word_1_96' title='bbox 953 888 1089 944; x_wconf 83' lang='lat' dir='ltr'>pedes,</span> <span class='ocrx_word' id='word_1_97' title='bbox 1118 884 1227 925; x_wconf 84' lang='lat' dir='ltr'>dixit.</span> 
     </span>
    </p>
   </div>
   <div class='ocr_carea' id='block_1_20' title="bbox 95 900 564 956">
    <p class='ocr_par' dir='ltr' id='par_1_20' title="bbox 95 900 564 956">
     <span class='ocr_line' id='line_1_21' title="bbox 95 900 564 956; baseline -0.03 -5"><span class='ocrx_word' id='word_1_98' title='bbox 95 907 237 951; x_wconf 72' lang='lat' dir='ltr'>&#39;ialiud</span> <span class='ocrx_word' id='word_1_99' title='bbox 269 904 345 945; x_wconf 90' lang='lat' dir='ltr'>alio</span> <span class='ocrx_word' id='word_1_100' title='bbox 377 900 564 956; x_wconf 88' lang='lat' dir='ltr'>opinante</span> 
     </span>
    </p>
   </div>
   <div class='ocr_carea' id='block_1_21' title="bbox 896 765 1671 832">
    <p class='ocr_par' dir='ltr' id='par_1_21' title="bbox 896 765 1671 832">
     <span class='ocr_line' id='line_1_22' title="bbox 896 765 1671 832; baseline -0.018 -14"><span class='ocrx_word' id='word_1_101' title='bbox 896 779 1048 832; x_wconf 79' lang='lat' dir='ltr'>Aquam</span> <span class='ocrx_word' id='word_1_102' title='bbox 1091 774 1273 826; x_wconf 74' lang='lat' dir='ltr'>calefacit.</span> <span class='ocrx_word' id='word_1_103' title='bbox 1331 768 1501 810; x_wconf 88' lang='lat' dir='ltr'>Ioculari</span> <span class='ocrx_word' id='word_1_104' title='bbox 1528 765 1671 807; x_wconf 88' lang='lat' dir='ltr'>deinde</span> 
     </span>
    </p>
   </div>
   <div class='ocr_carea' id='block_1_22' title="bbox 939 823 1673 923">
    <p class='ocr_par' dir='ltr' id='par_1_22' title="bbox 939 823 1673 923">
     <span class='ocr_line' id='line_1_23' title="bbox 939 823 1672 888; baseline -0.018 -15"><span class='ocrx_word' id='word_1_105' title='bbox 939 832 1136 888; x_wconf 76' lang='lat' dir='ltr'>quodnam</span> <span class='ocrx_word' id='word_1_106' title='bbox 1176 836 1265 868; x_wconf 82' lang='lat' dir='ltr'>esset</span> <span class='ocrx_word' id='word_1_107' title='bbox 1301 827 1499 867; x_wconf 78' lang='lat' dir='ltr'>molestum</span> <span class='ocrx_word' id='word_1_108' title='bbox 1538 823 1672 869; x_wconf 76' lang='lat' dir='ltr'>otium,</span> 
     </span>
     <span class='ocr_line' id='line_1_24' title="bbox 1285 877 1673 923; baseline -0.021 0"><span class='ocrx_word' id='word_1_109' title='bbox 1285 883 1349 923; x_wconf 87' lang='lat' dir='ltr'>Ob</span> <span class='ocrx_word' id='word_1_110' title='bbox 1389 881 1485 921; x_wconf 88' lang='lat' dir='ltr'>haec</span> <span class='ocrx_word' id='word_1_111' title='bbox 1525 883 1564 917; x_wconf 86' lang='lat' dir='ltr'>et</span> <span class='ocrx_word' id='word_1_112' title='bbox 1597 877 1673 916; x_wconf 83' lang='lat' dir='ltr'>alia</span> 
     </span>
    </p>
   </div>
   <div class='ocr_carea' id='block_1_23' title="bbox 133 932 1675 1128">
    <p class='ocr_par' dir='ltr' id='par_1_23' title="bbox 133 932 1675 1128">
     <span class='ocr_line' id='line_1_25' title="bbox 133 932 1673 1006; baseline -0.023 0"><span class='ocrx_word' id='word_1_113' title='bbox 133 976 255 1006; x_wconf 88' lang='lat' dir='ltr'>manu</span> <span class='ocrx_word' id='word_1_114' title='bbox 279 960 423 1001; x_wconf 89' lang='lat' dir='ltr'>missus</span> <span class='ocrx_word' id='word_1_115' title='bbox 453 961 493 996; x_wconf 89' lang='lat' dir='ltr'>et</span> <span class='ocrx_word' id='word_1_116' title='bbox 521 953 670 995; x_wconf 83' lang='lat' dir='ltr'>maiore</span> <span class='ocrx_word' id='word_1_117' title='bbox 705 962 799 990; x_wconf 89' lang='lat' dir='ltr'>cura</span> <span class='ocrx_word' id='word_1_118' title='bbox 829 944 1021 992; x_wconf 88' lang='lat' dir='ltr'>eruditus,</span> <span class='ocrx_word' id='word_1_119' title='bbox 1049 956 1138 983; x_wconf 90' lang='lat' dir='ltr'>cum</span> <span class='ocrx_word' id='word_1_120' title='bbox 1169 939 1314 980; x_wconf 88' lang='lat' dir='ltr'>mimos</span> <span class='ocrx_word' id='word_1_121' title='bbox 1344 937 1588 989; x_wconf 81' lang='lat' dir='ltr'>conponeret</span> <span class='ocrx_word' id='word_1_122' title='bbox 1615 932 1673 971; x_wconf 92' lang='lat' dir='ltr'>in-</span> 
     </span>
     <span class='ocr_line' id='line_1_26' title="bbox 134 989 1674 1075; baseline -0.022 -14"><span class='ocrx_word' id='word_1_123' title='bbox 134 1019 322 1075; x_wconf 80' lang='lat' dir='ltr'>gentique</span> <span class='ocrx_word' id='word_1_124' title='bbox 352 1014 522 1055; x_wconf 89' lang='lat' dir='ltr'>adsensu</span> <span class='ocrx_word' id='word_1_125' title='bbox 548 1010 587 1050; x_wconf 91' lang='lat' dir='ltr'>in</span> <span class='ocrx_word' id='word_1_126' title='bbox 614 1006 751 1048; x_wconf 87' lang='lat' dir='ltr'>Italiae</span> <span class='ocrx_word' id='word_1_127' title='bbox 778 1001 935 1057; x_wconf 86' lang='lat' dir='ltr'>oppidis</span> <span class='ocrx_word' id='word_1_128' title='bbox 959 1012 1075 1053; x_wconf 80' lang='lat' dir='ltr'>agere</span> <span class='ocrx_word' id='word_1_129' title='bbox 1102 995 1320 1049; x_wconf 88' lang='lat' dir='ltr'>coepisset,</span> <span class='ocrx_word' id='word_1_130' title='bbox 1348 991 1566 1047; x_wconf 88' lang='lat' dir='ltr'>productus</span> <span class='ocrx_word' id='word_1_131' title='bbox 1592 989 1674 1028; x_wconf 86' lang='lat' dir='ltr'>Ro-</span> 
     </span>
     <span class='ocr_line' id='line_1_27' title="bbox 134 1043 1675 1128; baseline -0.023 -10"><span class='ocrx_word' id='word_1_132' title='bbox 134 1089 222 1118; x_wconf 89' lang='lat' dir='ltr'>mae</span> <span class='ocrx_word' id='word_1_133' title='bbox 251 1087 321 1128; x_wconf 91' lang='lat' dir='ltr'>per</span> <span class='ocrx_word' id='word_1_134' title='bbox 346 1067 524 1112; x_wconf 86' lang='lat' dir='ltr'>Caesaris</span> <span class='ocrx_word' id='word_1_135' title='bbox 551 1064 687 1111; x_wconf 91' lang='lat' dir='ltr'>ludos,</span> <span class='ocrx_word' id='word_1_136' title='bbox 722 1073 860 1101; x_wconf 89' lang='lat' dir='ltr'>omnes</span> <span class='ocrx_word' id='word_1_137' title='bbox 887 1056 956 1111; x_wconf 89' lang='lat' dir='ltr'>qui</span> <span class='ocrx_word' id='word_1_138' title='bbox 983 1062 1079 1095; x_wconf 87' lang='lat' dir='ltr'>tunc</span> <span class='ocrx_word' id='word_1_139' title='bbox 1110 1052 1255 1105; x_wconf 85' lang='lat' dir='ltr'>scripta</span> <span class='ocrx_word' id='word_1_140' title='bbox 1279 1055 1319 1090; x_wconf 88' lang='lat' dir='ltr'>et</span> <span class='ocrx_word' id='word_1_141' title='bbox 1345 1061 1485 1102; x_wconf 85' lang='lat' dir='ltr'>operas</span> <span class='ocrx_word' id='word_1_142' title='bbox 1518 1058 1609 1085; x_wconf 87' lang='lat' dir='ltr'>suas</span> <span class='ocrx_word' id='word_1_143' title='bbox 1634 1043 1675 1083; x_wconf 92' lang='lat' dir='ltr'>in</span> 
     </span>
    </p>
   </div>
   <div class='ocr_carea' id='block_1_24' title="bbox 135 1116 846 1175">
    <p class='ocr_par' dir='ltr' id='par_1_24' title="bbox 135 1116 846 1175">
     <span class='ocr_line' id='line_1_28' title="bbox 135 1116 846 1175; baseline -0.027 -2"><span class='ocrx_word' id='word_1_144' title='bbox 135 1144 293 1174; x_wconf 85' lang='lat' dir='ltr'>scenam</span> <span class='ocrx_word' id='word_1_145' title='bbox 328 1127 554 1168; x_wconf 81' lang='lat' dir='ltr'>locaverant</span> <span class='ocrx_word' id='word_1_146' title='bbox 597 1116 846 1175; x_wconf 83' lang='lat' dir='ltr'>provocavit,</span> 
     </span>
    </p>
   </div>
   <div class='ocr_carea' id='block_1_25' title="bbox 137 1171 908 1238">
    <p class='ocr_par' dir='ltr' id='par_1_25' title="bbox 137 1171 908 1238">
     <span class='ocr_line' id='line_1_29' title="bbox 137 1171 908 1238; baseline -0.026 -9"><span class='ocrx_word' id='word_1_147' title='bbox 137 1186 300 1229; x_wconf 83' lang='lat' dir='ltr'>materia</span> <span class='ocrx_word' id='word_1_148' title='bbox 332 1196 403 1238; x_wconf 90' lang='lat' dir='ltr'>pro</span> <span class='ocrx_word' id='word_1_149' title='bbox 441 1187 623 1234; x_wconf 87' lang='lat' dir='ltr'>tempore</span> <span class='ocrx_word' id='word_1_150' title='bbox 654 1171 908 1215; x_wconf 73' lang='lat' dir='ltr'>contenderei</span> 
     </span>
    </p>
   </div>
   <div class='ocr_carea' id='block_1_26' title="bbox 99 1229 837 1356">
    <p class='ocr_par' dir='ltr' id='par_1_26' title="bbox 99 1229 837 1356">
     <span class='ocr_line' id='line_1_30' title="bbox 99 1229 837 1292; baseline -0.027 -5"><span class='ocrx_word' id='word_1_151' title='bbox 99 1246 297 1291; x_wconf 75' lang='lat' dir='ltr'>Somnos,</span> <span class='ocrx_word' id='word_1_152' title='bbox 343 1240 381 1279; x_wconf 90' lang='lat' dir='ltr'>in</span> <span class='ocrx_word' id='word_1_153' title='bbox 413 1237 501 1292; x_wconf 89' lang='lat' dir='ltr'>quis</span> <span class='ocrx_word' id='word_1_154' title='bbox 540 1239 579 1275; x_wconf 88' lang='lat' dir='ltr'>et</span> <span class='ocrx_word' id='word_1_155' title='bbox 611 1229 837 1273; x_wconf 88' lang='lat' dir='ltr'>Laberium.</span> 
     </span>
     <span class='ocr_line' id='line_1_31' title="bbox 137 1294 426 1356; baseline -0.021 -15"><span class='ocrx_word' id='word_1_156' title='bbox 137 1294 426 1356; x_wconf 82' lang='lat' dir='ltr'>pronuntiavit:</span> 
     </span>
    </p>
   </div>
   <div class='ocr_carea' id='block_1_27' title="bbox 230 1403 560 1454">
    <p class='ocr_par' dir='ltr' id='par_1_27' title="bbox 230 1403 560 1454">
     <span class='ocr_line' id='line_1_32' title="bbox 230 1403 560 1454; baseline -0.027 -11"><span class='ocrx_word' id='word_1_157' title='bbox 230 1411 332 1454; x_wconf 74' lang='lat' dir='ltr'>[mss.</span> <span class='ocrx_word' id='word_1_158' title='bbox 364 1403 560 1440; x_wconf 77' lang='lat' dir='ltr'>Aeersr.</span> 
     </span>
    </p>
   </div>
   <div class='ocr_carea' id='block_1_28' title="bbox 892 1100 1678 1267">
    <p class='ocr_par' dir='ltr' id='par_1_28' title="bbox 892 1100 1678 1267">
     <span class='ocr_line' id='line_1_33' title="bbox 892 1100 1674 1164; baseline -0.019 -11"><span class='ocrx_word' id='word_1_159' title='bbox 892 1117 938 1153; x_wconf 92' lang='lat' dir='ltr'>ut</span> <span class='ocrx_word' id='word_1_160' title='bbox 980 1109 1123 1164; x_wconf 79' lang='lat' dir='ltr'>singuli</span> <span class='ocrx_word' id='word_1_161' title='bbox 1160 1120 1295 1148; x_wconf 84' lang='lat' dir='ltr'>secum</span> <span class='ocrx_word' id='word_1_162' title='bbox 1334 1103 1463 1158; x_wconf 86' lang='lat' dir='ltr'>posita</span> <span class='ocrx_word' id='word_1_163' title='bbox 1507 1100 1674 1141; x_wconf 86' lang='lat' dir='ltr'>invicem</span> 
     </span>
     <span class='ocr_line' id='line_1_34' title="bbox 911 1154 1678 1211; baseline -0.02 -2"><span class='ocrx_word' id='word_1_164' title='bbox 911 1173 953 1208; x_wconf 71' lang='lat' dir='ltr'>it.</span> <span class='ocrx_word' id='word_1_165' title='bbox 1006 1168 1090 1208; x_wconf 74' lang='lat' dir='ltr'>Nec</span> <span class='ocrx_word' id='word_1_166' title='bbox 1124 1164 1204 1205; x_wconf 90' lang='lat' dir='ltr'>ullo</span> <span class='ocrx_word' id='word_1_167' title='bbox 1239 1165 1448 1202; x_wconf 84' lang='lat' dir='ltr'>recusante</span> <span class='ocrx_word' id='word_1_168' title='bbox 1477 1154 1678 1211; x_wconf 86' lang='lat' dir='ltr'>superavit</span> 
     </span>
     <span class='ocr_line' id='line_1_35' title="bbox 911 1210 1677 1267; baseline -0.021 0"><span class='ocrx_word' id='word_1_169' title='bbox 911 1223 1026 1267; x_wconf 88' lang='lat' dir='ltr'>Unde</span> <span class='ocrx_word' id='word_1_170' title='bbox 1055 1222 1201 1265; x_wconf 85' lang='lat' dir='ltr'>Caesar</span> <span class='ocrx_word' id='word_1_171' title='bbox 1230 1217 1413 1260; x_wconf 88' lang='lat' dir='ltr'>adridens</span> <span class='ocrx_word' id='word_1_172' title='bbox 1450 1214 1525 1255; x_wconf 90' lang='lat' dir='ltr'>hoc</span> <span class='ocrx_word' id='word_1_173' title='bbox 1557 1210 1677 1254; x_wconf 88' lang='lat' dir='ltr'>modo</span> 
     </span>
    </p>
   </div>
   <div class='ocr_carea' id='block_1_29' title="bbox 141 1437 1546 1510">
    <p class='ocr_par' dir='ltr' id='par_1_29' title="bbox 141 1437 1546 1510">
     <span class='ocr_line' id='line_1_36' title="bbox 141 1437 1546 1510; baseline -0.024 -10"><span class='ocrx_word' id='word_1_174' title='bbox 141 1486 182 1493; x_wconf 92' lang='lat'>--</span> <span class='ocrx_word' id='word_1_175' title='bbox 213 1463 446 1510; x_wconf 82' lang='lat' dir='ltr'>perdidimus</span> <span class='ocrx_word' id='word_1_176' title='bbox 469 1470 549 1501; x_wconf 77' lang='lat' dir='ltr'>v-g.</span> <span class='ocrx_word' id='word_1_177' title='bbox 578 1475 612 1480; x_wconf 91' lang='lat'>—</span> <span class='ocrx_word' id='word_1_178' title='bbox 649 1455 789 1488; x_wconf 81' lang='lat' dir='ltr'>Necesse</span> <span class='ocrx_word' id='word_1_179' title='bbox 885 1447 1018 1489; x_wconf 80' lang='lat' dir='ltr'>timent]</span> <span class='ocrx_word' id='word_1_180' title='bbox 1045 1445 1100 1477; x_wconf 83' lang='lat' dir='ltr'>Cf.</span> <span class='ocrx_word' id='word_1_181' title='bbox 1126 1444 1176 1475; x_wconf 80' lang='lat'>10.</span> <span class='ocrx_word' id='word_1_182' title='bbox 1200 1440 1348 1474; x_wconf 82' lang='lat' dir='ltr'>Saresb.</span> <span class='ocrx_word' id='word_1_183' title='bbox 1370 1437 1466 1478; x_wconf 64' lang='lat' dir='ltr'>Vm,</span> <span class='ocrx_word' id='word_1_184' title='bbox 1494 1438 1546 1468; x_wconf 81' lang='lat'>13.</span> 
     </span>
    </p>
   </div>
   <div class='ocr_carea' id='block_1_30' title="bbox 140 1497 908 1549">
    <p class='ocr_par' dir='ltr' id='par_1_30' title="bbox 140 1497 908 1549">
     <span class='ocr_line' id='line_1_37' title="bbox 140 1497 908 1549; baseline -0.027 -4"><span class='ocrx_word' id='word_1_185' title='bbox 140 1516 173 1545; x_wconf 82' lang='lat'>5.</span> <span class='ocrx_word' id='word_1_186' title='bbox 209 1512 282 1543; x_wconf 87' lang='lat' dir='ltr'>eius</span> <span class='ocrx_word' id='word_1_187' title='bbox 310 1505 544 1549; x_wconf 74' lang='lat' dir='ltr'>impotentiam</span> <span class='ocrx_word' id='word_1_188' title='bbox 570 1512 639 1543; x_wconf 75' lang='lat' dir='ltr'>v-g</span> <span class='ocrx_word' id='word_1_189' title='bbox 664 1499 758 1541; x_wconf 72' lang='lat' dir='ltr'>(clig</span> <span class='ocrx_word' id='word_1_190' title='bbox 782 1497 817 1528; x_wconf 90' lang='lat' dir='ltr'>in</span> <span class='ocrx_word' id='word_1_191' title='bbox 837 1507 908 1536; x_wconf 72' lang='lat' dir='ltr'>mg.</span> 
     </span>
    </p>
   </div>
   <div class='ocr_carea' id='block_1_31' title="bbox 141 1547 577 1589">
    <p class='ocr_par' dir='ltr' id='par_1_31' title="bbox 141 1547 577 1589">
     <span class='ocr_line' id='line_1_38' title="bbox 141 1547 577 1589; baseline -0.028 1"><span class='ocrx_word' id='word_1_192' title='bbox 141 1557 179 1589; x_wconf 88' lang='lat' dir='ltr'>S.</span> <span class='ocrx_word' id='word_1_193' title='bbox 207 1573 246 1578; x_wconf 93' lang='lat'>-</span> <span class='ocrx_word' id='word_1_194' title='bbox 275 1552 481 1585; x_wconf 85' lang='lat' dir='ltr'>Publilium</span> <span class='ocrx_word' id='word_1_195' title='bbox 508 1547 577 1579; x_wconf 80' lang='lat' dir='ltr'>PV.</span> 
     </span>
    </p>
   </div>
   <div class='ocr_carea' id='block_1_32' title="bbox 143 1595 657 1642">
    <p class='ocr_par' dir='ltr' id='par_1_32' title="bbox 143 1595 657 1642">
     <span class='ocr_line' id='line_1_39' title="bbox 143 1595 657 1642; baseline -0.027 -8"><span class='ocrx_word' id='word_1_196' title='bbox 143 1613 158 1634; x_wconf 88' lang='lat' dir='ltr'>s</span> <span class='ocrx_word' id='word_1_197' title='bbox 168 1612 184 1633; x_wconf 90' lang='lat' dir='ltr'>e</span> <span class='ocrx_word' id='word_1_198' title='bbox 193 1607 204 1633; x_wconf 85' lang='lat' dir='ltr'>t</span> <span class='ocrx_word' id='word_1_199' title='bbox 214 1612 233 1642; x_wconf 89' lang='lat' dir='ltr'>q</span> <span class='ocrx_word' id='word_1_200' title='bbox 243 1612 262 1630; x_wconf 85' lang='lat' dir='ltr'>u</span> <span class='ocrx_word' id='word_1_201' title='bbox 273 1609 288 1630; x_wconf 90' lang='lat' dir='ltr'>e</span> <span class='ocrx_word' id='word_1_202' title='bbox 311 1595 600 1638; x_wconf 80' lang='lat' dir='ltr'>increpuissetqne</span> <span class='ocrx_word' id='word_1_203' title='bbox 623 1600 657 1621; x_wconf 87' lang='lat' dir='ltr'>v.</span> 
     </span>
    </p>
   </div>
   <div class='ocr_carea' id='block_1_33' title="bbox 710 1585 1010 1629">
    <p class='ocr_par' dir='ltr' id='par_1_33' title="bbox 710 1585 1010 1629">
     <span class='ocr_line' id='line_1_40' title="bbox 710 1585 1010 1629; baseline -0.023 -11"><span class='ocrx_word' id='word_1_204' title='bbox 710 1585 1010 1629; x_wconf 70' lang='lat' dir='ltr'>quaesissetque</span> 
     </span>
    </p>
   </div>
   <div class='ocr_carea' id='block_1_34' title="bbox 716 1480 1682 1574">
    <p class='ocr_par' dir='ltr' id='par_1_34' title="bbox 716 1480 1682 1574">
     <span class='ocr_line' id='line_1_41' title="bbox 938 1480 1679 1533; baseline -0.023 -8"><span class='ocrx_word' id='word_1_205' title='bbox 938 1493 1005 1533; x_wconf 81' lang='lat' dir='ltr'>„Al</span> <span class='ocrx_word' id='word_1_206' title='bbox 1035 1489 1257 1533; x_wconf 83' lang='lat' dir='ltr'>potentiam).</span> <span class='ocrx_word' id='word_1_207' title='bbox 1283 1503 1323 1508; x_wconf 89' lang='lat'>—</span> <span class='ocrx_word' id='word_1_208' title='bbox 1349 1484 1388 1515; x_wconf 89' lang='lat' dir='ltr'>ob</span> <span class='ocrx_word' id='word_1_209' title='bbox 1414 1483 1497 1514; x_wconf 83' lang='lat' dir='ltr'>haec</span> <span class='ocrx_word' id='word_1_210' title='bbox 1518 1482 1617 1520; x_wconf 86' lang='lat' dir='ltr'>(sup.</span> <span class='ocrx_word' id='word_1_211' title='bbox 1642 1480 1679 1514; x_wconf 89' lang='grc' dir='ltr'>ο)</span> 
     </span>
     <span class='ocr_line' id='line_1_42' title="bbox 716 1523 1682 1574; baseline -0.023 0"><span class='ocrx_word' id='word_1_212' title='bbox 716 1546 747 1574; x_wconf 83' lang='grc'>6.</span> <span class='ocrx_word' id='word_1_213' title='bbox 789 1539 978 1573; x_wconf 80' lang='lat' dir='ltr'>Publilius</span> <span class='ocrx_word' id='word_1_214' title='bbox 1001 1536 1070 1568; x_wconf 61' lang='grc' dir='ltr'>ΡΥ.</span> <span class='ocrx_word' id='word_1_215' title='bbox 1092 1551 1131 1557; x_wconf 93' lang='grc'>-</span> <span class='ocrx_word' id='word_1_216' title='bbox 1160 1533 1308 1564; x_wconf 82' lang='lat' dir='ltr'>domum</span> <span class='ocrx_word' id='word_1_217' title='bbox 1333 1528 1403 1569; x_wconf 80' lang='lat' dir='ltr'>i—g.</span> <span class='ocrx_word' id='word_1_218' title='bbox 1427 1545 1466 1549; x_wconf 94' lang='lat'>—</span> <span class='ocrx_word' id='word_1_219' title='bbox 1494 1523 1682 1567; x_wconf 87' lang='lat' dir='ltr'>quaesis-</span> 
     </span>
    </p>
   </div>
   <div class='ocr_carea' id='block_1_35' title="bbox 1036 1567 1682 1618">
    <p class='ocr_par' dir='ltr' id='par_1_35' title="bbox 1036 1567 1682 1618">
     <span class='ocr_line' id='line_1_43' title="bbox 1036 1567 1682 1618; baseline -0.022 -7"><span class='ocrx_word' id='word_1_220' title='bbox 1036 1579 1129 1618; x_wconf 86' lang='lat' dir='ltr'>,.B“.</span> <span class='ocrx_word' id='word_1_221' title='bbox 1175 1594 1205 1598; x_wconf 91' lang='lat'><strong>—</strong></span> <span class='ocrx_word' id='word_1_222' title='bbox 1245 1584 1345 1615; x_wconf 90' lang='lat' dir='ltr'>super</span> <span class='ocrx_word' id='word_1_223' title='bbox 1370 1581 1516 1603; x_wconf 83' lang='lat' dir='ltr'>coenam</span> <span class='ocrx_word' id='word_1_224' title='bbox 1543 1567 1682 1608; x_wconf 82' lang='lat' dir='ltr'>ASv-g.</span> 
     </span>
    </p>
   </div>
   <div class='ocr_carea' id='block_1_36' title="bbox 141 1612 1683 1776">
    <p class='ocr_par' dir='ltr' id='par_1_36' title="bbox 141 1612 1683 1776">
     <span class='ocr_line' id='line_1_44' title="bbox 145 1612 1682 1676; baseline -0.024 1"><span class='ocrx_word' id='word_1_225' title='bbox 145 1663 184 1670; x_wconf 93' lang='lat'>--</span> <span class='ocrx_word' id='word_1_226' title='bbox 210 1643 410 1676; x_wconf 82' lang='lat' dir='ltr'>modestum</span> <span class='ocrx_word' id='word_1_227' title='bbox 436 1639 483 1670; x_wconf 83' lang='lat' dir='ltr'>M.</span> <span class='ocrx_word' id='word_1_228' title='bbox 592 1638 623 1666; x_wconf 83' lang='grc'>7.</span> <span class='ocrx_word' id='word_1_229' title='bbox 666 1631 798 1664; x_wconf 81' lang='lat' dir='ltr'>maiori</span> <span class='ocrx_word' id='word_1_230' title='bbox 823 1640 906 1661; x_wconf 86' lang='lat' dir='ltr'>cura</span> <span class='ocrx_word' id='word_1_231' title='bbox 931 1625 1002 1657; x_wconf 84' lang='lat' dir='ltr'>GS.</span> <span class='ocrx_word' id='word_1_232' title='bbox 1049 1623 1160 1655; x_wconf 87' lang='lat' dir='ltr'>maior</span> <span class='ocrx_word' id='word_1_233' title='bbox 1177 1625 1276 1660; x_wconf 85' lang='lat' dir='ltr'>(sup.</span> <span class='ocrx_word' id='word_1_234' title='bbox 1306 1617 1387 1649; x_wconf 79' lang='lat' dir='ltr'>add.</span> <span class='ocrx_word' id='word_1_235' title='bbox 1413 1616 1425 1646; x_wconf 83' lang='lat' dir='ltr'>i</span> <span class='ocrx_word' id='word_1_236' title='bbox 1450 1616 1551 1650; x_wconf 79' lang='lat' dir='ltr'>eura)</span> <span class='ocrx_word' id='word_1_237' title='bbox 1573 1612 1614 1643; x_wconf 76' lang='lat' dir='ltr'>B.</span> <span class='ocrx_word' id='word_1_238' title='bbox 1638 1627 1682 1633; x_wconf 94' lang='lat'>-—</span> 
     </span>
     <span class='ocr_line' id='line_1_45' title="bbox 141 1655 1681 1732; baseline -0.024 -11"><span class='ocrx_word' id='word_1_239' title='bbox 141 1689 346 1732; x_wconf 85' lang='lat' dir='ltr'>perductus</span> <span class='ocrx_word' id='word_1_240' title='bbox 370 1684 408 1715; x_wconf 93' lang='lat' dir='ltr'>V.</span> <span class='ocrx_word' id='word_1_241' title='bbox 446 1701 489 1707; x_wconf 89' lang='lat'>—</span> <span class='ocrx_word' id='word_1_242' title='bbox 530 1682 711 1712; x_wconf 81' lang='lat' dir='ltr'>locaverat</span> <span class='ocrx_word' id='word_1_243' title='bbox 736 1677 789 1709; x_wconf 86' lang='lat' dir='ltr'>v3.</span> <span class='ocrx_word' id='word_1_244' title='bbox 834 1674 1048 1705; x_wconf 78' lang='lat' dir='ltr'>vocaverant</span> <span class='ocrx_word' id='word_1_245' title='bbox 1072 1669 1170 1707; x_wconf 85' lang='lat' dir='ltr'>(sup.</span> <span class='ocrx_word' id='word_1_246' title='bbox 1199 1664 1280 1704; x_wconf 89' lang='lat' dir='ltr'>loc.)</span> <span class='ocrx_word' id='word_1_247' title='bbox 1307 1662 1349 1693; x_wconf 91' lang='lat' dir='ltr'>G.</span> <span class='ocrx_word' id='word_1_248' title='bbox 1380 1677 1420 1683; x_wconf 92' lang='lat'><em>-</em></span> <span class='ocrx_word' id='word_1_249' title='bbox 1460 1660 1495 1690; x_wconf 86' lang='lat' dir='ltr'>in</span> <span class='ocrx_word' id='word_1_250' title='bbox 1521 1657 1598 1699; x_wconf 83' lang='lat' dir='ltr'>quis</span> <span class='ocrx_word' id='word_1_251' title='bbox 1625 1655 1681 1692; x_wconf 86' lang='lat' dir='ltr'>(in</span> 
     </span>
     <span class='ocr_line' id='line_1_46' title="bbox 145 1698 1683 1776; baseline -0.024 -10"><span class='ocrx_word' id='word_1_252' title='bbox 145 1745 218 1776; x_wconf 80' lang='lat' dir='ltr'>mg.</span> <span class='ocrx_word' id='word_1_253' title='bbox 245 1731 330 1775; x_wconf 86' lang='lat' dir='ltr'>quib</span> <span class='ocrx_word' id='word_1_254' title='bbox 342 1732 404 1767; x_wconf 88' lang='lat' dir='ltr'>us)</span> <span class='ocrx_word' id='word_1_255' title='bbox 430 1728 471 1759; x_wconf 86' lang='lat' dir='ltr'>B.</span> <span class='ocrx_word' id='word_1_256' title='bbox 527 1724 644 1767; x_wconf 87' lang='lat' dir='ltr'>inquit</span> <span class='ocrx_word' id='word_1_257' title='bbox 670 1722 713 1753; x_wconf 88' lang='lat' dir='ltr'>G.</span> <span class='ocrx_word' id='word_1_258' title='bbox 848 1721 880 1750; x_wconf 87' lang='grc'>8.</span> <span class='ocrx_word' id='word_1_259' title='bbox 921 1720 958 1748; x_wconf 87' lang='lat' dir='ltr'>et</span> <span class='ocrx_word' id='word_1_260' title='bbox 984 1713 1155 1746; x_wconf 80' lang='lat' dir='ltr'>arridens</span> <span class='ocrx_word' id='word_1_261' title='bbox 1179 1709 1218 1741; x_wconf 83' lang='lat' dir='ltr'>A.</span> <span class='ocrx_word' id='word_1_262' title='bbox 1260 1725 1295 1730; x_wconf 92' lang='lat'><strong>—</strong></span> <span class='ocrx_word' id='word_1_263' title='bbox 1341 1706 1401 1738; x_wconf 81' lang='lat' dir='ltr'>hoc</span> <span class='ocrx_word' id='word_1_264' title='bbox 1426 1703 1525 1735; x_wconf 83' lang='lat' dir='ltr'>modo</span> <span class='ocrx_word' id='word_1_265' title='bbox 1549 1711 1621 1732; x_wconf 87' lang='lat' dir='ltr'>om.</span> <span class='ocrx_word' id='word_1_266' title='bbox 1643 1698 1683 1730; x_wconf 81' lang='lat' dir='ltr'>P.</span> 
     </span>
    </p>
   </div>
   <div class='ocr_carea' id='block_1_37' title="bbox 147 1824 896 2969">
    <p class='ocr_par' dir='ltr' id='par_1_37' title="bbox 147 1824 885 2003">
     <span class='ocr_line' id='line_1_47' title="bbox 147 1824 883 1876; baseline -0.024 -10"><span class='ocrx_word' id='word_1_267' title='bbox 147 1843 249 1876; x_wconf 81' lang='lat' dir='ltr'>saepe</span> <span class='ocrx_word' id='word_1_268' title='bbox 284 1831 319 1862; x_wconf 86' lang='lat' dir='ltr'>in</span> <span class='ocrx_word' id='word_1_269' title='bbox 355 1826 498 1861; x_wconf 77' lang='lat' dir='ltr'>tumulis</span> <span class='ocrx_word' id='word_1_270' title='bbox 535 1824 608 1856; x_wconf 86' lang='lat' dir='ltr'>sine</span> <span class='ocrx_word' id='word_1_271' title='bbox 642 1830 780 1863; x_wconf 84' lang='lat' dir='ltr'>corpore</span> <span class='ocrx_word' id='word_1_272' title='bbox 814 1829 883 1849; x_wconf 83' lang='lat' dir='ltr'>no-</span> 
     </span>
     <span class='ocr_line' id='line_1_48' title="bbox 147 1862 882 1917; baseline -0.024 -7"><span class='ocrx_word' id='word_1_273' title='bbox 147 1879 262 1910; x_wconf 84' lang='lat' dir='ltr'>mina</span> <span class='ocrx_word' id='word_1_274' title='bbox 312 1874 404 1917; x_wconf 79' lang='lat' dir='ltr'>legi,</span> <span class='ocrx_word' id='word_1_275' title='bbox 460 1874 494 1902; x_wconf 83' lang='lat' dir='ltr'>et</span> <span class='ocrx_word' id='word_1_276' title='bbox 540 1867 636 1909; x_wconf 84' lang='lat' dir='ltr'>apud</span> <span class='ocrx_word' id='word_1_277' title='bbox 684 1862 882 1896; x_wconf 85' lang='lat' dir='ltr'>Ausonium</span> 
     </span>
     <span class='ocr_line' id='line_1_49' title="bbox 151 1907 885 1964; baseline -0.022 -11"><span class='ocrx_word' id='word_1_278' title='bbox 151 1922 284 1964; x_wconf 75' lang='lat' dir='ltr'>[epigr.</span> <span class='ocrx_word' id='word_1_279' title='bbox 306 1922 370 1958; x_wconf 81' lang='lat'>35,</span> <span class='ocrx_word' id='word_1_280' title='bbox 398 1915 487 1957; x_wconf 85' lang='lat'>10.]:</span> <span class='ocrx_word' id='word_1_281' title='bbox 531 1914 624 1945; x_wconf 81' lang='lat' dir='ltr'>Mors</span> <span class='ocrx_word' id='word_1_282' title='bbox 655 1910 759 1942; x_wconf 77' lang='lat' dir='ltr'>etiam</span> <span class='ocrx_word' id='word_1_283' title='bbox 791 1907 885 1939; x_wconf 67' lang='lat' dir='ltr'>saxis</span> 
     </span>
     <span class='ocr_line' id='line_1_50' title="bbox 149 1955 760 2003; baseline -0.026 -4"><span class='ocrx_word' id='word_1_284' title='bbox 149 1964 469 2003; x_wconf 72' lang='lat' dir='ltr'>nominibusque</span> <span class='ocrx_word' id='word_1_285' title='bbox 491 1958 620 1989; x_wconf 79' lang='lat' dir='ltr'>venit-‘⁶</span> <span class='ocrx_word' id='word_1_286' title='bbox 647 1955 760 1986; x_wconf 72' lang='lat' dir='ltr'>Poivr.</span> 
     </span>
    </p>

    <p class='ocr_par' dir='ltr' id='par_1_38' title="bbox 150 1994 889 2363">
     <span class='ocr_line' id='line_1_51' title="bbox 197 1994 886 2046; baseline -0.025 -5"><span class='ocrx_word' id='word_1_287' title='bbox 197 2012 227 2041; x_wconf 78' lang='lat'>4.</span> <span class='ocrx_word' id='word_1_288' title='bbox 285 2008 378 2039; x_wconf 83' lang='lat' dir='ltr'>velut</span> <span class='ocrx_word' id='word_1_289' title='bbox 409 2003 543 2046; x_wconf 73' lang='lat' dir='ltr'>flagris</span> <span class='ocrx_word' id='word_1_290' title='bbox 588 2009 707 2031; x_wconf 80' lang='lat' dir='ltr'>caesus</span> <span class='ocrx_word' id='word_1_291' title='bbox 748 1994 886 2038; x_wconf 86' lang='lat' dir='ltr'>praeri-</span> 
     </span>
     <span class='ocr_line' id='line_1_52' title="bbox 150 2038 884 2097; baseline -0.026 -11"><span class='ocrx_word' id='word_1_292' title='bbox 150 2054 326 2097; x_wconf 83' lang='lat' dir='ltr'>pientique</span> <span class='ocrx_word' id='word_1_293' title='bbox 350 2061 383 2081; x_wconf 88' lang='lat' dir='ltr'>se</span> <span class='ocrx_word' id='word_1_294' title='bbox 401 2045 537 2087; x_wconf 83' lang='lat' dir='ltr'>similis]</span> <span class='ocrx_word' id='word_1_295' title='bbox 565 2044 620 2075; x_wconf 75' lang='lat' dir='ltr'>Cf.</span> <span class='ocrx_word' id='word_1_296' title='bbox 636 2041 783 2082; x_wconf 83' lang='lat' dir='ltr'>Ulpian.</span> <span class='ocrx_word' id='word_1_297' title='bbox 801 2038 884 2079; x_wconf 79' lang='lat' dir='ltr'>Dig.</span> 
     </span>
     <span class='ocr_line' id='line_1_53' title="bbox 155 2086 887 2137; baseline -0.026 -7"><span class='ocrx_word' id='word_1_298' title='bbox 155 2098 251 2137; x_wconf 72' lang='lat' dir='ltr'>xxi,</span> <span class='ocrx_word' id='word_1_299' title='bbox 279 2099 307 2135; x_wconf 74' lang='lat' dir='ltr'>l,</span> <span class='ocrx_word' id='word_1_300' title='bbox 331 2098 382 2130; x_wconf 73' lang='lat'>17,</span> <span class='ocrx_word' id='word_1_301' title='bbox 400 2095 432 2124; x_wconf 76' lang='lat'>4.</span> <span class='ocrx_word' id='word_1_302' title='bbox 464 2092 512 2123; x_wconf 83' lang='lat' dir='ltr'>Ne</span> <span class='ocrx_word' id='word_1_303' title='bbox 537 2100 610 2120; x_wconf 88' lang='lat' dir='ltr'>eum</span> <span class='ocrx_word' id='word_1_304' title='bbox 636 2086 770 2128; x_wconf 85' lang='lat' dir='ltr'>quidem</span> <span class='ocrx_word' id='word_1_305' title='bbox 791 2087 887 2120; x_wconf 85' lang='lat' dir='ltr'>(ser-</span> 
     </span>
     <span class='ocr_line' id='line_1_54' title="bbox 152 2127 886 2179; baseline -0.025 -5"><span class='ocrx_word' id='word_1_306' title='bbox 152 2153 236 2174; x_wconf 70' lang='lat' dir='ltr'>vum</span> <span class='ocrx_word' id='word_1_307' title='bbox 261 2150 343 2172; x_wconf 70' lang='lat' dir='ltr'>csse</span> <span class='ocrx_word' id='word_1_308' title='bbox 368 2136 602 2179; x_wconf 72' lang='lat' dir='ltr'>fugitivum),</span> <span class='ocrx_word' id='word_1_309' title='bbox 629 2131 699 2173; x_wconf 65' lang='lat' dir='ltr'>qui,</span> <span class='ocrx_word' id='word_1_310' title='bbox 724 2139 797 2160; x_wconf 86' lang='lat' dir='ltr'>cum</span> <span class='ocrx_word' id='word_1_311' title='bbox 826 2127 886 2157; x_wconf 85' lang='lat' dir='ltr'>do—</span> 
     </span>
     <span class='ocr_line' id='line_1_55' title="bbox 153 2173 889 2218; baseline -0.026 1"><span class='ocrx_word' id='word_1_312' title='bbox 153 2188 281 2218; x_wconf 88' lang='lat' dir='ltr'>minum</span> <span class='ocrx_word' id='word_1_313' title='bbox 317 2181 606 2215; x_wconf 79' lang='lat' dir='ltr'>animadverteret</span> <span class='ocrx_word' id='word_1_314' title='bbox 635 2173 829 2206; x_wconf 84' lang='lat' dir='ltr'>verberibus</span> <span class='ocrx_word' id='word_1_315' title='bbox 855 2180 889 2201; x_wconf 88' lang='lat' dir='ltr'>se</span> 
     </span>
     <span class='ocr_line' id='line_1_56' title="bbox 154 2219 888 2273; baseline -0.025 -10"><span class='ocrx_word' id='word_1_316' title='bbox 154 2232 301 2273; x_wconf 81' lang='lat' dir='ltr'>adficere</span> <span class='ocrx_word' id='word_1_317' title='bbox 337 2227 443 2265; x_wconf 76' lang='lat' dir='ltr'>velle,</span> <span class='ocrx_word' id='word_1_318' title='bbox 484 2219 804 2265; x_wconf 79' lang='lat' dir='ltr'>praeripuisset</span> <span class='ocrx_word' id='word_1_319' title='bbox 846 2224 888 2245; x_wconf 88' lang='lat' dir='ltr'>se</span> 
     </span>
     <span class='ocr_line' id='line_1_57' title="bbox 154 2260 888 2312; baseline -0.023 -5"><span class='ocrx_word' id='word_1_320' title='bbox 154 2276 201 2308; x_wconf 77' lang='lat' dir='ltr'>acl</span> <span class='ocrx_word' id='word_1_321' title='bbox 243 2273 390 2305; x_wconf 82' lang='lat' dir='ltr'>amicum</span> <span class='ocrx_word' id='word_1_322' title='bbox 437 2278 535 2312; x_wconf 82' lang='lat' dir='ltr'>quem</span> <span class='ocrx_word' id='word_1_323' title='bbox 584 2265 630 2297; x_wconf 87' lang='lat' dir='ltr'>ad</span> <span class='ocrx_word' id='word_1_324' title='bbox 675 2260 888 2306; x_wconf 84' lang='lat' dir='ltr'>precandum</span> 
     </span>
     <span class='ocr_line' id='line_1_58' title="bbox 152 2319 364 2363; baseline -0.024 -12"><span class='ocrx_word' id='word_1_325' title='bbox 152 2319 364 2363; x_wconf 80' lang='lat' dir='ltr'>perduceret.</span> 
     </span>
    </p>

    <p class='ocr_par' dir='ltr' id='par_1_39' title="bbox 155 2350 891 2534">
     <span class='ocr_line' id='line_1_59' title="bbox 203 2350 891 2400; baseline -0.025 -5"><span class='ocrx_word' id='word_1_326' title='bbox 203 2363 309 2394; x_wconf 88' lang='lat' dir='ltr'>Porro</span> <span class='ocrx_word' id='word_1_327' title='bbox 354 2355 536 2400; x_wconf 67' lang='lat' dir='ltr'>Quiritesl]</span> <span class='ocrx_word' id='word_1_328' title='bbox 576 2350 777 2394; x_wconf 77' lang='lat' dir='ltr'>„Forninla</span> <span class='ocrx_word' id='word_1_329' title='bbox 812 2350 891 2379; x_wconf 83' lang='lat' dir='ltr'>erat</span> 
     </span>
     <span class='ocr_line' id='line_1_60' title="bbox 155 2393 890 2448; baseline -0.024 -8"><span class='ocrx_word' id='word_1_330' title='bbox 155 2406 318 2448; x_wconf 69' lang='lat' dir='ltr'>antiqua,</span> <span class='ocrx_word' id='word_1_331' title='bbox 346 2414 415 2445; x_wconf 82' lang='lat' dir='ltr'>qua</span> <span class='ocrx_word' id='word_1_332' title='bbox 434 2402 478 2433; x_wconf 82' lang='lat' dir='ltr'>ad</span> <span class='ocrx_word' id='word_1_333' title='bbox 497 2398 675 2432; x_wconf 80' lang='lat' dir='ltr'>auxilium</span> <span class='ocrx_word' id='word_1_334' title='bbox 700 2393 890 2426; x_wconf 81' lang='lat' dir='ltr'>serendum</span> 
     </span>
     <span class='ocr_line' id='line_1_61' title="bbox 156 2438 890 2484; baseline -0.023 0"><span class='ocrx_word' id='word_1_335' title='bbox 156 2449 309 2484; x_wconf 77' lang='lat' dir='ltr'>excitari</span> <span class='ocrx_word' id='word_1_336' title='bbox 341 2447 510 2480; x_wconf 82' lang='lat' dir='ltr'>solebant</span> <span class='ocrx_word' id='word_1_337' title='bbox 541 2439 734 2474; x_wconf 77' lang='lat' dir='ltr'>Romani.“</span> <span class='ocrx_word' id='word_1_338' title='bbox 771 2438 890 2469; x_wconf 69' lang='lat' dir='ltr'>HAND.</span> 
     </span>
     <span class='ocr_line' id='line_1_62' title="bbox 158 2490 558 2534; baseline -0.025 -6"><span class='ocrx_word' id='word_1_339' title='bbox 158 2495 322 2528; x_wconf 79' lang='lat' dir='ltr'>Turseli.</span> <span class='ocrx_word' id='word_1_340' title='bbox 342 2493 398 2532; x_wconf 84' lang='lat' dir='ltr'>lv,</span> <span class='ocrx_word' id='word_1_341' title='bbox 423 2503 456 2534; x_wconf 84' lang='lat' dir='ltr'>p.</span> <span class='ocrx_word' id='word_1_342' title='bbox 480 2490 558 2521; x_wconf 74' lang='lat'>41-33.</span> 
     </span>
    </p>

    <p class='ocr_par' dir='ltr' id='par_1_40' title="bbox 160 2526 894 2803">
     <span class='ocr_line' id='line_1_63' title="bbox 203 2526 892 2578; baseline -0.028 -5"><span class='ocrx_word' id='word_1_343' title='bbox 203 2542 391 2572; x_wconf 82' lang='lat' dir='ltr'>libertatem</span> <span class='ocrx_word' id='word_1_344' title='bbox 422 2530 611 2578; x_wconf 81' lang='lat' dir='ltr'>perdimus]</span> <span class='ocrx_word' id='word_1_345' title='bbox 655 2526 892 2560; x_wconf 82' lang='lat' dir='ltr'>Perdidimus</span> 
     </span>
     <span class='ocr_line' id='line_1_64' title="bbox 160 2567 893 2619; baseline -0.026 -1"><span class='ocrx_word' id='word_1_346' title='bbox 160 2585 190 2617; x_wconf 84' lang='lat' dir='ltr'>si</span> <span class='ocrx_word' id='word_1_347' title='bbox 231 2583 420 2619; x_wconf 78' lang='lat' dir='ltr'>scribitur,</span> <span class='ocrx_word' id='word_1_348' title='bbox 470 2577 600 2610; x_wconf 83' lang='lat' dir='ltr'>ultimo</span> <span class='ocrx_word' id='word_1_349' title='bbox 636 2574 716 2605; x_wconf 86' lang='lat' dir='ltr'>loco</span> <span class='ocrx_word' id='word_1_350' title='bbox 756 2567 893 2603; x_wconf 78' lang='lat' dir='ltr'>senarii</span> 
     </span>
     <span class='ocr_line' id='line_1_65' title="bbox 160 2616 893 2669; baseline -0.026 -7"><span class='ocrx_word' id='word_1_351' title='bbox 160 2633 215 2661; x_wconf 77' lang='lat' dir='ltr'>est</span> <span class='ocrx_word' id='word_1_352' title='bbox 232 2630 454 2669; x_wconf 77' lang='lat' dir='ltr'>anapaestus</span> <span class='ocrx_word' id='word_1_353' title='bbox 471 2623 533 2665; x_wconf 88' lang='lat' dir='ltr'>qni</span> <span class='ocrx_word' id='word_1_354' title='bbox 554 2618 642 2652; x_wconf 83' lang='lat' dir='ltr'>ferri</span> <span class='ocrx_word' id='word_1_355' title='bbox 666 2628 734 2649; x_wconf 86' lang='lat' dir='ltr'>non</span> <span class='ocrx_word' id='word_1_356' title='bbox 760 2616 893 2658; x_wconf 81' lang='lat' dir='ltr'>potest,</span> 
     </span>
     <span class='ocr_line' id='line_1_66' title="bbox 161 2662 893 2715; baseline -0.02 -12"><span class='ocrx_word' id='word_1_357' title='bbox 161 2683 375 2715; x_wconf 69' lang='lat' dir='ltr'>‹piamquam</span> <span class='ocrx_word' id='word_1_358' title='bbox 409 2670 480 2701; x_wconf 85' lang='lat' dir='ltr'>hoc</span> <span class='ocrx_word' id='word_1_359' title='bbox 512 2667 630 2709; x_wconf 84' lang='lat' dir='ltr'>ipsum</span> <span class='ocrx_word' id='word_1_360' title='bbox 663 2662 741 2693; x_wconf 82' lang='lat' dir='ltr'>eius</span> <span class='ocrx_word' id='word_1_361' title='bbox 772 2669 893 2690; x_wconf 85' lang='lat' dir='ltr'>exem-</span> 
     </span>
     <span class='ocr_line' id='line_1_67' title="bbox 162 2704 894 2759; baseline -0.02 -11"><span class='ocrx_word' id='word_1_362' title='bbox 162 2718 261 2759; x_wconf 85' lang='lat' dir='ltr'>plum</span> <span class='ocrx_word' id='word_1_363' title='bbox 302 2715 427 2749; x_wconf 77' lang='lat' dir='ltr'>attulit</span> <span class='ocrx_word' id='word_1_364' title='bbox 461 2709 626 2744; x_wconf 84' lang='lat' dir='ltr'>Orellius</span> <span class='ocrx_word' id='word_1_365' title='bbox 657 2707 701 2740; x_wconf 80' lang='lat' dir='ltr'>ad</span> <span class='ocrx_word' id='word_1_366' title='bbox 739 2704 894 2745; x_wconf 78' lang='lat' dir='ltr'>Eclogg.</span> 
     </span>
     <span class='ocr_line' id='line_1_68' title="bbox 165 2759 529 2803; baseline -0.019 -9"><span class='ocrx_word' id='word_1_367' title='bbox 165 2766 274 2803; x_wconf 80' lang='lat' dir='ltr'>poctt.</span> <span class='ocrx_word' id='word_1_368' title='bbox 297 2762 374 2793; x_wconf 80' lang='lat' dir='ltr'>latt.</span> <span class='ocrx_word' id='word_1_369' title='bbox 395 2771 428 2801; x_wconf 85' lang='lat' dir='ltr'>p.</span> <span class='ocrx_word' id='word_1_370' title='bbox 455 2759 529 2788; x_wconf 79' lang='lat'>182.</span> 
     </span>
    </p>

    <p class='ocr_par' dir='ltr' id='par_1_41' title="bbox 166 2793 896 2891">
     <span class='ocr_line' id='line_1_69' title="bbox 208 2793 896 2843; baseline -0.023 -5"><span class='ocrx_word' id='word_1_371' title='bbox 208 2808 241 2837; x_wconf 84' lang='lat'>5.</span> <span class='ocrx_word' id='word_1_372' title='bbox 288 2804 496 2836; x_wconf 82' lang='lat' dir='ltr'>universitas</span> <span class='ocrx_word' id='word_1_373' title='bbox 525 2796 660 2843; x_wconf 83' lang='lat' dir='ltr'>populi]</span> <span class='ocrx_word' id='word_1_374' title='bbox 697 2793 777 2826; x_wconf 67' lang='lat' dir='ltr'>Vid.</span> <span class='ocrx_word' id='word_1_375' title='bbox 810 2801 896 2834; x_wconf 83' lang='lat' dir='ltr'>pro-</span> 
     </span>
     <span class='ocr_line' id='line_1_70' title="bbox 166 2849 448 2891; baseline -0.011 -11"><span class='ocrx_word' id='word_1_376' title='bbox 166 2849 270 2891; x_wconf 65' lang='lat' dir='ltr'>legg.</span> <span class='ocrx_word' id='word_1_377' title='bbox 297 2861 330 2890; x_wconf 88' lang='lat' dir='ltr'>p.</span> <span class='ocrx_word' id='word_1_378' title='bbox 357 2859 448 2880; x_wconf 69' lang='lat' dir='ltr'>xnu-</span> 
     </span>
    </p>

    <p class='ocr_par' dir='ltr' id='par_1_42' title="bbox 167 2876 896 2969">
     <span class='ocr_line' id='line_1_71' title="bbox 209 2876 896 2934; baseline -0.028 -6"><span class='ocrx_word' id='word_1_379' title='bbox 209 2895 242 2923; x_wconf 86' lang='grc'>6-</span> <span class='ocrx_word' id='word_1_380' title='bbox 291 2894 337 2924; x_wconf 82' lang='lat' dir='ltr'>ad</span> <span class='ocrx_word' id='word_1_381' title='bbox 360 2897 543 2934; x_wconf 84' lang='lat' dir='ltr'>patronum</span> <span class='ocrx_word' id='word_1_382' title='bbox 566 2881 708 2925; x_wconf 85' lang='lat' dir='ltr'>domini]</span> <span class='ocrx_word' id='word_1_383' title='bbox 738 2880 763 2914; x_wconf 79' lang='lat' dir='ltr'>i·</span> <span class='ocrx_word' id='word_1_384' title='bbox 789 2890 819 2912; x_wconf 78' lang='lat' dir='ltr'>e.</span> <span class='ocrx_word' id='word_1_385' title='bbox 851 2876 896 2911; x_wconf 82' lang='lat' dir='ltr'>ad</span> 
     </span>
     <span class='ocr_line' id='line_1_72' title="bbox 167 2935 374 2969; baseline -0.005 0"><span class='ocrx_word' id='word_1_386' title='bbox 167 2935 374 2969; x_wconf 84' lang='lat' dir='ltr'>Caesarem.</span> 
     </span>
    </p>
   </div>
   <div class='ocr_carea' id='block_1_38' title="bbox 952 1798 1696 2955">
    <p class='ocr_par' dir='ltr' id='par_1_43' title="bbox 952 1798 1688 2242">
     <span class='ocr_line' id='line_1_73' title="bbox 995 1798 1683 1855; baseline -0.023 -11"><span class='ocrx_word' id='word_1_387' title='bbox 995 1809 1182 1855; x_wconf 77' lang='lat' dir='ltr'>promeruit</span> <span class='ocrx_word' id='word_1_388' title='bbox 1208 1806 1296 1848; x_wconf 87' lang='lat' dir='ltr'>eum]</span> <span class='ocrx_word' id='word_1_389' title='bbox 1323 1805 1344 1837; x_wconf 91' lang='lat' dir='ltr'>i.</span> <span class='ocrx_word' id='word_1_390' title='bbox 1366 1816 1395 1836; x_wconf 87' lang='lat' dir='ltr'>e.</span> <span class='ocrx_word' id='word_1_391' title='bbox 1424 1802 1501 1834; x_wconf 71' lang='lat' dir='ltr'>eius</span> <span class='ocrx_word' id='word_1_392' title='bbox 1525 1798 1683 1843; x_wconf 77' lang='lat' dir='ltr'>gratiam</span> 
     </span>
     <span class='ocr_line' id='line_1_74' title="bbox 952 1845 1684 1889; baseline -0.022 0"><span class='ocrx_word' id='word_1_393' title='bbox 952 1857 1023 1889; x_wconf 85' lang='lat' dir='ltr'>sibi</span> <span class='ocrx_word' id='word_1_394' title='bbox 1057 1852 1279 1886; x_wconf 67' lang='lat' dir='ltr'>comitiavit.</span> <span class='ocrx_word' id='word_1_395' title='bbox 1328 1849 1384 1881; x_wconf 80' lang='lat' dir='ltr'>Cf.</span> <span class='ocrx_word' id='word_1_396' title='bbox 1419 1847 1516 1879; x_wconf 88' lang='lat' dir='ltr'>Plin.</span> <span class='ocrx_word' id='word_1_397' title='bbox 1548 1845 1684 1885; x_wconf 73' lang='lat' dir='ltr'>Paneg.</span> 
     </span>
     <span class='ocr_line' id='line_1_75' title="bbox 952 1889 1686 1940; baseline -0.022 -7"><span class='ocrx_word' id='word_1_398' title='bbox 952 1904 1007 1940; x_wconf 80' lang='lat'>62,</span> <span class='ocrx_word' id='word_1_399' title='bbox 1033 1902 1075 1940; x_wconf 52' lang='grc' dir='ltr'>ἓξ</span> <span class='ocrx_word' id='word_1_400' title='bbox 1101 1903 1121 1931; x_wconf 80' lang='lat'>4</span> <span class='ocrx_word' id='word_1_401' title='bbox 1144 1903 1180 1930; x_wconf 81' lang='lat' dir='ltr'>et</span> <span class='ocrx_word' id='word_1_402' title='bbox 1202 1901 1233 1928; x_wconf 80' lang='lat'>7.</span> <span class='ocrx_word' id='word_1_403' title='bbox 1264 1896 1363 1928; x_wconf 71' lang='lat' dir='ltr'>Nunc</span> <span class='ocrx_word' id='word_1_404' title='bbox 1388 1893 1475 1925; x_wconf 80' lang='lat' dir='ltr'>inter</span> <span class='ocrx_word' id='word_1_405' title='bbox 1498 1889 1686 1933; x_wconf 83' lang='lat' dir='ltr'>principem</span> 
     </span>
     <span class='ocr_line' id='line_1_76' title="bbox 952 1936 1687 1985; baseline -0.02 -8"><span class='ocrx_word' id='word_1_406' title='bbox 952 1950 1176 1985; x_wconf 82' lang='lat' dir='ltr'>senatumque</span> <span class='ocrx_word' id='word_1_407' title='bbox 1206 1938 1404 1984; x_wconf 77' lang='lat' dir='ltr'>dignissimi</span> <span class='ocrx_word' id='word_1_408' title='bbox 1434 1936 1597 1976; x_wconf 83' lang='lat' dir='ltr'>cuiusque</span> <span class='ocrx_word' id='word_1_409' title='bbox 1628 1942 1687 1963; x_wconf 81' lang='lat' dir='ltr'>ca-</span> 
     </span>
     <span class='ocr_line' id='line_1_77' title="bbox 952 1977 1687 2023; baseline -0.02 -2"><span class='ocrx_word' id='word_1_410' title='bbox 952 1991 1058 2022; x_wconf 74' lang='lat' dir='ltr'>ritate</span> <span class='ocrx_word' id='word_1_411' title='bbox 1084 1991 1244 2018; x_wconf 75' lang='lat' dir='ltr'>certatur.</span> <span class='ocrx_word' id='word_1_412' title='bbox 1271 2006 1277 2013; x_wconf 94' lang='lat'>.</span> <span class='ocrx_word' id='word_1_413' title='bbox 1296 2007 1303 2014; x_wconf 93' lang='lat'>.</span> <span class='ocrx_word' id='word_1_414' title='bbox 1333 1981 1496 2023; x_wconf 76' lang='lat' dir='ltr'>Quisquis</span> <span class='ocrx_word' id='word_1_415' title='bbox 1525 1977 1687 2020; x_wconf 85' lang='lat' dir='ltr'>probatos</span> 
     </span>
     <span class='ocr_line' id='line_1_78' title="bbox 954 2020 1688 2068; baseline -0.022 -3"><span class='ocrx_word' id='word_1_416' title='bbox 954 2032 1092 2066; x_wconf 86' lang='lat' dir='ltr'>senatui</span> <span class='ocrx_word' id='word_1_417' title='bbox 1125 2032 1216 2061; x_wconf 87' lang='lat' dir='ltr'>viros</span> <span class='ocrx_word' id='word_1_418' title='bbox 1250 2027 1411 2068; x_wconf 87' lang='lat' dir='ltr'>suspicit,</span> <span class='ocrx_word' id='word_1_419' title='bbox 1448 2024 1501 2054; x_wconf 84' lang='lat' dir='ltr'>hic</span> <span class='ocrx_word' id='word_1_420' title='bbox 1539 2020 1688 2052; x_wconf 71' lang='lat' dir='ltr'>maxime</span> 
     </span>
     <span class='ocr_line' id='line_1_79' title="bbox 952 2064 1688 2120; baseline -0.02 -12"><span class='ocrx_word' id='word_1_421' title='bbox 952 2076 1191 2120; x_wconf 82' lang='lat' dir='ltr'>principem</span> <span class='ocrx_word' id='word_1_422' title='bbox 1229 2073 1515 2114; x_wconf 77' lang='lat' dir='ltr'>promeretur,</span> <span class='ocrx_word' id='word_1_423' title='bbox 1553 2069 1588 2096; x_wconf 82' lang='lat' dir='ltr'>et</span> <span class='ocrx_word' id='word_1_424' title='bbox 1622 2064 1688 2095; x_wconf 79' lang='lat' dir='ltr'>Ar·-</span> 
     </span>
     <span class='ocr_line' id='line_1_80' title="bbox 955 2111 1688 2158; baseline -0.022 -5"><span class='ocrx_word' id='word_1_425' title='bbox 955 2122 1036 2153; x_wconf 86' lang='lat' dir='ltr'>nol).</span> <span class='ocrx_word' id='word_1_426' title='bbox 1061 2119 1137 2158; x_wconf 63' lang='lat' dir='ltr'>Vll,</span> <span class='ocrx_word' id='word_1_427' title='bbox 1160 2119 1216 2149; x_wconf 76' lang='lat'>23.</span> <span class='ocrx_word' id='word_1_428' title='bbox 1247 2117 1299 2147; x_wconf 81' lang='lat' dir='ltr'>lta</span> <span class='ocrx_word' id='word_1_429' title='bbox 1325 2114 1411 2145; x_wconf 72' lang='lat' dir='ltr'>nihil</span> <span class='ocrx_word' id='word_1_430' title='bbox 1434 2111 1571 2153; x_wconf 82' lang='lat' dir='ltr'>prodest</span> <span class='ocrx_word' id='word_1_431' title='bbox 1593 2120 1615 2150; x_wconf 86' lang='lat' dir='ltr'>p</span> <span class='ocrx_word' id='word_1_432' title='bbox 1629 2119 1688 2138; x_wconf 89' lang='lat' dir='ltr'>ro—</span> 
     </span>
     <span class='ocr_line' id='line_1_81' title="bbox 955 2154 1688 2202; baseline -0.019 -5"><span class='ocrx_word' id='word_1_433' title='bbox 955 2164 1108 2197; x_wconf 86' lang='lat' dir='ltr'>mereri</span> <span class='ocrx_word' id='word_1_434' title='bbox 1132 2162 1219 2193; x_wconf 82' lang='lat' dir='ltr'>velle</span> <span class='ocrx_word' id='word_1_435' title='bbox 1237 2170 1298 2202; x_wconf 85' lang='lat' dir='ltr'>per</span> <span class='ocrx_word' id='word_1_436' title='bbox 1324 2158 1454 2189; x_wconf 80' lang='lat' dir='ltr'>hostias</span> <span class='ocrx_word' id='word_1_437' title='bbox 1478 2156 1577 2187; x_wconf 88' lang='lat' dir='ltr'>deos</span> <span class='ocrx_word' id='word_1_438' title='bbox 1601 2154 1688 2184; x_wconf 87' lang='lat' dir='ltr'>lae-</span> 
     </span>
     <span class='ocr_line' id='line_1_82' title="bbox 955 2221 1039 2242; baseline -0.024 0"><span class='ocrx_word' id='word_1_439' title='bbox 955 2221 1039 2242; x_wconf 86' lang='lat' dir='ltr'>vos.</span> 
     </span>
    </p>

    <p class='ocr_par' dir='ltr' id='par_1_44' title="bbox 1001 2245 1422 2292">
     <span class='ocr_line' id='line_1_83' title="bbox 1001 2245 1422 2292; baseline -0.021 -7"><span class='ocrx_word' id='word_1_440' title='bbox 1001 2254 1036 2285; x_wconf 82' lang='lat' dir='ltr'>in</span> <span class='ocrx_word' id='word_1_441' title='bbox 1060 2249 1142 2292; x_wconf 86' lang='lat' dir='ltr'>sole]</span> <span class='ocrx_word' id='word_1_442' title='bbox 1165 2248 1219 2280; x_wconf 80' lang='lat' dir='ltr'>Cf.</span> <span class='ocrx_word' id='word_1_443' title='bbox 1245 2259 1273 2278; x_wconf 91' lang='lat' dir='ltr'>c.</span> <span class='ocrx_word' id='word_1_444' title='bbox 1296 2249 1327 2278; x_wconf 88' lang='grc'>6.</span> <span class='ocrx_word' id='word_1_445' title='bbox 1352 2247 1371 2285; x_wconf 78' lang='lat'>§</span> <span class='ocrx_word' id='word_1_446' title='bbox 1390 2245 1422 2276; x_wconf 80' lang='lat'>4.</span> 
     </span>
    </p>

    <p class='ocr_par' dir='ltr' id='par_1_45' title="bbox 958 2292 1693 2641">
     <span class='ocr_line' id='line_1_84' title="bbox 1001 2292 1691 2338; baseline -0.019 -9"><span class='ocrx_word' id='word_1_447' title='bbox 1001 2301 1033 2329; x_wconf 76' lang='lat'>7.</span> <span class='ocrx_word' id='word_1_448' title='bbox 1082 2296 1140 2338; x_wconf 84' lang='lat' dir='ltr'>qui</span> <span class='ocrx_word' id='word_1_449' title='bbox 1161 2300 1241 2326; x_wconf 83' lang='lat' dir='ltr'>tunc</span> <span class='ocrx_word' id='word_1_450' title='bbox 1261 2292 1390 2332; x_wconf 83' lang='lat' dir='ltr'>scripta</span> <span class='ocrx_word' id='word_1_451' title='bbox 1412 2293 1443 2320; x_wconf 80' lang='lat' dir='ltr'>et</span> <span class='ocrx_word' id='word_1_452' title='bbox 1468 2296 1590 2329; x_wconf 85' lang='lat' dir='ltr'>operas</span> <span class='ocrx_word' id='word_1_453' title='bbox 1610 2295 1691 2317; x_wconf 87' lang='lat' dir='ltr'>suas</span> 
     </span>
     <span class='ocr_line' id='line_1_85' title="bbox 959 2331 1692 2374; baseline -0.019 -1"><span class='ocrx_word' id='word_1_454' title='bbox 959 2342 992 2373; x_wconf 81' lang='lat' dir='ltr'>in</span> <span class='ocrx_word' id='word_1_455' title='bbox 1024 2350 1159 2373; x_wconf 83' lang='lat' dir='ltr'>scenam</span> <span class='ocrx_word' id='word_1_456' title='bbox 1193 2333 1404 2374; x_wconf 79' lang='lat' dir='ltr'>locaverant]</span> <span class='ocrx_word' id='word_1_457' title='bbox 1443 2331 1526 2364; x_wconf 64' lang='lat' dir='ltr'>Noli</span> <span class='ocrx_word' id='word_1_458' title='bbox 1563 2333 1692 2372; x_wconf 85' lang='lat' dir='ltr'>putare</span> 
     </span>
     <span class='ocr_line' id='line_1_86' title="bbox 958 2372 1692 2418; baseline -0.018 -1"><span class='ocrx_word' id='word_1_459' title='bbox 958 2386 1028 2418; x_wconf 91' lang='lat' dir='ltr'>hoc</span> <span class='ocrx_word' id='word_1_460' title='bbox 1053 2395 1133 2416; x_wconf 86' lang='lat' dir='ltr'>esse</span> <span class='ocrx_word' id='word_1_461' title='bbox 1158 2382 1354 2414; x_wconf 80' lang='lat' dir='ltr'>soloecuni.</span> <span class='ocrx_word' id='word_1_462' title='bbox 1387 2377 1441 2409; x_wconf 84' lang='lat' dir='ltr'>Cf.</span> <span class='ocrx_word' id='word_1_463' title='bbox 1467 2377 1584 2408; x_wconf 80' lang='lat' dir='ltr'>Plaut.</span> <span class='ocrx_word' id='word_1_464' title='bbox 1605 2372 1692 2405; x_wconf 75' lang='lat' dir='ltr'>Tri-</span> 
     </span>
     <span class='ocr_line' id='line_1_87' title="bbox 958 2424 1691 2466; baseline -0.02 -3"><span class='ocrx_word' id='word_1_465' title='bbox 958 2442 1055 2462; x_wconf 87' lang='lat' dir='ltr'>num.</span> <span class='ocrx_word' id='word_1_466' title='bbox 1074 2429 1132 2466; x_wconf 75' lang='lat' dir='ltr'>lv,</span> <span class='ocrx_word' id='word_1_467' title='bbox 1148 2430 1181 2465; x_wconf 80' lang='lat'>2,</span> <span class='ocrx_word' id='word_1_468' title='bbox 1202 2429 1215 2457; x_wconf 89' lang='lat'>1</span> <span class='ocrx_word' id='word_1_469' title='bbox 1237 2436 1289 2466; x_wconf 89' lang='lat' dir='ltr'>sq.</span> <span class='ocrx_word' id='word_1_470' title='bbox 1320 2424 1417 2455; x_wconf 68' lang='lat' dir='ltr'>Nam*</span> <span class='ocrx_word' id='word_1_471' title='bbox 1435 2432 1499 2463; x_wconf 73' lang='lat' dir='ltr'>ego</span> <span class='ocrx_word' id='word_1_472' title='bbox 1524 2428 1691 2461; x_wconf 85' lang='lat' dir='ltr'>operam</span> 
     </span>
     <span class='ocr_line' id='line_1_88' title="bbox 958 2460 1693 2507; baseline -0.023 1"><span class='ocrx_word' id='word_1_473' title='bbox 958 2486 1087 2507; x_wconf 84' lang='lat' dir='ltr'>meam</span> <span class='ocrx_word' id='word_1_474' title='bbox 1120 2472 1240 2504; x_wconf 82' lang='lat' dir='ltr'>Tribus</span> <span class='ocrx_word' id='word_1_475' title='bbox 1270 2469 1382 2500; x_wconf 73' lang='lat' dir='ltr'>mamis</span> <span class='ocrx_word' id='word_1_476' title='bbox 1419 2465 1518 2497; x_wconf 82' lang='lat' dir='ltr'>hodie</span> <span class='ocrx_word' id='word_1_477' title='bbox 1552 2460 1693 2493; x_wconf 85' lang='lat' dir='ltr'>locavi</span> 
     </span>
     <span class='ocr_line' id='line_1_89' title="bbox 960 2504 1690 2557; baseline -0.025 -5"><span class='ocrx_word' id='word_1_478' title='bbox 960 2520 1014 2552; x_wconf 87' lang='lat' dir='ltr'>ad</span> <span class='ocrx_word' id='word_1_479' title='bbox 1037 2523 1150 2551; x_wconf 84' lang='lat' dir='ltr'>artes</span> <span class='ocrx_word' id='word_1_480' title='bbox 1172 2512 1499 2557; x_wconf 81' lang='lat' dir='ltr'>nugatorias.et</span> <span class='ocrx_word' id='word_1_481' title='bbox 1518 2505 1606 2539; x_wconf 86' lang='lat' dir='ltr'>ibid.</span> <span class='ocrx_word' id='word_1_482' title='bbox 1623 2504 1690 2544; x_wconf 86' lang='lat'>111,</span> 
     </span>
     <span class='ocr_line' id='line_1_90' title="bbox 960 2550 1692 2605; baseline -0.022 -9"><span class='ocrx_word' id='word_1_483' title='bbox 960 2566 1000 2605; x_wconf 83' lang='lat'>3,</span> <span class='ocrx_word' id='word_1_484' title='bbox 1026 2565 1080 2595; x_wconf 85' lang='lat'>52.</span> <span class='ocrx_word' id='word_1_485' title='bbox 1127 2560 1191 2592; x_wconf 88' lang='lat' dir='ltr'>Ubi</span> <span class='ocrx_word' id='word_1_486' title='bbox 1231 2558 1293 2589; x_wconf 85' lang='lat' dir='ltr'>erit</span> <span class='ocrx_word' id='word_1_487' title='bbox 1330 2556 1475 2587; x_wconf 87' lang='lat' dir='ltr'>locata</span> <span class='ocrx_word' id='word_1_488' title='bbox 1511 2551 1614 2594; x_wconf 81' lang='lat' dir='ltr'>virgo</span> <span class='ocrx_word' id='word_1_489' title='bbox 1650 2550 1692 2581; x_wconf 76' lang='lat' dir='ltr'>in.</span> 
     </span>
     <span class='ocr_line' id='line_1_91' title="bbox 961 2604 1288 2641; baseline -0.028 0"><span class='ocrx_word' id='word_1_490' title='bbox 961 2604 1288 2641; x_wconf 83' lang='lat' dir='ltr'>matrimonium·</span> 
     </span>
    </p>

    <p class='ocr_par' dir='ltr' id='par_1_46' title="bbox 960 2637 1696 2955">
     <span class='ocr_line' id='line_1_92' title="bbox 1004 2637 1692 2694; baseline -0.023 -11"><span class='ocrx_word' id='word_1_491' title='bbox 1004 2663 1066 2694; x_wconf 88' lang='lat' dir='ltr'>pro</span> <span class='ocrx_word' id='word_1_492' title='bbox 1091 2645 1251 2689; x_wconf 78' lang='lat' dir='ltr'>tempore]</span> <span class='ocrx_word' id='word_1_493' title='bbox 1275 2641 1486 2684; x_wconf 76' lang='lat' dir='ltr'>Quaeritur,</span> <span class='ocrx_word' id='word_1_494' title='bbox 1507 2649 1576 2681; x_wconf 82' lang='lat' dir='ltr'>quo</span> <span class='ocrx_word' id='word_1_495' title='bbox 1599 2637 1692 2669; x_wconf 77' lang='lat' dir='ltr'>haec</span> 
     </span>
     <span class='ocr_line' id='line_1_93' title="bbox 960 2681 1693 2727; baseline -0.022 1"><span class='ocrx_word' id='word_1_496' title='bbox 960 2696 1073 2727; x_wconf 82' lang='lat' dir='ltr'>verba</span> <span class='ocrx_word' id='word_1_497' title='bbox 1096 2692 1168 2724; x_wconf 87' lang='lat' dir='ltr'>sint</span> <span class='ocrx_word' id='word_1_498' title='bbox 1196 2685 1417 2721; x_wconf 64' lang='lat' dir='ltr'>referenda?</span> <span class='ocrx_word' id='word_1_499' title='bbox 1450 2684 1489 2715; x_wconf 87' lang='lat' dir='ltr'>In</span> <span class='ocrx_word' id='word_1_500' title='bbox 1518 2682 1604 2715; x_wconf 84' lang='lat' dir='ltr'>edit.</span> <span class='ocrx_word' id='word_1_501' title='bbox 1628 2681 1693 2713; x_wconf 84' lang='lat' dir='ltr'>Bi-</span> 
     </span>
     <span class='ocr_line' id='line_1_94' title="bbox 961 2726 1695 2782; baseline -0.022 -10"><span class='ocrx_word' id='word_1_502' title='bbox 961 2743 1060 2782; x_wconf 89' lang='lat' dir='ltr'>pont.</span> <span class='ocrx_word' id='word_1_503' title='bbox 1084 2735 1214 2767; x_wconf 86' lang='lat' dir='ltr'>verba:</span> <span class='ocrx_word' id='word_1_504' title='bbox 1242 2732 1356 2775; x_wconf 84' lang='lat' dir='ltr'>posita</span> <span class='ocrx_word' id='word_1_505' title='bbox 1381 2730 1524 2761; x_wconf 80' lang='lat' dir='ltr'>invicem</span> <span class='ocrx_word' id='word_1_506' title='bbox 1545 2726 1695 2759; x_wconf 78' lang='lat' dir='ltr'>materia</span> 
     </span>
     <span class='ocr_line' id='line_1_95' title="bbox 963 2770 1694 2817; baseline -0.022 0"><span class='ocrx_word' id='word_1_507' title='bbox 963 2780 1155 2817; x_wconf 81' lang='lat' dir='ltr'>commatis</span> <span class='ocrx_word' id='word_1_508' title='bbox 1197 2780 1280 2809; x_wconf 87' lang='lat' dir='ltr'>sunt</span> <span class='ocrx_word' id='word_1_509' title='bbox 1319 2774 1481 2812; x_wconf 79' lang='lat' dir='ltr'>inclusa,</span> <span class='ocrx_word' id='word_1_510' title='bbox 1530 2775 1569 2803; x_wconf 89' lang='lat' dir='ltr'>ut</span> <span class='ocrx_word' id='word_1_511' title='bbox 1612 2770 1694 2802; x_wconf 87' lang='lat' dir='ltr'>iun-</span> 
     </span>
     <span class='ocr_line' id='line_1_96' title="bbox 964 2817 1694 2872; baseline -0.021 -12"><span class='ocrx_word' id='word_1_512' title='bbox 964 2827 1082 2872; x_wconf 80' lang='lat' dir='ltr'>genda</span> <span class='ocrx_word' id='word_1_513' title='bbox 1127 2833 1207 2855; x_wconf 79' lang='lat' dir='ltr'>esse</span> <span class='ocrx_word' id='word_1_514' title='bbox 1248 2820 1441 2853; x_wconf 74' lang='lat' dir='ltr'>videantur</span> <span class='ocrx_word' id='word_1_515' title='bbox 1481 2817 1610 2848; x_wconf 75' lang='lat' dir='ltr'>verba:</span> <span class='ocrx_word' id='word_1_516' title='bbox 1656 2818 1694 2846; x_wconf 84' lang='lat' dir='ltr'>ut</span> 
     </span>
     <span class='ocr_line' id='line_1_97' title="bbox 963 2858 1696 2915; baseline -0.022 -10"><span class='ocrx_word' id='word_1_517' title='bbox 963 2870 1097 2915; x_wconf 85' lang='lat' dir='ltr'>singuli</span> <span class='ocrx_word' id='word_1_518' title='bbox 1122 2877 1232 2900; x_wconf 87' lang='lat' dir='ltr'>secum</span> <span class='ocrx_word' id='word_1_519' title='bbox 1254 2876 1317 2908; x_wconf 89' lang='lat' dir='ltr'>pro</span> <span class='ocrx_word' id='word_1_520' title='bbox 1341 2869 1489 2905; x_wconf 81' lang='lat' dir='ltr'>tempore</span> <span class='ocrx_word' id='word_1_521' title='bbox 1513 2858 1696 2892; x_wconf 81' lang='lat' dir='ltr'>contende-</span> 
     </span>
     <span class='ocr_line' id='line_1_98' title="bbox 964 2905 1694 2955; baseline -0.022 -4"><span class='ocrx_word' id='word_1_522' title='bbox 964 2921 1051 2951; x_wconf 83' lang='lat' dir='ltr'>rent.</span> <span class='ocrx_word' id='word_1_523' title='bbox 1097 2912 1159 2946; x_wconf 81' lang='lat' dir='ltr'>Sic</span> <span class='ocrx_word' id='word_1_524' title='bbox 1185 2921 1248 2955; x_wconf 84' lang='lat' dir='ltr'>pro</span> <span class='ocrx_word' id='word_1_525' title='bbox 1273 2914 1422 2952; x_wconf 84' lang='lat' dir='ltr'>tempore</span> <span class='ocrx_word' id='word_1_526' title='bbox 1449 2905 1547 2939; x_wconf 82' lang='lat' dir='ltr'>idem</span> <span class='ocrx_word' id='word_1_527' title='bbox 1572 2905 1627 2937; x_wconf 78' lang='lat' dir='ltr'>est</span> <span class='ocrx_word' id='word_1_528' title='bbox 1651 2912 1694 2936; x_wconf 83' lang='lat' dir='ltr'>ae</span> 
     </span>
    </p>
   </div>
  </div>
 </body>
</html>
