1843 3163
512 20 705 63 RERUM
742 21 812 61 ET

115 134 183 166 sub
207 132 352 166 nomine
378 132 476 164 lovis
502 137 679 173 regnante
696 131 805 164 Sene—

115 190 218 210 mure
245 187 287 209 ex
314 188 438 208 eorum
465 177 599 218 oppido
621 176 808 218 lli-liopoli

115 226 350 263 siiinpserunt
374 221 516 263 Assyrii
547 222 582 253 S.
610 222 639 261 Ι,
663 224 729 260 23,
759 224 808 252 10.

117 267 188 298 l'ro
223 271 320 297 terra
352 271 486 306 ponunt
517 266 619 297 boiis
653 265 807 305 liguram

117 311 152 341 S.
181 310 215 346 Ι,
244 313 304 350 19,
335 312 385 340 13.
439 309 647 341 Dixinarum
688 320 806 340 rerum

118 355 275 386 niaxime
309 354 417 395 periti
454 355 600 385 l'ucruut
628 354 808 394 quondam

116 399 154 429 S.
193 398 227 438 Ι,
272 400 328 434 11,
364 402 394 429 3.
446 416 485 420 —-
524 397 810 438 religiosissima

118 454 210 483 gens
238 442 274 473 S.
304 442 335 481 Ι,
362 446 397 480 7,
429 444 476 472 11.
527 442 659 472 Eorum
687 452 809 473 sacer-

117 487 220 517 dotes
249 487 449 526 prophetae
481 486 567 517 dicti
597 485 671 521 111,
702 488 753 524 13,
780 489 810 516 9.

118 530 314 561 Herculem
363 542 469 570 (piam
527 529 811 570 religiosissime

118 575 311 605 coluerunt
338 574 373 605 S.
401 574 427 611 1,
451 576 506 610 20,
529 577 545 604 7
570 580 605 604 et
633 576 681 604 11.
718 574 810 603 ller-

118 619 236 649 eulem
262 619 375 649 solem
399 629 479 648 esse
507 628 630 647 eorum
654 617 810 647 admini—

117 663 313 694 strationes
344 672 531 692 sacrorum
559 661 810 691 dennonstrant

116 706 164 737 ib.
194 709 242 737 11.
294 706 445 746 Quando
473 705 587 736 cmicti
610 704 808 736 Saturnum

116 755 152 781 et
178 749 343 790 Sarapim
370 749 569 788 coluerint,
605 754 640 779 et
664 760 727 779 eur
749 761 809 780 eo-

116 805 194 824 rum
231 795 314 825 l'ana
346 799 448 825 extra
482 794 589 824 urbi-s
621 798 809 824 exstruxe-

119 837 191 869 rint
217 838 251 869 S.
281 837 314 874 l,
338 841 377 872 7,
408 841 444 868 11
471 849 522 878 sq.
571 837 638 868 lsis
666 842 700 868 vt
726 838 807 869 osi-

118 882 167 913 ris
192 881 286 922 apud
311 892 372 912 eos
395 883 429 912 S.
453 881 479 919 1,
501 883 555 917 21,
584 884 618 912 11
642 893 694 921 sq.
734 882 807 912 llo—

118 937 180 957 rus
218 926 266 956 ib.
307 928 353 955 13.
405 925 595 966 Quomodo
634 925 808 957 Mercurii

116 970 314 1001 caduceum
336 968 578 1010 figuraverint
592 970 626 1000 S.
645 969 671 1007 1,
690 972 739 1007 19,
759 972 810 1002 16.

73 1014 262 1056 Aegyptus
285 1013 417 1044 artium
446 1019 560 1044 mater
583 1013 619 1044 S.
647 1013 673 1047 l.
706 1016 755 1050 15,
780 1016 808 1045 l.

116 1076 161 1081 —
198 1057 403 1088 divinarum
445 1057 605 1088 omnium
645 1057 810 1100 discipli-

119 1112 246 1132 narum
283 1112 431 1141 compos
466 1101 637 1140 1'11913,
669 1104 718 1132 10.
767 1121 807 1124 -

119 1151 267 1186 perusto
301 1144 449 1186 cingulo
483 1145 602 1176 vicina
637 1145 673 1176 C.
702 1146 754 1185 11,
777 1150 810 1184 7,

119 1192 170 1220 19,
236 1188 496 1220 Calidissimae
545 1189 707 1229 regionis
748 1200 812 1220 eur

121 1233 258 1275 frigida
296 1232 369 1264 sint
407 1233 489 1264 vina
534 1233 614 1272 111,
647 1237 685 1267 8,
716 1236 736 1263 9
758 1245 810 1274 sq.

119 1276 295 1308 llumoris
345 1277 401 1307 xel
453 1276 585 1307 caloris
639 1276 810 1308 nimietas

120 1332 314 1361 numquam
341 1319 374 1351 ei
400 1321 522 1351 nocuit
547 1320 583 1351 C.
607 1320 653 1357 ΙΙ,
683 1324 733 1361 10,
760 1323 810 1353 14.

70 1359 275 1406 'Aetyaevz'tng
298 1364 428 1405 Apollo
453 1364 489 1395 S.
515 1365 539 1403 1,
570 1367 618 1399 17,
644 1367 697 1396 35.

74 1407 112 1439 C.
139 1408 234 1439 Aelii
258 1408 394 1440 tribuni
421 1419 544 1449 pugna
569 1408 625 1448 vl,
652 1411 683 1447 3,
710 1411 741 1440 3.

33 1448 45 1459 '
73 1451 232 1484 Aemilia
258 1452 363 1492 virgo
390 1453 530 1493 quando
564 1452 734 1484 damnata
763 1451 810 1484 sit

118 1496 155 1528 S.
178 1497 204 1535 1,
229 1499 280 1535 10,
307 1498 338 1526 5.

74 1540 291 1572 Aemilianus
317 1540 362 1570 ab
391 1538 546 1571 Aemilio
571 1538 594 1571 S
634 1539 661 1578 1,
686 1542 720 1576 6,
740 1541 794 1570 27.

72 1583 251 1615 Aemilius
290 1583 360 1614 trib
415 1583 490 1614 mil.
529 1582 564 1614 S.
597 1583 632 1619 Ι,
668 1586 727 1620 16,
756 1585 812 1614 22.

116 1627 219 1659 Aeni.
248 1627 419 1665 Regillus
448 1631 593 1667 praetor
622 1627 748 1658 aedem
777 1626 812 1656 in

119 1682 248 1711 eampo
273 1670 404 1702 Martio
433 1671 630 1701 curandam
661 1670 756 1701 vovit
776 1670 812 1701 S.

119 1715 154 1755 Ι,
183 1718 236 1754 10,
266 1717 315 1745 11.
363 1715 412 1745 31.
437 1715 537 1747 Aeni.
564 1713 723 1755 Lepidus
748 1714 813 1753 ΙΙΙ,

121 1761 174 1797 13,
207 1761 254 1789 ιι.

75 1802 281 1834 Aemulatio
315 1801 406 1832 bene
439 1800 618 1842 incipiens
653 1801 687 1832 in
721 1800 813 1832 invi-

119 1847 216 1878 diam
241 1845 363 1877 evadit
391 1844 429 1876 C.
458 1846 503 1885 11,
531 1849 583 1883 10,
612 1848 661 1876 16.

74 1891 195 1922 Aenea
223 1889 338 1921 sacris
364 1889 537 1930 pleraque
562 1888 730 1920 adhiberi
755 1899 812 1920 so-

121 1934 188 1966 lita
222 1933 269 1971 V,
298 1935 355 1969 19,
385 1935 434 1964 11.
485 1932 617 1964 Aeneis
653 1932 812 1964 falcibus

120 1983 243 2009 sectae
278 1976 414 2007 herbae
449 1976 496 2007 ib.
522 1980 539 2007 7
570 1988 621 2017 sq.
672 1977 812 2007 Aeneas

120 2022 240 2053 falces
275 2021 368 2051 unde
402 2021 601 2061 sumpserit
631 2020 811 2061 Virgilius

120 2065 168 2096 ib.
197 2068 218 2096 8
241 2076 318 2105 sqq.
366 2063 476 2094 Aenei
506 2065 586 2095 cadi
612 2063 658 2095 ib.
684 2068 714 2095 9.

74 2111 215 2143 Aeneas
252 2107 414 2149 pontifex
449 2107 521 2146 111,
545 2110 583 2147 2,
613 2111 662 2138 17.
714 2109 811 2149 Quo-

118 2153 226 2185 modo
253 2152 286 2183 in
316 2163 477 2182 errorem
506 2152 672 2192 relapsus
695 2152 743 2183 sit
775 2152 812 2183 C.

119 2197 154 2233 l,
180 2199 220 2234 7,
248 2200 279 2227 7.
331 2196 486 2227 Penates
513 2195 547 2226 in
578 2195 723 2227 ltaliam
753 2196 814 2226 de-

120 2240 207 2272 tulit
242 2240 312 2275 111,
339 2241 377 2277 4,
406 2244 437 2270 7.
500 2239 644 2271 Invenit
679 2239 813 2280 capitis

120 2283 268 2315 velandi
295 2283 404 2314 ritum
431 2282 496 2321 111,
523 2286 556 2322 6,
584 2286 635 2314 17.
674 2283 814 2315 Aeneas

121 2327 157 2358 in
194 2326 285 2358 mari
324 2330 473 2357 vexatus
514 2327 577 2366 IV,
603 2330 721 2366 3215.
771 2345 814 2350 -

121 2370 218 2412 patri
245 2369 377 2400 timens
401 2369 458 2407 lv,
487 2372 518 2408 4,
544 2372 574 2400 6.
628 2388 661 2392 —
688 2370 815 2401 horta-

125 2421 182 2446 tur
216 2418 254 2443 ut
288 2412 516 2453 sepeliantur
553 2413 666 2444 occisi
704 2414 751 2444 ib.
783 2416 815 2445 9.

122 2476 163 2481 -
190 2457 359 2487 flammas
381 2455 535 2487 fundens
562 2459 605 2495 V.
630 2459 681 2493 13,
705 2459 748 2487 35
762 2468 814 2497 sq.

121 2503 264 2532 Aeneae
297 2505 405 2540 atque
435 2499 553 2530 Turni
586 2510 708 2541 pugna
740 2499 815 2531 sin-

122 2544 267 2587 gularis
294 2544 333 2583 V.
358 2546 391 2581 2,
419 2546 471 2574 15.

80 2590 230 2621 Aeneam
255 2592 398 2619 aeutnm
425 2586 500 2623 Vll,
529 2588 583 2626 16.
610 2589 658 2617 16.

79 2634 212 2664 Aenum
239 2631 422 2662 ebulliens
449 2630 486 2670 Y,
518 2632 570 2668 11,
596 2632 639 2660 23
664 2641 717 2671 sq.

78 2676 214 2708 Aeolus
239 2675 279 2714 V.
305 2677 337 2714 4,
363 2677 393 2705 4.

80 2720 319 2761 Aequabiliter
345 2718 382 2749 C.
411 2718 439 2756 Ι,
463 2720 518 2755 20,
546 2718 588 2747 26
615 2720 650 2747 et
673 2719 728 2747 28.
775 2731 818 2742 =

125 2763 334 2803 aequaliter
358 2762 396 2793 C.
423 2762 458 2799 Ι,
483 2763 540 2800 22,
567 2763 619 2791 10.

82 2807 260 2847 Aequaevi
287 2806 364 2846 Vll,
393 2808 444 2844 11,
471 2808 502 2836 2,

82 2850 290 2891 Aequalitas
302 2863 345 2878 Ξ
359 2848 606 2891 aequabilitas
621 2846 661 2879 C.
675 2846 704 2887 1,
718 2849 750 2886 5,
768 2848 819 2877 18.

139 2903 188 2943 11.

856 19 1172 62 VERBORL'M.
1536 21 1619 62 673

878 131 1169 173 Avquinoctiatis
1195 132 1357 165 circulus
1376 131 1414 164 C.
1437 132 1465 172 1,
1491 135 1542 172 15,
1561 136 1619 172 1:3;

924 181 979 215 20,
1005 180 1066 211 3ος
1095 176 1139 213 ΙΙ,
1166 181 1196 215 7,
1217 179 1238 208 4
1263 182 1298 208 et
1321 180 1352 208 6.
1393 195 1437 200 —
1461 183 1617 218 «pianum

923 221 971 252 sit
997 220 1035 252 (Σ.
1059 221 1084 258 1,
1108 224 1163 258 20,
1191 225 1244 253 31.
1291 223 1399 262 Aequ.
1423 221 1502 253 dies
1522 221 1560 252 C.
1590 223 1617 261 1,

921 269 983 302 20,
1009 268 1062 295 20.
1111 266 1219 306 Aequ.
1249 265 1424 306 temporis
1451 266 1541 297 liora
1569 265 1615 296 ib.

922 313 974 339 30,
1008 309 1282 348 siequinoctiale
1303 310 1616 351 hemisphaerium

926 352 963 382 (J.
990 353 1015 389 1,
1042 356 1096 390 20,
1123 357 1176 384 30,
1215 356 1335 395 Quota
1361 355 1439 386 eius·
1467 365 1549 395 pars
1570 354 1619 386 uit

925 397 979 426 sol
1008 396 1096 426 ibid.

880 440 1158 480 Aequinoctium
1188 441 1335 471 sernalc
1364 441 1399 471 S.
1435 442 1466 481 1,
1492 444 1555 480 21,
1584 444 1616 473 6.

924 485 1013 514 Ante
1038 495 1128 524 aequ
1170 495 1316 514 iermuu
1344 485 1484 516 caelum
1511 485 1616 517 triste

923 528 959 558 S.
988 528 1014 565 1,
1044 530 1092 565 12,
1121 529 1168 558 11.
1211 528 1321 568 Aequ.
1345 538 1452 558 terno
1480 535 1616 561 inatro-

923 582 988 602 nae
1016 571 1143 603 ieneri
1175 582 1319 603 sacrum
1352 572 1536 605 faciebant
1565 573 1614 605 ib.

928 618 976 646 15.

878 660 947 690 Acr
972 664 1026 690 est
1050 659 1137 690 luno
1163 659 1198 688 C.
1231 658 1257 696 1,
1284 661 1337 699 17,
1366 661 1425 698 15;
1451 659 1486 691 S.
1513 660 1538 698 1,
1565 663 1616 698 17,

923 705 983 742 5-1,
1009 703 1073 740 111,
1101 706 1132 742 4,
1158 706 1189 734 8.
1232 703 1336 735 Aeris
1362 704 1503 736 arbitra
1528 704 1615 735 luno

922 748 957 779 S.
991 747 1024 787 1,
1056 751 1109 787 15,
1138 750 1191 778 20.
1253 749 1324 778 Aer
1347 748 1536 780 aetherius
1561 753 1617 780 est

922 791 1079 832 sphaera
1118 791 1266 822 veneris
1303 797 1338 822 et
1378 792 1474 824 lovis
1511 792 1548 823 C.
1588 793 1616 832 1,

929 839 986 874 11,
1007 840 1037 865 8.
1082 836 1169 866 liius
1202 840 1329 867 natura
1363 835 1400 866 C.
1429 836 1465 875 1,
1491 839 1556 876 22,
1581 839 1614 866 5.

921 881 1101 910 Densetus
1151 880 1286 910 imbres
1334 879 1449 911 cl'licit
1496 880 1543 911 ib.
1584 884 1616 911 9.

925 925 1126 954 lluniectns
1165 928 1200 954 et
1242 923 1383 955 calidus
1418 928 1473 955 est
1511 924 1549 955 C.
1588 924 1615 963 Ι,

922 970 954 1005 6,
983 970 1044 1005 26;
1080 968 1103 998 S
1143 968 1223 1005 111,
1244 970 1276 1005 5,
1303 970 1358 998 21.
1406 968 1617 1009 Proprieta-

923 1017 994 1044 tem
1031 1011 1169 1042 lunaris
1206 1011 1372 1044 humoris
1409 1012 1547 1053 patitur
1582 1017 1618 1043 et

924 1055 1045 1097 prodit
1079 1056 1161 1095 VH,
1193 1058 1249 1094 16,
1282 1058 1337 1087 31.
1397 1055 1614 1088 Universum

925 1107 1059 1131 terram
1086 1099 1200 1130 ambit
1225 1099 1262 1130 C.
1291 1100 1327 1138 Ι,
1352 1102 1414 1139 22,
1440 1104 1472 1131 9.
1523 1099 1616 1131 Ter-

924 1154 1001 1175 ram
1035 1143 1136 1175 vehit
1166 1144 1202 1174 S.
1235 1144 1268 1181 1,
1294 1146 1353 1181 21,
1380 1146 1412 1174 ὃ.
1459 1143 1614 1176 Terram

925 1188 1061 1218 muneri
1101 1198 1170 1218 non
1206 1187 1343 1228 patitur
1375 1186 1413 1217 C.
1439 1188 1472 1227 1,
1496 1191 1558 1227 22,
1586 1191 1616 1218 7.

927 1232 1024 1262 Motu
1067 1231 1101 1262 in
1149 1237 1294 1262 ventum
1339 1232 1496 1263 solvitur
1539 1232 1615 1271 Vll,

923 1279 961 1312 8,
994 1278 1043 1306 15.
1090 1274 1242 1306 Calidas
1268 1276 1382 1306 ssabro
1408 1282 1528 1307 motus
1553 1287 1617 1307 cui·

923 1319 1092 1360 adquirat
1121 1319 1239 1357 frigus
1270 1320 1317 1350 ib.
1348 1321 1398 1350 14.
1445 1320 1549 1351 Aeris
1580 1324 1615 1351 et

922 1374 1036 1403 aquae
1075 1374 1137 1403 per
1175 1363 1362 1395 humorem
1405 1363 1613 1395 coniunctio

923 1407 962 1437 C.
998 1407 1033 1445 Ι,
1064 1410 1105 1445 6,
1136 1410 1178 1438 26
1202 1419 1254 1448 sq.
1304 1407 1409 1438 Aeris
1443 1413 1478 1440 et
1515 1407 1614 1448 ignis

924 1461 988 1491 per
1042 1451 1201 1482 calorem
1261 1451 1468 1483 coniunctio
1525 1451 1612 1483 ibid.

924 1493 1028 1526 Aeris
1056 1494 1148 1526 situs
1178 1494 1217 1525 C.
1245 1495 1279 1534 Ι,
1304 1498 1368 1533 22,
1391 1497 1422 1526 5.
1471 1495 1614 1527 Dicitur

925 1549 1006 1570 esse
1043 1538 1165 1570 anima
1200 1539 1256 1570 vel
1297 1540 1398 1570 solus
1437 1540 1493 1572 vel
1532 1551 1612 1571 cum

926 1582 1011 1623 igne
1044 1583 1099 1614 vel
1130 1594 1209 1614 euni
1240 1583 1325 1625 igne
1358 1587 1394 1615 et
1419 1584 1550 1625 spiritu
1579 1583 1617 1615 C.

926 1626 953 1665 1,
985 1628 1035 1663 14,
1060 1629 1113 1657 20.

882 1670 1070 1701 Aerarium
1095 1670 1296 1700 Romanum
1326 1681 1390 1702 cur
1415 1670 1528 1702 fuerit
1550 1670 1618 1703 Sa-

926 1714 1021 1745 turni
1052 1714 1226 1755 templum
1255 1713 1289 1744 S.
1318 1714 1345 1752 Ι,
1372 1717 1405 1751 8,
1429 1716 1460 1745 3.

883 1760 1047 1789 Acratum
1078 1763 1214 1799 tegmen
1240 1771 1283 1784 Ξ
1308 1758 1460 1800 clypeus
1487 1756 1618 1789 iaculis

926 1801 1089 1833 consitus
1116 1801 1172 1838 Vl,
1198 1804 1230 1838 6,
1257 1804 1288 1832 6.

877 1841 1066 1885 Ἀερότεμις
1108 1850 1162 1876 est
1199 1844 1315 1889 Diana
1357 1845 1439 1883 vll,
1472 1847 1533 1886 16,
1561 1848 1616 1877 27.

925 1889 979 1919 Cf.
1006 1888 1042 1919 S.
1071 1889 1097 1927 Ι,
1122 1891 1174 1928 15,
1199 1891 1254 1919 20.

880 1933 1144 1964 Aerumnarum
1184 1932 1362 1973 Virgilius
1399 1933 1620 1974 locupletior

926 1981 981 2007 est
1015 1976 1198 2018 interpres
1227 1987 1332 2018 qnam
1364 1976 1546 2009 Homerus
1579 1977 1617 2016 V,

926 2022 978 2058 ιι,
1000 2023 1033 2050 5.

880 2065 949 2095 Aes
974 2063 1129 2104 primum
1148 2063 1325 2103 quomodo
1346 2063 1469 2095 alano
1493 2063 1618 2106 signa-

928 2113 999 2138 tum
1026 2107 1075 2138 sit
1099 2106 1134 2137 S.
1163 2107 1196 2145 1,
1221 2111 1260 2144 7,
1286 2110 1341 2138 22.
1389 2108 1494 2139 Aeris
1519 2107 1553 2138 in
1580 2118 1619 2139 re

928 2151 1052 2182 dixina
1080 2151 1174 2191 apud
1202 2156 1344 2183 veteres
1368 2162 1455 2183 usus
1492 2151 1536 2189 V,
1565 2154 1619 2190 19,

930 2197 981 2226 11.
1028 2212 1071 2218 -—
1104 2195 1260 2236 styptica
1287 2195 1343 2227 vis
1371 2195 1452 2232 vll,
1485 2198 1538 2234 16,
1564 2197 1619 2227 33.

927 2257 967 2262 —
997 2238 1050 2270 vis
1081 2239 1291 2271 remedialis
1315 2244 1351 2271 et
1376 2239 1537 2271 siceifica
1570 2239 1618 2270 ib.

927 2284 982 2313 34.
1030 2300 1071 2304 —
1103 2294 1278 2323 squamae
1313 2283 1497 2325 putredini
1529 2282 1621 2314 resi-

927 2330 1027 2357 stunt
1064 2325 1112 2357 ib.
1145 2328 1199 2357 33.
1257 2327 1296 2358 ln
1334 2327 1432 2358 aeris
1467 2327 1620 2359 metallo

927 2370 988 2410 qui
1021 2376 1208 2401 morantur
1241 2370 1430 2402 oculorum
1463 2371 1622 2403 sanitate

930 2414 1071 2454 pollent
1094 2414 1182 2445 ibid.

883 2457 1126 2497 Aesculapius
1163 2467 1205 2488 ex
1242 2456 1410 2497 Apolline
1444 2460 1552 2487 natus
1586 2455 1624 2486 S.

929 2501 957 2537 Ι,
982 2503 1038 2537 20,
1063 2502 1093 2530 4.
1143 2500 1242 2530 Idem
1273 2510 1352 2530 cum
1374 2500 1543 2541 Apolline
1567 2500 1623 2531 di-

931 2543 1178 2575 vinationibus
1211 2547 1246 2574 et
1278 2544 1445 2585 auguriis
1478 2546 1625 2584 praeest

930 2586 1018 2617 ibid.
1065 2587 1180 2627 Quam
1215 2587 1305 2618 solis
1334 2587 1404 2618 vim
1438 2586 1625 2629 significet

929 2630 977 2660 ib.
999 2633 1025 2660 1.
1066 2631 1138 2661 Cur
1157 2631 1234 2661 eius
1255 2631 1491 2662 simulachris
1515 2631 1624 2663 draco

931 2673 1177 2715 subiungatur
1201 2674 1290 2705 ibid.

887 2717 1064 2752 Aesculus
1091 2718 1199 2749 arbor
1226 2718 1316 2749 felix
1340 2718 1406 2758 ΙΙΙ,
1430 2720 1486 2757 20,
1511 2721 1545 2749 2.

888 2760 1022 2802 Aesopi
1046 2761 1170 2792 liberti
1196 2761 1231 2793 in
1255 2762 1536 2793 Demosthenem
1563 2771 1626 2802 pa-

938 2809 1080 2836 tronum
1108 2804 1199 2837 fides
1223 2805 1258 2837 S.
1284 2807 1311 2844 1,
1337 2808 1388 2843 11,
1417 2809 1466 2837 17.
1516 2807 1627 2837 Aeso-

934 2859 1000 2889 pus
1046 2848 1181 2882 histrio
1218 2849 1387 2882 Ciceroni
1427 2849 1627 2883 familiaris

1358 2896 1424 2939 43
