1845 3131
197 15 278 56 35ss
831 15 1108 58 MACROBII

155 127 302 182 *zpulla
334 125 575 178 Pompeiana
612 137 808 178 praecem,
858 126 1015 167 Tellana
1055 133 1154 168 atra.
1225 126 1438 168 Sciendum
1484 127 1593 182 quod
1640 128 1739 168 [icus

194 184 281 223 alba
312 195 358 221 ex
392 179 571 219 felicibus
605 180 656 219 sit
685 180 919 231 arboribus,
966 187 1105 222 contra
1138 182 1250 235 nigra
1280 197 1328 223 ex
1357 183 1593 225 infelicibus.
1655 184 1739 224 Do-

194 243 284 278 rent
311 250 384 276 nos
415 240 632 289 utrumque
662 236 882 290 pontifices.
942 238 1012 278 Ait
1039 238 1144 278 enim
1172 239 1368 280 Veranius
1402 240 1451 281 de
1479 240 1609 281 verbis
1639 254 1738 294 pon-

196 293 431 334 tificalibus:
478 292 622 333 Felices
652 293 811 334 mlieres
832 302 1030 349 putantur
1062 310 1140 335 esse
1171 310 1335 350 quercus
1360 297 1534 337 aesculus
1565 298 1644 337 flea:
1673 311 1738 337 su-

196 351 316 390 beries
349 350 464 402 saque
500 349 654 404 corylus
689 351 843 398 sorbus,
877 350 976 405 sicus
1008 351 1118 399 alba,
1150 352 1268 406 pirus
1305 353 1430 392 malus
1459 354 1549 393 vitis
1582 367 1741 408 prunus

159 408 181 445 :3
198 420 342 446 cornus
380 406 490 445 lotus.
561 405 794 458 Tarquitius
833 414 965 446 nutem
997 406 1158 447 Priscus
1194 407 1233 447 in
1266 407 1498 448 Ostentario
1536 408 1740 449 arborario

197 462 251 502 sic
283 461 359 501 ait:
410 461 577 501 Arbores
617 477 715 516 quae
759 464 932 516 inferum
978 462 1140 504 deorum
1178 465 1508 519 (werlentiunzque
1543 466 1586 505 in
1625 465 1740 505 tutela

197 526 306 567 sunt,
357 532 419 558 cas
450 517 618 571 infelices
652 520 882 560 nominant:
931 519 1124 560 alternum
1157 521 1390 574 sanquinem
1422 521 1584 575 silicem,
1623 520 1742 575 ficum

287 639 392 681 [Mss.
421 639 554 672 GPSV.

206 713 229 715 »ν-
268 695 423 726 numica
449 695 489 726 1¹.
517 712 557 717 —
583 696 701 737 pulla,
738 697 947 739 Pompeiana
976 699 1142 740 v-ngQ.
1189 699 1289 741 pulla
1321 698 1530 741 Pompeiana
1556 698 1742 730 s-bPVMa

194 739 249 778 {in
276 739 300 770 S
326 740 428 770 nullu
451 744 508 771 est
535 739 781 781 interpunctio
808 752 829 772 11
851 743 951 783 pulla
977 754 1089 784 usque
1114 744 1157 775 ad
1181 744 1291 783 atra).
1326 762 1360 766 —
1390 743 1530 775 tillana
1556 743 1627 774 ΜΙ.
1675 744 1741 775 tel-

195 786 284 815 lena
311 784 380 814 Mss.
428 785 583 816 calana
607 785 667 816 1¹5.
692 804 735 808 —
758 790 868 817 astra
890 788 949 817 1³3.
975 805 1010 809 -
1038 789 1227 827 „TeIIana‚
1251 793 1330 820 atra
1346 787 1491 819 Plinius
1516 787 1742 830 disparMef‘

196 830 299 859 Pont.
337 827 436 866 (Non
468 827 517 859 itu
550 834 632 870 post
660 829 892 861 IIarduinum
924 831 985 872 qui
1014 832 1124 863 ctiam
1151 832 1243 873 apud
1273 832 1500 864 Mucrobium
1535 832 1645 864 iussit
1678 832 1741 863 de-

196 872 264 903 leri
290 874 464 909 comma.)
606 876 627 904 2
664 877 723 915 sit
749 874 822 906 ich.
849 894 889 897 —
917 881 1036 907 contra
1059 877 1191 919 virga
1215 877 1275 907 1¹3.
1299 895 1343 900 —
1368 877 1540 909 suberies
1560 875 1695 918 scripsi
1720 887 1740 907 e

195 915 287 948 coni.
330 916 408 948 Vid.
436 920 508 948 not.
563 919 741 950 subcrius
772 919 810 950 Ρ.
867 931 1022 961 superus
1054 920 1215 962 GSVv—g·
1245 924 1287 962 (g
1315 920 1349 952 in
1381 932 1444 963 mg
1494 921 1616 960 „alias
1642 920 1740 963 sapi-

195 964 304 999 nus“)
333 961 427 992 Mus.
489 973 653 1003 suparus
686 964 756 994 M2.
817 975 1019 1007 supernus
1049 964 1107 996 [³3.
1171 965 1287 996 suber
1313 965 1374 996 s—I)
1401 966 1464 1002 (ch
1489 966 1523 997 in
1549 977 1612 1009 mg
1627 966 1658 1007 )·
1697 983 1738 989 ——

192 1016 314 1047 pyrus
339 1006 376 1036 V.
404 1023 445 1028 —
473 1006 598 1039 lothus
624 1018 654 1040 a.
704 1009 811 1039 lorus
836 1008 871 1040 S.
1009 1011 1041 1040 3.
1084 1010 1306 1051 Tarquinius
1331 1010 1416 1041 Mss.
1448 1013 1483 1042 et
1506 1010 1596 1042 Edd.
1624 1008 1739 1050 „Cap.

198 1054 224 1080 7.
253 1050 287 1090 [ἓ
312 1049 359 1091 2]
384 1049 445 1081 hic
473 1051 586 1090 idem,
624 1056 662 1083 ut
686 1052 853 1093 videtur,
893 1054 1114 1095 Tarquitius
1139 1054 1290 1085 dicitur:
1333 1054 1539 1096 cituturque
1564 1053 1615 1086 ibi
1645 1054 1741 1085 liber

195 1094 274 1125 cius
305 1095 551 1136 transcriptus
579 1106 621 1127 ex
658 1098 854 1129 Ostentario
885 1100 1024 1138 Tusco,
1055 1098 1148 1139 quod
1177 1099 1239 1129 hic
1267 1099 1499 1131 Ostentarium
1524 1099 1740 1131 arborarium

194 1138 414 1170 nominatur.
462 1139 633 1171 Meminit
667 1152 809 1182 quoque
839 1142 918 1174 eius
955 1142 1051 1174 inter
1087 1142 1288 1174 historicos
1328 1142 1478 1175 Latinos
1511 1143 1627 1176 Geth.
1662 1142 1740 1174 loh.

196 1183 358 1221 Vossius,
383 1183 654 1226 legendumque
677 1186 871 1227 utrobique
895 1187 1083 1219 existimat
1114 1188 1341 1230 Tarquitius.
1388 1188 1477 1219 Vide
1502 1193 1537 1220 et
1554 1188 1652 1220 Petr.
1680 1185 1740 1218 Pi-

194 1227 342 1259 thoeum
360 1227 552 1259 Subscciv.
580 1230 644 1261 Iib.
672 1231 696 1261 1.
721 1242 751 1262 c.
774 1234 828 1262 20.
852 1233 912 1273 qui
940 1233 982 1263 de
1009 1232 1187 1273 Tarquitio
1212 1232 1372 1264 omnium
1392 1232 1533 1274 primus
1555 1231 1743 1264 coniectu-

195 1283 270 1303 rum
297 1271 465 1303 iniecit.“
489 1273 602 1305 Potwr.
655 1276 855 1317 Tarquitius
881 1276 1090 1308 emendavit
1113 1276 1223 1308 etiam
1244 1276 1455 1308 Harduinus
1481 1278 1516 1309 in
1541 1276 1628 1308 edit.
1645 1275 1740 1307 PIin.

195 1317 266 1347 ind.
301 1321 440 1348 auctor.
469 1327 499 1348 s.
528 1318 561 1348 11.
590 1330 622 1349 n.
651 1320 767 1352 alluta
802 1321 1044 1362 inscriptione
1068 1320 1218 1352 Gruteri
1249 1333 1282 1362 p.
1306 1323 1384 1352 625.
1416 1332 1447 1353 1,.
1473 1331 1674 1360 mmmmm
1704 1330 1738 1351 1..

199 1372 227 1393 F.
256 1371 341 1391 Pon.
371 1371 543 1393 E'rnvsco,
569 1381 612 1386 —
646 1365 752 1395 Etru
764 1376 839 1396 scus
864 1366 922 1397 vel
954 1366 1097 1397 Tuscus
1124 1365 1217 1397 coni.
1242 1364 1421 1397 Ilarduin.
1448 1366 1471 1397 1.
1494 1377 1523 1397 c.
1561 1364 1640 1397 Vid.
1664 1367 1740 1396 not.

197 1424 237 1428 --
273 1407 519 1438 ostentatorio
545 1406 606 1437 1²3.
640 1426 681 1430 —
717 1410 855 1441 arbores
881 1421 1059 1452 quaeque
1083 1412 1137 1441 vl.
1185 1410 1356 1441 arborum
1381 1421 1470 1452 quae
1494 1410 1530 1442 S.
1570 1428 1610 1433 —-
1651 1410 1739 1442 alte-

197 1461 275 1481 rum
302 1449 346 1480 G.
395 1450 603 1482 alaternum
630 1452 665 1483 ll
689 1453 782 1485 coni.
808 1453 963 1486 Salmas.
990 1454 1128 1486 Exercc
1166 1454 1261 1485 PIin.
1288 1465 1322 1495 p.
1347 1457 1425 1486 430.
1449 1465 1481 1486 11.
1508 1454 1568 1494 l).,
1601 1453 1737 1485 Meurs.

196 1497 232 1525 et
255 1494 361 1524 Pont.
386 1494 470 1525 coll.
497 1495 592 1526 Ptin.
625 1495 665 1527 N.
692 1497 735 1529 H.
770 1498 868 1537 Xx'l,
895 1501 949 1529 26.
984 1503 1019 1530 ct
1052 1498 1191 1530 Colum.
1218 1498 1304 1539 Vll,
1328 1501 1360 1529 6.
1409 1500 1578 1539 „Aluum
1606 1498 1664 1530 vel
1691 1497 1739 1529 ad

194 1543 341 1580 myrtum
366 1539 548 1582 sanguine
576 1541 816 1576 infelicem.“
839 1554 864 1586 g
890 1543 924 1574 in
952 1554 1024 1585 mg.
1072 1542 1271 1575 Similiter:
1306 1544 1526 1581 „alaternus
1556 1542 1740 1585 sanguin'e

195 1583 332 1623 infelix,
359 1582 394 1614 id
423 1588 478 1614 est
503 1585 709 1626 sanguinea
729 1591 765 1618 et
790 1593 846 1619 est
871 1592 1022 1619 cruenta
1050 1586 1246 1619 materia-‘⁶
1264 1586 1426 1619 Turneb.
1443 1587 1592 1619 Advers.
1609 1586 1739 1627 xvlll,

196 1630 227 1658 4.
257 1646 295 1650 —
325 1628 548 1669 sanguinum
574 1629 667 1662 coni.
688 1630 844 1663 Salmas.
878 1632 902 1663 Ι.
924 1643 956 1663 c.
981 1636 1018 1664 et
1051 1632 1095 1663 de
1126 1631 1337 1674 homonym.
1361 1632 1440 1674 hyl,
1467 1631 1550 1664 intr.
1579 1642 1658 1674 cap.
1682 1633 1737 1663 71.

199 1726 290 1757 ritur
322 1729 442 1758 utrum
476 1728 689 1771 significent
715 1741 822 1762 11111111]
852 1742 933 1773 spe-

197 1770 288 1802 ciem
326 1781 370 1803 an
410 1772 519 1812 duas,
561 1775 779 1815 pracsertim
825 1787 934 1817 quum

194 1816 294 1856 pulla
317 1817 482 1857 ponenda
507 1822 605 1850 esset
626 1825 708 1861 post
726 1831 935 1862 praecocem.

1004 1733 1148 1770 arbor,
1184 1731 1319 1773 iuquit,
1350 1743 1389 1764 ex
1412 1742 1479 1774 qua
1504 1732 1739 1764 validissimus

1002 1782 1116 1809 cortex
1138 1777 1336 1808 natatorius
1359 1776 1552 1809 extrahitur
1575 1780 1645 1808 cet.
1668 1776 1740 1808 Ea-

1004 1821 1084 1852 dem
1117 1821 1195 1852 fere
1229 1821 1400 1862 suppleta
1434 1824 1517 1852 sunt
1548 1821 1642 1863 apud
1670 1820 1740 1853 Fe-

248 1860 473 1902 Pompeiana]
500 1862 577 1894 Vid.
598 1869 672 1896 not.
698 1865 742 1896 ad
772 1865 935 1897 Liviana.

240 1905 403 1946 praecox]
443 1905 499 1937 Cf.
538 1907 633 1939 PIiu.
673 1909 697 1940 I.
736 1920 765 1940 c.
802 1909 838 1951 ἕξ
868 1912 935 1949 70,

202 1950 272 1987 rh,
306 1951 380 1990 73„
413 1951 487 1988 74..
525 1949 726 1994 πρόδρομοι
759 1957 935 1985 vocantur

199 1992 293 2033 apud
316 1993 447 2025 Athen.
472 1994 539 2032 III,
565 1997 618 2026 12.
640 2008 673 2037 p.
698 2000 750 2028 77.
776 2009 803 2028 c.

248 2036 395 2068 Tellana
425 2039 518 2079 atra]
551 2040 714 2071 Telanas
747 2047 845 2074 atras
872 2053 933 2073 vo-

201 2084 257 2111 nat
281 2080 370 2112 Cato
392 2084 423 2120 S,
452 2084 477 2112 l.
505 2086 540 2114 et
565 2083 659 2115 Ptin.
686 2085 709 2115 1.
733 2096 762 2115 c.
785 2087 804 2125 ἕ
826 2089 878 2117 72.

242 2126 274 2155 2.
323 2125 427 2166 quod]
454 2125 510 2157 Cf.
537 2127 705 2169 prolegg.
735 2139 768 2169 p.
794 2140 850 2160 xn.

236 2169 359 2208 felices
379 2169 528 2211 arbores]
544 2170 596 2202 Cf.
608 2172 787 2204 Auuninn.
802 2172 933 2211 XXIX,

206 2214 228 2241 Ι.
270 2213 440 2244 l'erbenas
472 2215 630 2254 felicis
667 2218 838 2249 arboris
868 2228 934 2260 ge-

199 2261 305 2287 stans.
341 2256 488 2289 Similia
508 2258 677 2291 videntur
701 2261 815 2292 fuisse
839 2261 933 2303 apud

202 2300 348 2331 Festum
375 2301 438 2333 Iib.
472 2302 607 2342 XVIII,
633 2316 665 2346 p.
696 2307 773 2336 309.
801 2306 931 2337 Muell.

200 2356 226 2374 s.
250 2355 280 2374 v.
308 2346 491 2387 supplicia.
524 2346 627 2379 Serv.
652 2349 694 2380 ad
723 2349 823 2391 Virg.
848 2350 932 2381 Aen.

202 2388 288 2426 XII,
322 2391 415 2421 mo:
459 2392 646 2430 I'erbenas,
688 2393 823 2435 inquit,
864 2395 933 2426 iam

202 2444 360 2464 necamus
380 2446 493 2466 omnes
511 2437 696 2475 frondes
718 2444 895 2471 sac-rata
908 2450 934 2477 s,

203 2482 235 2508 nt
261 2482 309 2509 est
333 2478 463 2518 laurus,
490 2481 583 2512 oliva
605 2482 658 2512 vel
684 2487 827 2524 myrtus.
862 2482 932 2514 Fe-

201 2526 278 2552 stus
299 2532 355 2563 ap.
376 2522 479 2554 Paul.
508 2524 571 2556 lib.
597 2525 654 2564 Vl,
681 2538 714 2568 p.
741 2530 794 2558 92.
822 2528 931 2559 Feli-

201 2576 265 2596 ces
303 2567 493 2607 arbores,
534 2568 671 2609 inquit,
718 2572 802 2603 Cato
835 2572 934 2611 dizit,

202 2621 288 2650 qncze
309 2612 462 2649 fructum
481 2614 623 2653 ferunt,
662 2615 818 2655 infelices
845 2628 935 2658 quae

203 2665 265 2684 non
284 2656 422 2693 serunt:
449 2656 561 2688 aliter
583 2669 672 2700 ergo
698 2669 739 2691 ac
758 2660 935 2693 Veranius

203 2697 266 2727 ille
306 2709 367 2729 ens
406 2700 556 2740 delinit,
602 2703 663 2734 sed
702 2704 934 2737 consentiens

202 2753 280 2791 cuni
310 2743 451 2783 Plinio,
486 2746 591 2778 cuius
615 2747 726 2779 verba
752 2748 846 2781 infra
870 2760 932 2791 po-

201 2796 269 2817 8111-

245 2830 405 2873 suberies]
431 2831 492 2863 Sic
518 2833 671 2875 scripsi,
707 2836 791 2877 quia
817 2836 932 2869 Isido-

203 2883 262 2902 rus
287 2873 390 2915 Orig.
415 2875 532 2918 XVII,
562 2882 598 2918 7,
627 2881 700 2910 27.:
732 2881 932 2912 suberies

1004 1870 1099 1897 stum
1128 1865 1191 1897 lib.
1224 1865 1353 1904 XVIII,
1379 1877 1413 1907 p.
1438 1867 1517 1896 294.

1047 1912 1079 1941 3.
1115 1910 1317 1951 Tarquitius
1341 1915 1454 1942 autem
1481 1907 1632 1950 Priscus]
1651 1908 1738 1940 Tar-

1004 1955 1145 1996 quitius
1170 1953 1303 1996 scripsi
1331 1957 1481 1996 propter
1502 1963 1581 1995 cap.
1607 1956 1638 1984 7.
1667 1952 1683 1994 §
1704 1955 1737 1985 2.

1002 1999 1072 2030 sed
1094 2009 1296 2040 cognomen
1321 1999 1458 2030 Priscus
1477 1997 1624 2035 retinui,
1649 2007 1738 2037 quo-

1003 2043 1099 2074 niam
1149 2047 1184 2074 et
1234 2042 1314 2083 ipse
1361 2041 1572 2073 narduinus
1623 2040 1740 2072 refert

1002 2087 1117 2119 alium
1147 2085 1294 2127 quidem
1321 2086 1539 2127 Tarquitium
1569 2085 1738 2117 Priscum

1003 2130 1078 2173 legi
1105 2130 1198 2171 apud
1226 2129 1397 2161 Tacitum
1424 2129 1513 2161 Ann.
1545 2128 1641 2168 XIV,
1667 2130 1737 2170 46.‚

1002 2179 1038 2206 et
1054 2174 1260 2206 verisimile
1281 2178 1337 2206 est
1358 2178 1508 2215 propter
1528 2173 1598 2205 hoc
1617 2173 1736 2215 ipsum

1003 2230 1204 2261 cognomen
1262 2219 1496 2260 Tarquitium
1556 2222 1735 2250 mutatum

1003 2275 1083 2295 csse
1109 2263 1145 2295 in
1175 2263 1430 2304 Tarquinium.

1052 2307 1260 2348 Ostentario]
1277 2306 1352 2338 Vid.
1370 2310 1443 2338 not.
1460 2306 1502 2338 ad
1522 2316 1602 2348 cap.
1621 2309 1652 2339 7.
1668 2307 1688 2346 §
1703 2309 1737 2338 2.

1046 2351 1352 2393 auertentiumque]
1369 2351 1567 2383 Turnebus
1586 2350 1738 2382 Advers.

1003 2396 1133 2435 len,
1157 2398 1177 2427 4
1202 2408 1209 2428 ε
1236 2398 1475 2436 „Avertentes,
1501 2394 1632 2436 inquit,
1658 2395 1737 2426 deos

1002 2441 1172 2482 suspicor
1194 2441 1294 2472 velut
1315 2436 1545 2480 οἷλεξικοὲκους
1560 2437 1620 2470 καὶ
1642 2435 1736 2470 ἄπο-

1001 2485 1215 2527 τροπαίους,
1257 2484 1318 2526 qui
1347 2483 1515 2526 prodigia
1546 2485 1734 2525 portenta-

1003 2540 1071 2571 que
1118 2529 1411 2562 nverruncabant
1463 2531 1500 2559 et
1553 2527 1736 2558 averrunci

1002 2577 1124 2613 erant,
1150 2573 1212 2615 qui
1236 2577 1272 2604 et
1294 2583 1313 2604 a
1338 2571 1465 2604 Persio
1487 2570 1540 2612 [V‚
1568 2570 1656 2611 167]
1683 2571 1735 2602 dii

1001 2618 1210 2660 depellentes
1233 2618 1451 2648 vocantur.“
1487 2614 1541 2646 Cf.
1568 2615 1670 2646 Varr.
1695 2613 1733 2646 L.

1002 2661 1041 2694 L.
1064 2661 1145 2700 VII,
1173 2664 1204 2693 5.
1233 2662 1253 2700 g
1283 2663 1376 2692 ¹02:
1415 2660 1464 2691 Ab
1496 2659 1733 2691 avertendo

1003 2715 1249 2743 averruncare,
1284 2709 1322 2736 ut
1349 2705 1432 2736 deus
1466 2704 1524 2745 qui
1548 2704 1583 2734 in
1607 2703 1654 2735 eis
1679 2714 1733 2734 re—

1002 2750 1062 2781 bus
1085 2753 1237 2791 praeest,
1265 2751 1492 2780 Auerruncus.
1545 2748 1666 2789 Itaque
1690 2747 1733 2779 ab

1001 2804 1038 2825 eo
1061 2794 1198 2835 precari
1227 2793 1354 2833 solent,
1389 2797 1427 2825 ut
1449 2791 1605 2834 pericula
1630 2801 1732 2823 aver-

1001 2842 1064 2870 tat.

1046 2891 1104 2913 eas
1128 2881 1283 2921 infelices
1313 2880 1510 2913 nominant:
1546 2878 1730 2919 alternum]
