1871 3126
390 186 444 191 —
479 161 663 202 labentem
699 161 801 202 caelo
834 163 905 217 qui
938 163 1080 204 ducitis
1116 176 1277 212 annum,

387 217 505 258 Liber
543 224 577 257 et
610 217 713 257 alma
753 217 874 266 Ceres,

221 280 301 315 tam
330 273 463 313 lunam
496 286 614 326 quam
645 272 766 313 solem
799 273 919 313 duces
949 272 1040 312 anni
1071 272 1144 313 hae
1174 272 1426 313 invocatione
1455 273 1677 327 designans.

333 329 466 369 XVII.
525 328 599 369 Hie
631 328 829 369 Avienus:
874 329 962 368 Hoc
996 329 1180 382 equidem
1213 342 1365 369 meeum
1397 330 1564 369 multum
1601 344 1645 369 ae
1685 329 1759 369 sre-

224 389 393 438 quenter
421 384 585 438 agitavi‚
630 384 725 438 quid
765 385 815 424 sit
844 384 950 438 quod
980 384 1102 424 solem
1133 384 1252 424 modo
1285 384 1509 437 Apollinem
1544 385 1663 425 modo
1695 385 1759 425 Li-

222 440 362 481 berum
395 440 515 480 modo
545 440 619 480 sub
649 440 815 480 aliarum
844 440 1153 494 appellationum
1185 439 1373 480 varietate
1402 453 1648 480 veneremur.
1708 441 1762 480 Et

223 495 316 550 quia
345 509 549 537 sacrorum
579 496 758 536 omnium
788 496 1006 550 praesulem
1041 510 1126 536 esse
1154 501 1215 544 te,
1256 495 1362 536 Vetti
1390 495 1665 543 praetextate,
1701 495 1759 535 di-

154 551 335 606 [285]vina
358 552 588 600 voluerunt,
618 565 745 605 perge,
774 566 936 606 quaeso,
967 551 1159 592 rationem
1188 550 1282 591 mihi
1311 556 1444 591 tantae
1472 552 1546 592 sul)
1575 565 1658 592 uno
1688 565 1759 591 no-

182 607 328 648 2mine
353 608 393 648 in
423 607 653 648 nominihus
685 608 922 648 diversitatis
950 607 1113 661 aperire.
1173 608 1275 647 Tum
1301 607 1479 647 Vettius:
1510 607 1614 648 Cave
1643 607 1759 647 aesti-

222 677 321 713 mes,
360 663 413 704 mi
444 663 617 711 Aviene,
653 669 859 717 poetarum
893 677 1071 717 gregem,
1109 677 1199 703 eum
1232 663 1281 703 de
1313 662 1372 702 dis
1403 662 1649 711 fabulantur,
1678 676 1759 702 non

220 719 269 760 ab
309 719 435 774 ad3tis
478 719 713 774 plerumque
753 719 1027 781 philosophiae
1070 718 1219 759 semina
1264 718 1450 759 mutuari.
1509 719 1608 759 Nam
1649 717 1758 772 quod

220 789 359 816 omnes
386 788 512 830 paene
539 775 654 824 deos,
697 774 905 816 dumtaxat
934 775 1002 829 qui
1032 775 1106 815 sub
1136 774 1244 815 eaelo
1274 779 1389 824 sunt,
1426 774 1475 815 ad
1507 774 1630 815 solem
1660 773 1758 814 rese-

308 909 411 952 [Mss.
438 910 604 943 ABGPS.

217 965 303 1007 gilii
329 967 429 997 recte
456 977 651 1007 expressus
678 968 734 997 est
759 965 794 996 in
823 964 885 996 Ed.
913 968 982 996 vet.
1009 974 1117 1006 quam
1144 964 1354 1006 Stephanus
1381 966 1536 1004 temere,
1572 966 1611 995 ut
1635 974 1759 1006 saepe,

219 1009 555 1053 neglexit.‘²Zenn.
608 1011 739 1053 inquit:
785 1011 851 1041 I'os
890 1021 908 1041 o
947 1009 1198 1041 clarissima
1237 1008 1382 1041 mundi
1421 1008 1606 1040 Lumina
1646 1009 1679 1040 b.
1716 1026 1758 1032 —-

220 1054 447 1129 ΨιασΧζῚῗὺ.
471 1100 584 1140 Caput
615 1098 731 1129 XVII.
779 1097 902 1128 Omnes
926 1097 1005 1128 deos
1030 1097 1155 1138 referri
1184 1097 1230 1128 ad
1258 1096 1382 1127 Solem.
1427 1096 1470 1127 Et
1498 1095 1588 1137 quod
1620 1106 1659 1126 em
1692 1107 1757 1127 va-

217 1143 280 1174 riis
304 1142 477 1184 Apollinis
507 1143 709 1174 ostendatur
733 1142 946 1181 nominibus,
973 1142 1080 1183 ipsum
1109 1142 1252 1172 eundem
1278 1152 1348 1171 csse
1373 1140 1494 1180 deum,
1520 1151 1616 1181 quem
1643 1141 1757 1171 Solum

218 1187 375 1218 dicimus.
399 1187 499 1217 cti-b.
643 1189 668 1217 Ι.
711 1186 801 1217 Hinc
826 1186 871 1217 vi.
909 1204 949 1208 —
988 1186 1119 1217 mullo
1144 1197 1270 1216 mecum
1294 1185 1437 1216 multum
1463 1185 1501 1215 A.
1534 1202 1575 1207 ——
1614 1184 1688 1215 sole
1713 1185 1754 1216 A.

217 1249 259 1254 —
299 1231 342 1262 Et
367 1231 435 1273 qui
462 1230 500 1262 A.
534 1248 575 1252 ——
620 1230 704 1262 l‘cti
737 1230 778 1261 G.
835 1230 941 1262 l‘ecti
963 1229 1088 1271 Asi-g
1135 1248 1172 1252 -
1212 1230 1366 1260 numine
1392 1228 1459 1260 cah
1492 1227 1594 1267 „Nun
1622 1229 1756 1260 malest‘

218 1274 316 1306 Zenn
365 1293 398 1298 -
433 1275 465 1306 in
493 1275 658 1306 omnibus
685 1274 855 1305 AGs-M‘.
992 1275 1024 1304 2.
1067 1275 1170 1305 'l'unc
1194 1273 1236 1304 G.
1277 1291 1316 1294 ——
1358 1274 1479 1305 l'etius
1505 1273 1548 1303 G.
1605 1273 1757 1305 Vectius

217 1318 354 1361 ASv-g.
378 1337 421 1342 —
451 1320 542 1351 Cave
566 1330 613 1350 ne
638 1318 681 1350 G.
706 1335 746 1341 -—
771 1318 963 1350 existimes
986 1317 1098 1360 Sagb.
1146 1319 1296 1350 estimes
1321 1316 1417 1349 vich.
1445 1335 1483 1340 —
1512 1318 1553 1348 de
1576 1316 1635 1348 his
1658 1320 1755 1358 (sup.

264 1441 365 1473 Liber
403 1446 434 1474 et
473 1442 567 1473 alma
607 1442 706 1473 Ceres
746 1440 952 1483 defigimus]

216 1486 319 1518 Haec
353 1497 478 1518 ansam
509 1486 596 1518 dant
628 1485 794 1527 sequenti
827 1485 950 1526 dispu-

217 1530 360 1562 tationi.
410 1531 486 1562 vid.
513 1535 585 1562 not.
610 1531 654 1561 ad
687 1541 715 1561 e.
743 1532 774 1560 3.
795 1531 814 1568 ς
847 1532 897 1560 16.

261 1574 371 1614 XVII,
400 1578 428 1606 l.
480 1585 653 1606 sacrorum
680 1574 828 1606 oninium
849 1583 951 1615 prae-

214 1620 321 1650 sulem
347 1630 418 1650 esse
443 1619 485 1661 te]
520 1618 542 1650 i.
571 1629 602 1649 e.
638 1619 807 1649 omnihus
835 1617 951 1648 sacris

217 1668 253 1694 te
278 1673 463 1703 praeesse.
506 1663 713 1694 Salmasius
739 1662 781 1693 ad
809 1662 950 1702 Ropisa.

215 1707 382 1739 Antonin.
410 1707 551 1738 I'hilos.
582 1709 615 1738 4.
656 1719 688 1748 p.
721 1708 796 1736 302.
841 1705 950 1737 aflei-t

215 1752 377 1793 glossam
414 1757 592 1783 veterem:
617 1751 821 1802 prosaltor,
860 1745 878 1781 ὁ
914 1746 951 1781 ἐν

213 1797 290 1833 τοῖς
315 1794 425 1837 ἱεροῖς
443 1791 743 1837 προορχούμενος.
781 1794 837 1825 Cf.
866 1804 948 1835 pro-

215 1839 316 1881 legg.
343 1851 376 1880 p.
402 1850 480 1871 xx11
505 1851 582 1881 sqq.
615 1844 649 1871 et
681 1838 947 1880 c.19.§17.;

213 1885 267 1916 24.
291 1884 307 1924 §
334 1886 388 1915 23.

257 1927 392 1969 divina]
419 1926 494 1958 Vid.
523 1930 595 1958 not.
622 1926 665 1958 ad
694 1937 723 1957 e.
754 1928 800 1957 ll.
828 1927 848 1965 ἓ
873 1928 902 1956 1.

255 1977 376 2004 tantae
401 1972 460 2002 sub
487 1983 554 2013 uno
577 1972 714 2002 nomine
737 1972 770 2002 in
797 1970 948 2001 nomini-

212 2015 274 2047 bus
298 2014 522 2057 diversitatis]
559 2015 736 2046 Malueris
770 2014 947 2045 forsitan:

212 2059 248 2090 in
280 2060 509 2098 numinibus,
544 2059 636 2099 quod
670 2059 815 2090 videtur
847 2069 946 2089 eoni-

211 2103 378 2135 mendari
417 2103 462 2134 iis
498 2114 591 2144 quae
630 2103 804 2143 leguntur
840 2102 856 2143 §
895 2104 946 2132 4.:

212 2148 360 2180 ostendit
384 2148 487 2179 unius
509 2147 564 2178 dci
588 2147 728 2187 effectus
746 2147 861 2177 varios
884 2157 947 2187 pro

211 2193 321 2223 variis
353 2191 539 2223 censendos
577 2201 647 2222 esse
682 2190 947 2221 numinibus.

209 2235 255 2267 At
297 2235 464 2277 sequitur
501 2234 654 2266 ibidem:
702 2235 752 2265 ila
792 2235 949 2265 diversae

211 2280 355 2312 virtutes
380 2280 462 2311 solis
490 2280 660 2310 nomina
687 2279 740 2309 dis
768 2278 947 2318 dederunt,

212 2326 248 2356 et
273 2335 303 2355 c.
333 2326 384 2356 19.
410 2325 429 2363 §
454 2326 485 2354 6.
513 2323 668 2364 legitur:
705 2323 751 2353 Et
776 2327 863 2353 certe
886 2333 947 2352 ra-

209 2368 258 2400 tio
293 2368 469 2400 naturalis
506 2368 635 2410 exigit,
675 2372 712 2398 ut
748 2367 785 2397 di
820 2366 945 2397 caloris

208 2412 366 2444 caelestis
389 2416 547 2454 parentes
571 2412 687 2453 magis
707 2410 945 2441 nominibus

209 2467 312 2497 quam
334 2468 369 2488 re
394 2456 654 2496 substantiaque
675 2455 779 2486 divisi
804 2455 883 2493 sint,
911 2458 946 2485 et

207 2499 244 2532 h.
273 2500 295 2531 I.
333 2501 441 2541 paulo
472 2510 603 2540 snpra:
645 2500 735 2541 quod
761 2500 864 2530 solem
891 2522 898 2529 .
916 2521 943 2529 ..

208 2545 268 2575 sub
303 2546 456 2576 aliarum
490 2544 843 2586 appellationum
880 2554 943 2574 va-

207 2589 330 2621 rietate
354 2599 561 2620 veneremur.
600 2588 702 2628 Quod
733 2587 767 2618 in
794 2586 944 2628 quibus-

208 2632 290 2663 dam
317 2633 419 2664 codd.
448 2637 483 2664 et
510 2633 589 2664 edd.
619 2631 776 2673 legitur,
806 2632 841 2662 in
865 2642 944 2662 om-

206 2677 340 2716 nibus,
381 2677 416 2709 id
445 2677 624 2718 quomodo
652 2676 798 2707 defendi
827 2675 943 2717 possit

207 2721 347 2761 neseio,
385 2721 455 2753 nisi
488 2721 581 2752 forte
611 2721 682 2752 huc
715 2721 768 2752 vis
801 2720 942 2751 referre

206 2776 234 2794 e.
263 2767 317 2795 23.
352 2766 448 2806 §20.
490 2766 601 2797 Solem
634 2776 704 2796 esse
736 2765 876 2796 omnia
910 2769 941 2795 et

211 2808 362 2849 Orpbeus
397 2815 545 2841 testatur
580 2809 633 2841 liis
668 2810 830 2840 versibus.
889 2808 940 2839 An

205 2851 299 2883 forte
326 2854 550 2894 probandum
577 2857 633 2885 est
662 2854 755 2895 qnod
788 2852 823 2884 in
854 2862 941 2883 non-

205 2895 320 2928 nullis
354 2897 433 2928 edd.
468 2897 625 2939 legitur,
662 2899 722 2929 sub
760 2908 827 2929 uuo
865 2908 939 2928 nn—

1020 1439 1133 1472 mine?
1181 1440 1329 1472 Videtur
1353 1439 1553 1482 suffragari
1581 1440 1674 1481 qnod
1703 1440 1755 1472 le-

1020 1485 1123 1527 gitur
1147 1496 1176 1515 c.
1206 1488 1255 1516 18.
1282 1486 1301 1524 §
1328 1488 1357 1515 7.
1388 1486 1498 1516 Solem
1526 1497 1566 1516 ac
1597 1485 1754 1516 Liberum

1016 1534 1151 1571 patrem
1184 1530 1370 1560 eiusdem
1400 1530 1591 1560 numinis
1621 1529 1753 1560 haben-

1019 1574 1118 1604 dum.-
1143 1578 1178 1604 et
1203 1573 1306 1604 Serv.
1331 1573 1374 1604 ad
1400 1573 1495 1615 Virg.
1514 1573 1650 1615 Georg.
1678 1574 1705 1612 l,
1723 1577 1756 1605 5.

1023 1618 1132 1649 Stoici
1166 1618 1284 1649 dicunt
1319 1629 1386 1649 non
1424 1629 1495 1649 esse
1528 1618 1596 1649 nisi
1627 1629 1753 1649 unum

1018 1663 1135 1693 deum
1163 1667 1193 1693 et
1226 1672 1331 1693 unam
1358 1663 1569 1703 eandemque
1597 1667 1754 1703 potesta·-

1017 1711 1095 1745 tem,
1122 1717 1210 1747 quae
1228 1717 1293 1748 pro
1314 1707 1449 1737 ratione
1473 1706 1665 1747 officiorum
1689 1718 1753 1738 no-

1017 1755 1164 1782 strorum
1190 1751 1298 1781 variis
1321 1751 1569 1782 nominibus
1593 1751 1754 1792 appella-

1017 1799 1090 1826 tur:
1131 1799 1168 1825 at
1196 1794 1406 1836 refragatur
1431 1794 1656 1836 praepositio
1680 1795 1754 1834 sub,

1017 1849 1108 1879 quae
1134 1838 1285 1870 facilius
1305 1838 1472 1880 iungitur
1498 1849 1578 1869 eum
1604 1839 1752 1878 nomine,

1016 1888 1052 1914 et
1078 1893 1204 1925 supra:
1233 1883 1292 1914 sub
1311 1883 1462 1915 aliarum
1479 1883 1752 1925 appellationum

1014 1928 1196 1958 varietate.
1245 1928 1347 1968 Quae
1370 1938 1438 1968 ego
1458 1927 1592 1968 recepi,
1613 1938 1655 1958 ea
1679 1927 1749 1958 hoc

1016 1970 1247 2012 significant:
1295 1982 1435 2013 „perge
1478 1971 1655 2002 rationem
1696 1970 1750 2002 di-

1017 2026 1203 2046 versorum
1235 2016 1420 2046 nominum
1458 2016 1524 2046 sub
1555 2026 1625 2046 uno
1659 2015 1751 2047 solis

1016 2059 1161 2090 nomine
1209 2059 1402 2091 latentium
1449 2059 1630 2101 aperire“.
1691 2058 1749 2090 Cf.

1015 2102 1151 2134 Comm.
1181 2103 1217 2143 l,
1241 2106 1273 2139 3.
1298 2107 1331 2134 2.
1363 2104 1520 2135 Omnium
1547 2127 1554 2134 .
1570 2127 1577 2134 .
1601 2104 1751 2146 quinque

1015 2151 1093 2179 sunt
1112 2148 1324 2189 principales
1345 2153 1376 2180 et
1398 2148 1688 2180 diversitates
1712 2152 1750 2180 et

1015 2202 1101 2222 nom
1113 2203 1153 2222 ιη
1164 2202 1197 2222 a.

1059 2248 1091 2276 ·2.
1140 2257 1214 2276 cum
1255 2245 1296 2276 de
1335 2245 1388 2277 dis
1420 2243 1644 2286 fabulantur]
1693 2244 1749 2276 Cf.

1016 2289 1211 2330 Comm.I,
1231 2291 1264 2329 2,
1289 2292 1344 2320 21.
1370 2289 1415 2321 de
1448 2290 1515 2321 dis
1536 2289 1750 2330 fabulati

1014 2339 1105 2366 sunt·

1056 2388 1098 2419 ab
1135 2388 1250 2429 adytis
1280 2411 1310 2419 ..
1344 2387 1584 2439 philosophiae
1618 2387 1749 2420 semina

1012 2432 1180 2473 mutuari]
1201 2432 1300 2463 Inest
1324 2428 1540 2473 κατάχρησις
1557 2431 1748 2473 quaedam.

1013 2476 1082 2508 Sed
1121 2476 1212 2507 (onf.
1245 2476 1371 2517 Enrip.
1378 2476 1547 2528 llippol.
1580 2478 1645 2506 619
1671 2487 1747 2527 sqq.

1017 2520 1118 2562 Χρῆν
1228 2522 1341 2551 σοῖσιν
1371 2515 1408 2550 ἐν
1434 2520 1562 2555 ναοῖς
1591 2515 1748 2561 βροτοὺς

1011 2564 1152 2596 παίὸων
1178 2563 1358 2605 πρίασθαι
1383 2559 1560 2603 σπέρμα.

1058 2620 1139 2651 deos
1162 2642 1168 2649 .
1185 2618 1275 2659 ,qui
1298 2618 1358 2648 sub
1384 2617 1478 2648 caelo
1501 2616 1594 2658 sunt]
1619 2616 1667 2648 Hi
1693 2617 1747 2649 vi-

1011 2663 1140 2695 dentur
1167 2661 1299 2703 opponi
1325 2661 1396 2692 diis
1423 2660 1566 2692 inferis.

1055 2718 1101 2748 ad
1131 2717 1233 2748 solem
1268 2715 1437 2755 referunt]
1479 2714 1596 2746 Aliter
1621 2716 1745 2757 Angu-

1009 2761 1093 2792 stin.
1121 2760 1165 2791 de
1191 2759 1258 2790 civ.
1288 2760 1328 2790 D.
1363 2759 1427 2798 IV,
1458 2761 1508 2790 11.
1546 2760 1593 2790 Hi
1632 2771 1745 2791 omnes

1010 2806 1059 2837 dii
1084 2805 1233 2846 deaeque
1259 2804 1302 2835 sit
1325 2815 1345 2834 u
1358 2815 1376 2834 n
1390 2814 1437 2834 us
1462 2804 1650 2845 Jupiter:
1675 2805 1746 2835 sive

1008 2850 1096 2890 sint,
1122 2854 1158 2880 ut
1184 2848 1325 2889 quidam
1357 2848 1496 2885 volunt,
1530 2848 1644 2879 omnia
1676 2849 1745 2880 isla

1005 2899 1123 2936 partes
1148 2893 1219 2924 eius
1244 2892 1314 2924 sive
1338 2893 1481 2924 virtutes
1506 2892 1588 2924 eius.
