1871 3126
145 934 295 987 [279]his
333 935 520 975 contrarii
559 942 652 978 sunt
694 938 851 980 nefasti:

213 45 292 87 134

212 155 391 211 spondit:
417 154 525 207 quod
552 157 877 209 praetermissum
907 166 1082 202 noceret.

849 48 1123 92 MACROBII

1144 161 1403 217 Quapropter
1433 163 1465 204 si
1492 164 1566 205 bos
1596 164 1635 205 in
1663 178 1748 220 spe-

211 226 301 253 cum
337 210 549 251 decidisset
588 224 762 266 eumque
803 215 1084 268 paterfamilias
1123 217 1308 259 adhibitis
1352 219 1483 273 operis
1532 220 1749 271 liberasset,

213 281 294 307 non
325 271 386 306 est
422 265 528 307 visus
558 264 674 307 ferias
706 269 911 322 polluisse:
957 286 1029 313 nec
1064 272 1128 314 ille
1165 273 1234 328 qui
1268 275 1421 315 trabem
1458 276 1552 316 tecti
1587 276 1748 318 fractam

152 321 413 362 l2fnlciendo
449 322 498 362 ab
529 322 735 364 inminenti
772 325 986 368 vindicavit
1020 328 1147 368 ruina.

1215 329 1330 371 Unde
1358 336 1397 371 et
1424 331 1538 372 Maro
1569 332 1747 373 omnium

211 377 508 431 disciplinarum
539 379 709 431 peritus,
746 382 874 423 sciens
901 383 1020 424 lavari
1052 398 1165 425 ovem
1193 390 1263 425 aut
1290 386 1402 426 lanae
1429 387 1656 440 purgandae
1680 394 1750 429 aut

211 433 356 474 scabiei
386 433 586 474 curandae
614 436 757 489 gratia,
806 439 1077 491 pronuntiavit
1106 445 1202 481 tunc
1232 454 1345 481 ovem
1383 455 1453 495 per
1484 442 1600 483 ferias
1631 443 1749 484 licere

212 488 386 538 mersari,
412 489 442 529 si
475 489 551 530 hoc
582 492 748 532 remedii
774 507 891 535 causa
921 495 1054 536 fieret:

378 545 666 602 Balantumque
692 563 844 603 97·e9e7n
870 551 992 605 fluvio
1022 565 1194 592 mersare
1224 551 1384 592 salubri.

212 600 434 642 Adiciendo
476 601 579 642 enim
617 604 771 645 salubri
804 607 979 647 ostendit
1011 606 1212 648 avertendi
1251 607 1378 648 merbi
1415 606 1538 661 gratia
1574 611 1748 649 tantum-

212 657 354 706 modo,
382 671 463 697 non
491 657 608 698 etiam
637 660 688 699 ob
715 660 870 702 lucrum
902 663 1131 717 purgandae
1162 663 1274 703 lanae
1305 676 1441 711 causa,
1472 662 1555 703 lieri
1587 677 1749 705 conces-

151 711 198 751 13
214 726 315 752 sum.
373 713 483 753 Haec
512 713 560 753 de
591 713 699 755 sestis
726 721 766 756 et
791 717 859 770 qui
888 717 979 759 inde
1008 724 1238 767 nascuntur,
1267 718 1335 772 qui
1364 718 1481 759 etiam
1510 718 1651 760 nefasti
1680 734 1749 761 vo-

212 773 364 808 cantur.
423 769 539 811 Nunc
568 769 616 809 de
649 771 831 823 profestis
859 779 898 813 et
927 774 995 828 qui
1024 789 1071 815 ex
1100 774 1160 814 his
1191 774 1414 828 procedunt
1445 775 1676 827 loquamur,
1709 775 1748 815 id

150 822 271 863 l4est
316 822 424 863 fastis
468 825 733 867 comitialibus
780 830 1083 882 conperendinis
1131 829 1242 870 statis
1292 830 1561 883 praeliaribus.

1641 830 1748 871 Fasti

208 884 301 919 sunt
329 879 475 932 quibus
501 880 591 921 licet
615 881 684 921 sari
712 884 884 936 praetori
911 885 985 926 tria
1010 886 1130 926 verba
1158 885 1377 933 sollemnia,
1399 886 1447 926 do
1475 886 1560 926 dieo
1587 886 1747 932 addicoe

911 941 1129 981 comitiales
1167 946 1260 981 sunt
1290 940 1435 994 quibus
1470 954 1560 981 cum
1598 941 1748 995 populo

211 990 274 1043 agi
303 989 411 1035 licet;
440 996 478 1031 et
500 990 610 1032 fastis
637 994 798 1047 quidem
827 996 909 1049 lege
939 996 1000 1050 agi
1032 1001 1175 1050 potest,
1204 1010 1294 1036 cum
1319 996 1468 1050 populo
1495 1010 1575 1036 non
1604 1002 1748 1050 potest,

211 1045 477 1086 comitialibus
513 1053 731 1103 utrumque
770 1056 920 1104 potest:

210 1100 303 1141 licet
335 1101 485 1143 dicere:

208 1161 253 1197 ut
282 1156 450 1198 Plautus
479 1158 518 1198 in
553 1158 816 1214 Gurgulione:

297 1269 404 1311 [aaa.
430 1270 595 1305 ABGPS.

980 1052 1263 1106 conperendini
1298 1052 1443 1105 quibus
1475 1052 1747 1093 vadimonium

544 1104 634 1144 stati
672 1105 740 1159 qui
777 1106 912 1148 iudicii
951 1122 1070 1149 causa
1105 1121 1195 1149 cum
1227 1108 1437 1162 peregrino
1473 1107 1748 1158 instituuntur,

208 1334 276 1354 oin.
302 1335 361 1355 s-z
386 1335 520 1366 „qnam
547 1327 768 1368 particulam
795 1341 924 1362 sensus
947 1330 1093 1363 videtur
1117 1329 1345 1372 postularef‘
1370 1328 1481 1361 Zeun.
1506 1348 1550 1353 —
1566 1330 1748 1370 fulciendo

203 1369 358 1407 fractam
381 1369 425 1400 G.
565 1374 614 1402 12.
651 1374 771 1405 scabie
800 1374 838 1405 A.

893 1376 1046 1407 scabiae
1072 1375 1139 1406 Bv.
1176 1392 1215 1396 —
1262 1373 1532 1416 Balantumque]
1559 1374 1693 1417 Georg.
1719 1375 1747 1416 I⁷

206 1413 285 1442 272.
319 1430 357 1434 ——
396 1424 546 1447 mersare
579 1416 861 1460 adiiciendoque
895 1420 1027 1451 salubri
1062 1423 1151 1456 (om.
1187 1417 1300 1459 priori
1333 1418 1483 1458 salubri)
1515 1418 1553 1449 S.
1694 1422 1747 1451 13.

207 1457 340 1495 nefasti
363 1457 389 1488 A
416 1467 436 1489 a
458 1469 531 1489 sec.
555 1470 601 1490 m.
630 1461 720 1491 Edd-
738 1462 898 1502 1²15(P2
922 1474 942 1494 a
968 1475 999 1504 p.
1028 1467 1106 1501 ιη).
1154 1462 1293 1502 nefesli
1316 1462 1342 1492 A
1366 1472 1386 1493 a
1415 1473 1446 1502 p.
1472 1472 1519 1493 m.
1545 1461 1748 1495 BGSM123

208 1499 292 1530 P57.
321 1518 365 1524 —
389 1501 583 1543 loquamur
608 1506 741 1547 v-ng.
768 1524 811 1530 —-
830 1508 1064 1549 praeliaribus
1089 1506 1234 1548 AGv-g.
1281 1506 1483 1548 preliabus
1508 1509 1605 1548 (sup.
1631 1507 1681 1545 ri)
1708 1507 1745 1540 S.

206 1544 467 1584 proelialibus
499 1546 633 1582 Bs-‚bR

774 1552 825 1581 14.
865 1552 1055 1583 comitiales
1084 1574 1091 1582 .
1107 1574 1138 1581 ..

1170 1555 1353 1592 utrumque
1385 1554 1497 1591 potest
1525 1560 1595 1581 om.
1627 1550 1664 1582 S.
1703 1568 1746 1575 ——

209 1588 285 1619 licei
310 1589 375 1631 agi
399 1600 472 1621 cum
496 1592 626 1633 populo
651 1592 694 1624 G.
722 1610 763 1617 —
790 1595 825 1626 in
856 1595 1088 1638 Gurgulione]
1116 1594 1151 1632 1.,
1179 1596 1214 1635 1,
1238 1597 1270 1625 5.
1294 1612 1337 1616 —
1369 1594 1598 1636 Gurgulione.
1635 1600 1748 1628 status

209 1631 606 1668 ABPSviaMl3P2567.

254 1743 306 1773 11.
355 1743 385 1774 si
415 1744 472 1776 bos
508 1746 544 1776 in
579 1757 714 1788 specum
748 1748 942 1791 decidisset]

209 1785 442 1827 Comparavit
473 1788 660 1823 Pantanus
696 1792 942 1835 Evangelium

210 1829 391 1863 Matthaei
417 1843 446 1864 e.
476 1835 526 1866 12.
561 1845 594 1865 v.
626 1837 657 1867 2.
691 1840 728 1868 et
758 1836 879 1869 Lucae
913 1848 942 1869 c.

210 1876 262 1904 14.
288 1885 319 1906 v.
343 1877 377 1906 5.

253 1920 307 1948 12.
357 1920 465 1952 sciens
489 1921 605 1954 lavari
630 1934 723 1954 ovem
755 1929 815 1956 aut
841 1925 944 1956 lanae

205 1963 417 2004 purgandae
436 1970 498 1997 aut
521 1967 647 1999 scabiei
663 1969 840 2000 curandae
857 1979 942 2010 gra-

208 2006 271 2046 lia]
297 2005 350 2036 Cs.
371 2007 436 2045 111,
461 2010 494 2046 3,
521 2012 555 2040 ll
587 2022 640 2052 sq.
667 2015 703 2042 et
725 2011 814 2043 Cato
836 2013 879 2043 R.
899 2013 940 2043 R.

206 2051 262 2079 96.
304 2050 435 2083 Deinde
464 2052 573 2085 [avito
603 2058 727 2092 (oves)
766 2056 801 2086 in
834 2057 942 2087 mari.-

207 2092 238 2123 si
266 2104 391 2134 aquam
424 2097 595 2129 marinam
625 2111 694 2131 nen
718 2099 857 2131 habebis
874 2101 940 2140 fa-

207 2137 274 2168 cito
306 2148 432 2179 aquam
463 2141 612 2180 salsam,
653 2153 693 2174 ea
731 2143 850 2175 lauito.
902 2144 943 2175 Si

206 2180 291 2211 haec
326 2182 374 2213 sic
409 2184 550 2224 feceris,
593 2196 723 2228 neque
759 2187 942 2219 scabrae

205 2224 324 2262 fient
353 2231 392 2258 et
429 2228 557 2260 lanae
587 2230 687 2271 plus
723 2235 759 2262 et
791 2231 939 2262 niclio—

206 2278 289 2299 rem
329 2269 556 2304 habebunt.
614 2273 754 2305 Colum.
789 2274 843 2314 11,
882 2276 938 2305 22.

213 2312 337 2345 l‘etant
384 2325 517 2356 quoque
563 2316 759 2349 lanarum
810 2329 940 2350 causa

206 2355 322 2387 lavari
346 2369 445 2397 oves,
473 2360 542 2391 nisi
561 2367 744 2403 propter
767 2363 939 2394 medici-

204 2410 323 2431 nam.-
443 2408 522 2435 sunt
553 2405 641 2436 enim
672 2406 760 2437 vitia
796 2417 940 2448 quorum

204 2453 312 2476 causa
335 2456 439 2486 pecus
463 2448 549 2479 utile
574 2449 617 2480 sit
644 2449 775 2481 lavare.

253 2490 303 2518 13.
353 2491 412 2531 qui
448 2491 551 2524 etiam
589 2494 720 2534 nefasti
759 2494 938 2535 vocantur]

204 2530 259 2563 cf.
288 2533 308 2572 §
338 2535 387 2565 14.

247 2577 289 2607 de
312 2578 492 2619 profestis]
520 2578 577 2610 Cf.
602 2581 622 2618 ἓ
648 2582 681 2611 2.

246 2621 299 2651 14.
341 2622 441 2654 Fasti
457 2628 538 2655 sunt
557 2624 678 2665 quibus
699 2624 776 2656 licet
795 2624 873 2665 fari
886 2648 894 2656 .
911 2636 940 2657 ..·

201 2663 255 2695 liis
279 2667 446 2698 contrarii
469 2672 549 2699 sunt
572 2668 714 2710 nefasti]
746 2668 800 2700 Cf.
827 2668 938 2700 Varro

203 2706 242 2738 L.
279 2707 316 2740 L.
354 2710 419 2749 Vl,
445 2711 487 2751 4,
511 2714 555 2743 29
581 2723 632 2752 sq.
678 2713 774 2744 Dies
806 2713 937 2753 fasti,

199 2761 262 2791 per
295 2764 378 2794 quos
421 2756 637 2796 praetoribus
678 2757 794 2788 omnia
834 2757 937 2788 verba

202 2795 275 2826 sine
301 2798 441 2836 piaculo
468 2799 546 2831 licet
571 2800 650 2839 fari
764 2800 938 2833 Contrarii

202 2836 322 2869 horum
352 2847 518 2874 vocantur
545 2843 635 2875 dics
665 2845 852 2884 nefasti,
875 2854 937 2887 per

201 2890 284 2920 quos
308 2882 381 2914 dies
409 2887 511 2924 nefas
530 2887 608 2927 fari
635 2893 846 2929 praetorem:
885 2888 935 2920 do

674 1639 903 1681 Curgulione.
945 1645 1058 1673 status
1099 1638 1129 1671 G
1137 1638 1204 1669 M2.

1271 1638 1347 1670 Cur
1357 1649 1373 1670 c
1383 1638 1499 1670 alione
1508 1650 1518 1670 .·
1557 1639 1603 1670 Si
1634 1644 1748 1672 status

1012 1749 1108 1781 dico
1147 1747 1326 1785 addico;
1369 1747 1487 1789 itaque
1525 1758 1593 1779 non
1635 1752 1747 1790 potest

1012 1793 1097 1835 agi5
1133 1802 1267 1824 necesse
1292 1796 1340 1823 est
1365 1792 1452 1822 enim
1483 1792 1602 1833 aliquo
1631 1803 1747 1825 eorum

1011 1838 1080 1874 uli,
1116 1847 1189 1868 cum
1214 1836 1292 1878 lege
1314 1836 1398 1877 quid
1415 1836 1622 1878 perag-itur,
1656 1836 1745 1868 ibid.

1010 1884 1043 1919 7,
1069 1882 1089 1920 ἓ
1114 1882 1190 1917 53,
1224 1879 1322 1910 Fest.
1345 1889 1401 1920 ap.
1428 1879 1533 1911 Paul.
1560 1879 1661 1911 Diae.
1683 1880 1747 1912 lib.

1012 1925 1068 1956 vl.
1099 1936 1131 1965 p.
1162 1926 1216 1955 93.
1249 1923 1398 1962 Maeli„
1437 1922 1528 1954 ibid.
1564 1923 1627 1955 lib.
1661 1924 1743 1956 xli.

1011 1979 1045 2010 p.
1077 1969 1139 1999 164
1162 1979 1214 2008 sq.
1251 1966 1329 1998 Liv.
1355 1967 1379 1998 l.
1407 1977 1437 1997 c.
1461 1968 1505 1998 ad
1532 1967 1547 2007 §
1574 1970 1606 1999 2.
1638 1967 1745 2001 Ovid.

1010 2013 1034 2043 Ι.
1068 2023 1097 2043 c.
1125 2012 1170 2044 ad
1199 2013 1218 2050 g
1249 2012 1280 2041 3.
1329 2010 1421 2041 Rein
1453 2010 1687 2043 Privatrecht
1711 2024 1744 2054 p.

1008 2057 1075 2087 455
1089 2067 1140 2096 sq.
1190 2054 1335 2086 Gellius
1360 2053 1400 2085 N.
1421 2054 1460 2085 Α.
1482 2054 1538 2093 lv,
1554 2058 1586 2095 9.
1602 2058 1634 2087 5.
1664 2057 1742 2088 Re-

1009 2099 1169 2142 ligiosi
1199 2099 1290 2130 dies
1321 2099 1482 2130 dicuntur
1512 2099 1604 2131 tristi
1633 2101 1745 2132 omine

1008 2144 1158 2183 infames
1181 2143 1416 2184 impeditique,
1437 2143 1473 2173 in
1497 2143 1617 2184 quibus
1641 2148 1673 2176 et
1690 2154 1745 2176 res

1009 2187 1148 2219 divinas
1165 2188 1282 2226 facere
1304 2191 1335 2218 et
1358 2197 1428 2218 rem
1454 2188 1654 2228 quampiam
1677 2198 1743 2219 no-

1008 2242 1086 2262 vam
1113 2230 1264 2262 exordiri
1287 2230 1545 2271 temperandum
1570 2236 1632 2270 est,
1659 2242 1743 2272 quos

1008 2274 1194 2306 multitudo
1217 2274 1450 2316 imperitorum
1475 2284 1584 2316 prave
1608 2280 1639 2306 et
1660 2285 1742 2316 per-

1006 2329 1125 2360 peram
1162 2319 1359 2357 nefastos
1394 2318 1597 2360 appellant3
1634 2323 1671 2350 et
1700 2318 1741 2359 V,

1011 2364 1069 2400 17,
1098 2364 1148 2400 1.,
1175 2361 1238 2393 ubi
1265 2362 1343 2394 dies
1368 2362 1439 2394 atri
1464 2361 1743 2403 distinguuntur

1008 2417 1030 2439 a
1055 2405 1223 2437 nefastis.

1059 2446 1268 2489 comitiales]
1305 2446 1362 2479 Cf.
1393 2447 1504 2479 Varro
1533 2448 1598 2489 Vl,
1622 2449 1662 2488 4,
1686 2451 1742 2481 29.

1013 2494 1271 2526 Comitiales
1315 2492 1417 2531 dicti,
1464 2492 1554 2532 quod
1591 2497 1663 2524 tum
1703 2497 1742 2525 ut

1006 2539 1110 2570 coiret
1148 2537 1300 2579 populus
1342 2535 1562 2567 constitutum
1599 2540 1648 2568 est
1693 2536 1743 2568 ad

1006 2582 1219 2624 suffragium
1247 2579 1457 2620 ferendum3
1487 2578 1557 2610 nisi
1590 2579 1620 2611 si
1652 2589 1741 2621 quae

999 2626 1118 2666 seriae
1143 2628 1326 2666 conceptae
1350 2626 1472 2660 essent,
1494 2627 1635 2664 propter
1654 2635 1741 2665 quas

1005 2681 1073 2701 non
1103 2669 1236 2707 liceret,
1275 2671 1314 2698 ut
1343 2666 1552 2708 Compitalia
1579 2671 1611 2699 et
1636 2666 1739 2699 Lati-

1005 2723 1083 2744 nae.
1120 2711 1219 2743 Fest.
1244 2720 1301 2751 ap.
1323 2709 1430 2741 Paul.
1455 2709 1522 2741 lib.
1543 2709 1608 2741 111.
1634 2721 1667 2752 p.
1683 2713 1739 2744 38.

1005 2755 1148 2796 Muell.,
1173 2753 1280 2787 Ovid.
1304 2752 1403 2784 Fast.
1430 2752 1459 2793 Ι,
1482 2755 1538 2784 53.

1054 2796 1321 2841 Conperendini,
1354 2797 1475 2838 quibus
1502 2796 1739 2830 vadimonium

1004 2843 1081 2876 licet
1105 2842 1230 2884 dicere]
1266 2840 1464 2873 Forcellin.
1496 2840 1591 2873 haec
1623 2840 1740 2873 inter-

1005 2889 1190 2928 pretatur:
1233 2884 1284 2925 „i-
1311 2895 1342 2916 e.
1371 2883 1407 2916 in
1432 2894 1523 2925 quos
1543 2884 1739 2918 transferri
