1871 3126
234 42 313 86 192
848 37 1124 82 MACROBII

226 153 351 197 nostri
385 150 521 193 circuli
554 150 723 191 lustrare
756 148 1092 205 hemisphaerium
1131 165 1223 192 cum
1259 152 1501 195 incremento
1535 153 1695 195 luminis
1731 159 1770 195 et

188 212 394 256 4dierum.
470 208 533 249 Ab
572 220 669 261 apro
709 211 841 246 autem
879 207 1043 247 tradunt
1082 207 1364 263 interemptum
1401 210 1579 260 Adonin,
1629 211 1768 251 hiemis

226 267 438 318 imaginem
479 263 518 304 in
554 263 631 304 hoe
667 262 825 303 animali
854 263 1069 316 fingentes,
1112 264 1221 318 quod
1252 278 1347 318 aper
1374 265 1553 320 hispidus
1586 272 1626 307 et
1656 280 1771 321 asper

226 323 373 377 gaudet
408 319 504 361 loeis
541 319 717 360 humidis
749 319 888 359 lutosis
918 319 1142 374 pruinaque
1167 320 1382 369 contectis,
1417 322 1657 376 proprieque
1686 323 1768 363 hie·

226 373 316 420 mali
351 377 485 417 fructu
517 376 708 430 pascitur,
754 375 913 428 glande:
955 389 1049 429 ergo
1084 375 1210 416 hiems
1248 376 1368 417 veluti
1400 377 1542 418 vulnus
1575 383 1635 418 est
1662 377 1769 428 solis,

229 448 331 489 quae
357 439 396 474 et
427 433 554 473 lucem
587 432 671 473 eius
703 431 819 472 nobis
848 432 991 472 minuit
1019 436 1058 472 et
1086 432 1274 472 calorem:
1306 432 1414 486 quod
1441 438 1658 488 utrumque
1686 435 1769 474 ani-

188 490 429 535 5mantibus
462 488 605 529 accidit
639 493 778 528 morte.
841 487 1132 528 Simulaehrum
1169 488 1287 528 huius
1328 489 1425 529 deae
1460 488 1499 529 in
1536 495 1671 530 moute
1704 490 1770 530 Li-

228 549 332 589 bano
359 545 520 599 lingitur
551 544 678 598 eapite
706 544 906 598 obmmto,
937 544 1067 597 specie
1095 544 1217 593 tristi,
1254 543 1392 585 faeiem
1424 559 1545 586 manu
1574 546 1683 586 laeva
1711 546 1769 586 in-

226 609 286 644 tra
327 602 517 643 amictum
565 600 783 649 sustinens,
830 600 1013 640 lacrimae
1051 600 1202 641 visione
1241 600 1569 655 conspicientium
1611 615 1771 643 manare

227 659 463 700 ereduntur:
509 670 610 710 quae
640 656 790 708 imago,
836 661 993 710 praeter
1032 656 1139 710 quod
1174 656 1345 709 lugentis
1382 662 1460 706 est,
1504 663 1549 698 ut
1585 657 1771 707 diximus,

228 716 345 764 deae,
387 719 515 754 terrae
550 726 713 766 quoque
744 712 922 752 hiemalis
957 717 1034 760 est,
1071 726 1151 766 quo
1184 718 1364 767 tempore
1392 714 1569 767 obnupta
1595 714 1771 755 nubibus

228 771 310 813 sole
341 770 499 811 viduata
530 774 679 822 stupet,
724 768 935 822 fontesque
966 768 1086 808 veluti
1114 774 1240 809 terrae
1270 769 1374 809 oeuli
1406 770 1569 810 uberius
1599 775 1771 818 manant,

163 827 422 883 [2313]agrique
459 825 615 865 interim
650 838 723 864 suo
756 824 865 864 cultu
903 824 1009 864 vidui
1044 830 1234 864 maestam
1272 824 1409 865 faeiem
1443 826 1502 865 sui
1536 831 1770 866 monstrant.

191 883 306 924 ssSed
338 896 427 922 cum
460 881 516 922 sol
556 880 716 921 emersit
747 881 795 920 ab
826 879 1078 920 inferioribus
1113 881 1291 934 partibus
1328 886 1472 930 terrae,
1521 882 1772 936 vernalisque

229 937 470 993 aequinoctii
516 936 805 989 transgreditur
847 936 944 976 lines
990 937 1172 988 augendo
1221 936 1341 977 diem:
1391 942 1486 977 tune
1531 944 1591 978 est
1635 939 1771 978 Venus

229 996 342 1044 laeta,
373 999 411 1034 et
438 993 600 1047 pulchra
632 992 758 1033 virent
791 1005 882 1032 arva
913 992 1123 1045 segetibus,
1150 997 1260 1045 prata
1293 991 1436 1041 herbis,
1469 993 1630 1033 arbores
1657 993 1771 1034 soliis.

230 1051 326 1091 Ideo
354 1049 523 1090 maiores
550 1048 675 1090 nostri
705 1048 880 1103 Aprilem
913 1062 1089 1088 mensem
1122 1047 1267 1089 Veneri
1300 1048 1543 1089 dicaverunt.

192 1108 215 1148 7
342 1105 532 1147 Similiter
564 1105 739 1158 Phryges
771 1103 913 1144 sabulis
950 1110 989 1144 et
1025 1118 1227 1144 sacrorum
1265 1103 1676 1145 administrationibus
1713 1104 1772 1144 in-

231 1162 393 1202 mutatis
424 1162 528 1201 eirea
554 1162 722 1201 Matrem
750 1160 880 1200 Deum
909 1164 949 1200 et
980 1160 1157 1200 Attiuem
1188 1160 1324 1200 eadem
1357 1160 1529 1215 intellegi
1558 1165 1772 1215 praestant.

192 1218 335 1269 SQuis
383 1217 485 1258 euim
534 1217 707 1271 ambigat
744 1217 912 1256 Matrem
957 1216 1090 1256 Deum
1139 1221 1284 1256 terram
1324 1216 1491 1258 haberi?
1550 1216 1659 1257 Haeo
1699 1216 1773 1257 dea

232 1275 414 1317 leonibus
445 1273 622 1324 vehitur,
668 1272 807 1315 validis
843 1272 995 1328 impetu
1023 1278 1144 1328 atque
1178 1271 1331 1314 fervore
1367 1272 1623 1323 animalibus,
1671 1286 1773 1328 quae

320 1398 424 1441 [mss.
455 1396 622 1429 ABGPS.

230 1465 288 1486 sex
313 1454 350 1485 S.
400 1464 457 1484 set
488 1453 601 1495 signis
634 1451 797 1484 annuis
823 1451 928 1493 v-gb.
971 1450 1105 1491 „Certe
1132 1451 1282 1483 verbum
1310 1451 1436 1483 annuis
1463 1461 1531 1482 non
1555 1449 1686 1484 inutile
1711 1451 1774 1484 (le-

230 1500 291 1530 bet
316 1497 558 1530 exisliumri.·‘
581 1497 691 1528 Zeuu.
826 1499 855 1528 4.
891 1497 1129 1537 interemptum
1155 1496 1292 1527 adonim
1320 1496 1463 1528 tradunt
1490 1496 1531 1531 G.
1557 1514 1598 1519 —
1626 1497 1773 1528 adonim

231 1543 298 1575 AS.
320 1560 361 1566 —-
388 1542 550 1574 animale
573 1541 643 1572 ΛΡ.
670 1559 714 1565 —-
748 1546 786 1573 et
818 1542 939 1574 lutosis
966 1540 1052 1572 Edd.
1080 1540 1143 1571 PS.
1184 1557 1225 1563 ——
1262 1542 1386 1572 vulnus
1413 1541 1494 1571 solis
1519 1543 1610 1578 (om.
1637 1542 1705 1581 est)
1731 1541 1771 1572 P.

235 1606 267 1610 —-
297 1588 402 1618 lucem
426 1587 522 1617 nobis
547 1590 635 1623 (001.
662 1586 752 1622 eius)
777 1585 812 1616 S.
949 1588 980 1616 5.
1019 1591 1286 1627 praeterquam
1312 1585 1402 1627 quod
1425 1585 1580 1626 v3-ng.
1610 1585 1774 1624 „Sensus

230 1632 350 1675 poscit
374 1632 467 1663 hane
494 1630 726 1661 lectionem.“
754 1630 863 1661 Zeuu.
894 1647 934 1652 -
959 1634 995 1661 ut
1025 1628 1187 1670 diximus]
1213 1631 1232 1668 ἕ
1258 1631 1289 1659 3.
1314 1647 1358 1652 -
1384 1630 1453 1660 sole
1476 1640 1545 1660 010.
1566 1630 1604 1661 Ρ.
1628 1646 1668 1653 -
1694 1641 1774 1661 ocu·

231 1677 287 1708 lis
312 1677 352 1707 Α.
491 1678 523 1706 6.
562 1675 612 1706 sol
633 1685 701 1705 om.
729 1674 767 1706 A.
799 1691 842 1698 —
871 1674 1065 1706 emerserit
1094 1674 1202 1716 Av-g.
1242 1691 1286 1698 —
1326 1678 1366 1706 et
1399 1674 1512 1706 lenus
1535 1685 1612 1717 c-g.
1662 1679 1710 1707 est
1736 1679 1774 1708 et

275 1798 385 1831 nostri
411 1798 544 1841 circuli]
584 1797 608 1829 i.
635 1808 665 1828 e.
699 1797 969 1840 septentriona-

232 1844 291 1876 lis.
331 1844 385 1875 Cf.
413 1843 552 1874 Cannu.
580 1843 608 1881 l,
638 1845 688 1882 15,
716 1845 767 1875 13.

275 1891 306 1920 4.
366 1889 415 1920 Ab
466 1899 552 1929 apro
606 1886 859 1929 interemptum]
912 1886 969 1918 Cf.

231 1932 441 1975 Apollodor.
468 1937 504 1963 et
523 1931 627 1963 ovid.
651 1932 689 1964 ll.
714 1943 764 1963 ce.
797 1931 968 1963 Creuzer.

231 1979 276 2017 ll,
305 1989 338 2019 p.
363 1978 429 2007 424
455 1980 491 2007 ot
514 1978 579 2006 429
608 1976 632 2007 f.

276 2024 307 2052 5.
356 2021 391 2052 in
416 2024 528 2051 monte
549 2018 693 2057 Libano]
717 2018 901 2050 Lueiauus
926 2017 970 2049 de

233 2065 301 2096 «lea
325 2064 433 2099 Svriu
457 2067 488 2094 6.
527 2059 640 2094 Εἶδον
664 2060 719 2101 δὲ,
746 2062 883 2103 inquit,
910 2061 971 2094 καὶ

232 2105 269 2140 ἓν
296 2099 421 2150 Βύβλῳ
445 2103 534 2148 μέγα
563 2104 643 2148 ἱρὸν
669 2104 874 2147 Ἀφροδίτης
901 2107 971 2137 Rv-

232 2151 342 2195 βλίης,
366 2148 403 2182 ἐν
424 2150 473 2195 τῷ
495 2149 554 2181 καὶ
578 2147 622 2182 τὰ
647 2146 751 2191 ὄργια
775 2146 970 2187 εἷς”Αδωνιν

233 2192 468 2227 ἐπιτελέουσιν
503 2194 569 2235 (cf.
600 2195 722 2225 Strub.
749 2194 845 2233 xil,
871 2197 903 2225 2.
936 2205 969 2235 p.

232 2242 311 2271 364.
337 2238 522 2275 'ram-nn.)
548 2243 583 2270 et
608 2242 628 2270 9
651 2251 658 2269 :
684 2234 822 2280 Ἀνέβην
847 2236 884 2269 δὲ
909 2236 969 2269 καὶ

232 2282 267 2320 ἐς
297 2279 360 2314 τὸν
384 2281 583 2325 Λίβανον
615 2279 652 2314 ἐκ
680 2279 840 2323 Βύβλου,
881 2278 969 2313 ὁὸὸν

231 2324 382 2368 ἡμέρης,
425 2323 633 2367 πυθόμενος
658 2322 794 2357 αὐτόθι
817 2324 970 2378 ἀρχαῖον

234 2368 333 2412 ἱρὸν
354 2368 609 2411 Ἀφροδίτης
635 2368 800 2411 ἔμμεναι,
839 2382 879 2401 το
909 2372 971 2402 Κι-

233 2412 342 2456 νύρης
366 2413 507 2457 εἴσατο,
532 2413 592 2446 καὶ
617 2410 714 2446 εἶδον
738 2410 779 2445 τὸ
806 2411 886 2456 ἱρὸν
909 2412 971 2446 καὶ

234 2454 389 2500 ἀρχαῖον
410 2456 466 2501 ἠν.

275 2507 415 2545 praeter
439 2501 542 2544 quod]
576 2502 696 2533 nand.
722 2501 886 2533 Turseli.
913 2502 969 2542 w,

233 2558 266 2588 p.
281 2548 357 2577 543.
381 2546 560 2578 nemiuem
585 2546 833 2587 antiquiorum
853 2546 970 2588 scrip-

233 2597 351 2623 torum
378 2590 431 2622 ait
455 2590 508 2622 sie
530 2590 680 2629 dixisse,
704 2592 766 2622 sed
793 2591 969 2623 recentis·

234 2635 349 2668 simae
368 2634 502 2667 aetatis
523 2635 702 2667 homines.

278 2682 311 2710 6.
360 2680 513 2721 Aprilem
539 2690 685 2711 mensem
718 2679 841 2711 Veneri
873 2679 970 2711 dica-

234 2723 370 2764 verunt]
396 2724 452 2755 Cf.
478 2735 509 2755 c.
537 2725 584 2756 12.
611 2724 627 2765 ᾗ
652 2726 673 2754 8
695 2734 770 2765 500.
797 2723 969 2756 Creuzer.

235 2767 291 2802 lv,
318 2779 352 2808 p.
377 2771 453 2798 762.

278 2815 309 2841 7.
357 2812 446 2842 circa
484 2811 629 2843 Matrem
667 2811 775 2842 Deum
811 2816 842 2843 et
878 2811 969 2843 Atti-

233 2853 321 2895 nem]
347 2854 400 2886 Cf.
424 2855 593 2886 Martian.
612 2854 688 2895 11.§
711 2857 797 2891 192„
814 2854 969 2888 Schnei-

234 2897 365 2930 dewin.
389 2898 524 2931 Philol.
548 2899 614 2939 111,
635 2901 668 2938 2,
695 2898 732 2931 S.
756 2900 835 2933 247.

1083 1797 1202 1829 eadem
1247 1796 1407 1839 intellegi
1448 1796 1644 1839 praestant]
1681 1795 1706 1828 i.
1741 1807 1772 1828 e.

1037 1842 1164 1873 eadem
1191 1841 1442 1882 intellegenda
1471 1853 1552 1872 esse
1570 1842 1774 1874 ostendunt.

1039 1886 1237 1917 verborum
1263 1885 1488 1917 constructio
1515 1896 1620 1918 nova.

1081 1933 1114 1961 8.
1167 1931 1313 1962 Matrem
1347 1930 1452 1961 Deum
1485 1935 1610 1962 terram
1640 1929 1772 1972 haberi]

1038 1973 1094 2005 Cf.
1128 1974 1224 2005 infra
1259 1985 1288 2005 c·
1310 1975 1371 2012 23,
1407 1976 1427 2013 §
1450 1976 1505 2005 20.
1549 1974 1693 2006 Lueret.
1726 1974 1773 2013 11,

1037 2021 1104 2049 598
1129 2030 1182 2059 sq.
1218 2018 1333 2058 Quare
1358 2028 1516 2059 magna
1542 2019 1657 2049 deum
1692 2029 1775 2050 ma-

1039 2068 1102 2094 ter
1126 2067 1303 2103 materque
1320 2063 1479 2102 serarum
1508 2063 1553 2093 Ec
1579 2063 1689 2093 nostri
1710 2073 1774 2105 ge-

1037 2107 1150 2138 netrix
1183 2106 1266 2137 haec
1301 2106 1394 2137 dicta
1430 2111 1479 2138 est
1516 2107 1666 2148 corporis
1703 2118 1774 2138 una

1038 2149 1223 2188 (Tellus).
1254 2149 1448 2191 Augustin.
1470 2150 1513 2181 ile
1533 2150 1774 2190 ‹xiv.‹1‹·i=‘11‚

1036 2196 1091 2225 24.
1131 2194 1221 2225 Nam
1260 2199 1291 2226 el
1328 2194 1400 2235 ipse
1444 2195 1552 2226 l'arro
1594 2218 1626 2226 ..
1668 2206 1773 2226 unam

1038 2239 1136 2270 deam
1172 2239 1247 2270 vult
1283 2249 1354 2270 esse
1392 2239 1622 2270 Tellurem.
1677 2240 1774 2271 Ean-

1038 2283 1126 2320 dem,
1161 2283 1283 2324 iuquit,
1311 2283 1429 2314 dicunt
1455 2283 1632 2314 Matrem
1657 2294 1775 2326 mag·-

1037 2338 1149 2358 nam:
1172 2327 1262 2368 quod
1286 2331 1485 2368 tympanum
1508 2327 1645 2367 habeat,
1661 2327 1775 2370 signi-

1028 2372 1137 2412 ficari
1166 2381 1236 2402 esse
1266 2371 1375 2402 orbem
1406 2375 1519 2403 terrae
1550 2375 1617 2403 cet.
1665 2370 1774 2403 batur.

1039 2414 1130 2456 Lyd.
1163 2414 1236 2451 111,
1272 2416 1326 2446 34.
1361 2416 1414 2455 (p.
1439 2415 1514 2454 49.)
1552 2411 1700 2456 Λέγεται
1736 2412 1774 2446 δὲ

1037 2457 1097 2490 καὶ
1129 2456 1295 2500 Κυβέλη
1327 2454 1400 2489 ἀπὸ
1431 2458 1495 2489 τοῦ
1520 2457 1668 2511 κυβικοῦ
1693 2454 1774 2499 σχή-

1036 2513 1150 2543 ματος
1179 2499 1269 2533 κατὰ
1301 2501 1516 2543 γεωμὲτρίαν
1547 2513 1570 2543 η
1601 2501 1667 2542 Γῆ.
1716 2502 1772 2533 Cf.

1035 2546 1211 2578 Martiam
1238 2545 1321 2584 vn,
1348 2547 1368 2584 ἓ
1396 2548 1470 2577 740.
1505 2546 1629 2586 ibique
1655 2545 1773 2588 Kopp.

1038 2590 1244 2632 Boettiger.
1269 2589 1322 2620 ld.
1344 2589 1371 2627 l,
1395 2600 1428 2630 p.
1451 2592 1519 2620 278
1542 2600 1620 2630 sqq.

1083 2635 1236 2666 leonibus
1267 2633 1415 2673 vehitur]
1453 2632 1508 2663 Cl'.
1545 2632 1689 2665 Luci-et.
1722 2633 1772 2672 Π,

1038 2680 1105 2709 600
1125 2688 1220 2718 sqq-z
1242 2677 1340 2708 Hanc
1360 2682 1488 2708 veteres
1514 2677 1657 2708 Graium
1683 2678 1774 2710 flocti

1038 2723 1187 2753 cecinere
1209 2726 1332 2762 poetae
1359 2721 1505 2752 Sedibus
1528 2722 1563 2752 in
1594 2732 1695 2753 curru
1722 2722 1773 2753 bi-

1036 2766 1141 2808 iugos
1164 2765 1304 2807 agitare
1327 2764 1490 2796 leones.-
1520 2765 1618 2796 Aeris
1634 2766 1668 2796 in
1690 2776 1773 2807 spa-

1036 2810 1083 2842 tio
1113 2819 1280 2851 magnam
1309 2809 1458 2850 pendere
1487 2808 1644 2841 docentes
1679 2810 1768 2841 Tel-

1036 2854 1188 2884 lurem:
1223 2862 1330 2894 neque
1352 2863 1451 2894 posse
1476 2853 1509 2883 ἰη
1537 2857 1629 2885 terra
1655 2854 1774 2886 sistere

1035 2902 1176 2930 terram.
1204 2897 1402 2929 Adiunxere
1418 2898 1529 2938 feras,
1551 2898 1633 2940 quia
1652 2908 1773 2941 quum·
