1809 3137
0 186 4 221 l

746 26 998 55 raam-ario.
1621 18 1674 58 tx

174 124 221 164 In
255 123 470 165 voluminis
503 123 532 163 1.
572 123 819 178 praefatione
860 138 895 178 p.
927 138 1016 163 vin.
1054 126 1363 167 commemoravi
1398 127 1676 169 adnotationes

62 190 101 230 in
146 190 324 243 margine
361 190 548 231 editionis
585 190 850 231 Londinensis
893 190 1062 244 exempli
1101 192 1209 245 quod
1252 199 1311 232 est
1351 193 1389 233 in
1435 194 1675 235 bibliotheca

60 256 218 310 publica
254 256 497 310 Dorpatensi
544 256 782 310 adscriptas,
829 270 929 310 quas
968 257 1017 296 ad
1056 271 1117 297 me
1158 257 1263 297 misit
1295 259 1351 298 M.
1389 260 1431 299 l..
1462 260 1673 301 Manem-

59 336 149 363 Nus.
213 323 430 362 Maximam
484 323 543 364 vir
589 322 843 363 doctissimus
896 323 1089 376 impendit
1136 337 1298 377 operam
1349 325 1674 367 adnotationibus

58 389 133 430 illis
174 389 461 438 describendis,
508 389 652 429 additis
692 389 867 429 numeris
909 389 1141 442 paginarum
1186 395 1225 429 et
1263 404 1448 430 versuum
1488 392 1673 432 editionis

61 456 288 497 Zeunianae
321 470 440 509 quam
475 470 536 496 ine
574 455 719 496 habere
748 461 1008 507 cognoverat:
1054 469 1126 508 ego
1167 468 1258 495 vero
1296 470 1495 509 nusquam
1536 472 1671 499 earum

58 522 131 562 seci
162 522 417 562 mentionem.
474 522 596 571 Quod
629 536 701 562 cur
730 522 875 561 sactum
909 521 980 569 sit,
1019 535 1098 560 non
1126 535 1287 574 possum
1323 521 1385 561 hic
1417 537 1496 562 non
1530 524 1673 573 dicere,

56 587 154 642 quin
196 592 266 628 aut
307 587 508 641 negligens
553 601 639 628 esse
683 587 818 627 videar
862 593 931 628 aut
974 587 1162 640 ingratus.
1223 587 1393 627 Litteras
1428 588 1522 628 milii
1562 589 1671 630 datas

56 668 160 695 anno
200 654 502 695 MDCCCXLI.
543 653 582 693 in
625 653 731 694 aliud
772 659 929 708 tempus
973 667 1178 694 reservans
1217 654 1399 703 condidi,
1436 655 1493 695 vel
1526 656 1673 709 potius,

57 725 102 762 ut
131 720 193 769 lit,
230 720 383 768 abdidi,
418 720 472 760 ita
507 725 552 760 ut
585 734 692 761 meas
729 721 1008 762 adnotationes
1048 720 1347 774 conscripturus
1378 721 1461 774 ipse
1495 735 1574 761 non
1612 736 1671 762 rc-

56 786 247 841 pererim,
287 800 359 826 nec
403 787 476 826 nisi
519 788 749 841 nuperrime
794 788 832 827 in
873 801 939 827 eas
986 786 1204 827 inciderim.
1259 790 1389 826 Antea
1425 787 1456 827 si
1497 802 1562 827 eas
1604 788 1669 827 ba-

57 853 252 902 buissem,
301 853 406 893 haud
450 854 590 907 exigua
629 866 750 908 opera
788 867 913 893 essem
954 853 1144 893 liberatus
1182 852 1220 892 in
1264 854 1502 906 quaerendis
1540 854 1669 907 Virgi-

57 919 170 960 lianis
207 919 327 968 locis,
375 934 476 974 quos
509 921 548 960 in
584 920 902 961 Saturimliorinn
944 919 1032 959 libri
1069 919 1136 959 IV.
1176 918 1309 971 aliqua
1347 924 1458 972 parte
1492 934 1573 959 non
1612 920 1667 960 in-

58 986 204 1027 dicavit
246 986 444 1034 Zeunius,
487 992 526 1026 et
567 986 607 1026 in
649 986 899 1027 emendando
943 985 1073 1025 libello
1111 985 1159 1025 de
1196 984 1428 1025 differentiis
1464 991 1502 1025 et
1546 987 1668 1026 socic-

53 1052 200 1093 tatibus
233 1051 373 1092 Graeci
403 1053 616 1106 Latinique
645 1052 776 1101 verbi,
819 1052 859 1092 in
891 1066 972 1105 quo
998 1051 1213 1091 destitutus
1250 1064 1356 1091 eram
1389 1065 1513 1104 paene
1542 1053 1668 1092 omni-

54 1119 130 1159 bus
168 1118 367 1158 subsidiis.
420 1119 678 1172 Conseriptae
705 1123 799 1158 sunt
828 1118 916 1158 illae
945 1117 1246 1166 adnotationes,
1296 1117 1327 1156 si
1359 1117 1455 1157 {ides
1490 1117 1668 1159 habenda

55 1190 115 1225 est
144 1185 175 1224 I.
206 1187 254 1225 A.
284 1185 524 1233 Noesseltio‚
570 1199 689 1239 penes
721 1198 840 1238 quem
871 1184 965 1224 olim
996 1189 1079 1224 erat
1104 1183 1199 1223 illud
1230 1183 1415 1223 editionis
1441 1184 1667 1224 Londinen-

54 1251 106 1291 sis
131 1250 374 1305 exemplum3
413 1251 462 1291 ab
494 1252 673 1291 Ioanne
706 1251 920 1291 Alberto
950 1249 1214 1298 Fabricio,
1258 1250 1367 1303 quod
1398 1250 1581 1303 quidem,
1627 1258 1670 1291 ut

54 1317 109 1358 ait
139 1316 221 1365 ille,
263 1322 303 1357 et
342 1330 482 1357 manus
524 1317 605 1358 sive
645 1317 842 1371 scriptura
882 1316 1015 1371 prodit
1050 1322 1089 1356 et
1126 1315 1243 1355 index
1287 1316 1527 1369 scriptorum
1567 1330 1668 1369 quos

54 1383 243 1424 citaverat
281 1383 530 1431 Macrobius,
575 1397 819 1437 quamquam
857 1383 921 1423 hic
957 1383 1073 1434 longe
1113 1382 1351 1435 locupletior
1381 1387 1441 1422 est
1469 1396 1516 1422 eo
1549 1395 1667 1435 qucni

53 1449 227 1503 reperies
256 1450 294 1489 in
321 1449 493 1490 Fabricii
524 1449 624 1490 Bibl.
655 1450 741 1490 Lat.
773 1451 819 1490 T.
850 1450 922 1489 111.
954 1463 990 1503 p.
1024 1450 1099 1489 137
1132 1462 1189 1502 sq.
1221 1450 1254 1502 ⁷)
1317 1450 1434 1498 Quae
1461 1448 1509 1488 de
1540 1449 1668 1489 indic(-

53 1516 153 1557 dixit
198 1515 459 1570 scriptorum,
512 1529 557 1556 ea
605 1515 732 1556 fateor
774 1530 837 1556 me
877 1515 1030 1556 nescire
1072 1515 1168 1568 quid
1206 1514 1344 1555 velint:
1392 1514 1580 1566 refragari
1623 1529 1665 1555 ea

54 1582 188 1636 potius
234 1595 355 1636 quani
397 1582 605 1635 suffragari
640 1582 694 1622 illi
741 1582 918 1636 opinioni
954 1581 1049 1622 vidit
1090 1580 1354 1630 Memklinus,
1400 1581 1468 1634 qui
1505 1581 1665 1634 quidm*

54 1648 224 1689 subiecit
261 1648 337 1701 legi
376 1648 415 1687 in
459 1648 588 1688 fronte
631 1648 720 1688 libri
764 1649 813 1688 ab
851 1648 989 1688 eadem
1028 1661 1150 1687 manu
1192 1647 1339 1700 scripta
1381 1648 1571 1687 nonnulla
1620 1648 1668 1688 de

54 1714 284 1767 fragmentis
312 1713 506 1754 Macrobii
536 1727 639 1766 quae
670 1714 833 1753 omnino
861 1719 1127 1766 congruerent
1155 1727 1245 1753 cuin
1279 1713 1324 1751 iis
1357 1726 1459 1765 quae
1492 1714 1666 1765 legeren-

53 1787 120 1821 tur
157 1780 197 1819 in
230 1779 401 1820 Fabricii
430 1779 530 1819 Bibl.
560 1780 644 1819 Lat.
683 1780 766 1826 ΙΙΙ,
798 1793 834 1832 p.
871 1779 961 1819 186.
1022 1779 1131 1818 Idem
1168 1778 1274 1817 aliud
1305 1778 1567 1831 deprehendit
1604 1794 1664 1819 ve.-

53 1846 214 1900 stigium
257 1859 339 1899 quo
385 1844 640 1897 indagaretur
684 1844 840 1884 illarum
885 1845 1188 1885 adnotationum
1230 1850 1381 1884 auctor.
1442 1845 1666 1898 Adscripsit

55 1912 160 1954 enim
191 1911 256 1951 hic
284 1911 333 1951 ad
362 1911 443 1951 Sat.
476 1911 525 1959 V,
554 1910 614 1958 13,
646 1911 721 1951 25:
763 1911 889 1959 „Vide
918 1925 1020 1965 quae
1050 1911 1129 1950 dixi
1158 1911 1206 1950 ad
1235 1911 1359 1963 Long.
1392 1924 1428 1963 p.
1460 1911 1568 1953 39:oe
1598 1912 1663 1950 sed

54 1979 104 2020 de
133 1979 271 2031 Longo
309 1982 379 2017 aut
409 1976 458 2016 dc
486 1977 668 2030 Longino
702 1977 920 2031 quidquam
954 1976 1157 2030 scripsisse
1187 1976 1414 2016 Fabricium
1462 1990 1539 2015 non
1583 1991 1659 2015 ina-

53 2044 112 2098 gis
155 2057 274 2098 quam
319 2056 393 2096 ego
445 2042 586 2083 habuit
627 2048 877 2097 compertum
923 2043 1181 2084 Mercklinus.
1264 2042 1482 2083 Continent
1531 2048 1663 2082 autem

54 2212 88 2233 u.
111 2200 222 2233 Pac-d.
243 2199 372 2241 Suppl.
400 2199 520 2239 xvu,
548 2211 579 2240 p.
603 2202 686 2239 618)
712 2201 803 2233 bene
829 2202 1040 2235 observavit
1068 2204 1109 2235 R.
1132 2202 1365 2241 Klotzius.
1403 2201 1599 2243 Virgilium
1629 2202 1662 2232 in

53 2255 320 2297 Georgicorum
347 2254 496 2286 exordio
523 2255 679 2287 dixisse:

255 2309 452 2351 Poculaquc
477 2310 624 2341 inuentis
651 2311 816 2342 Acheloia
843 2312 977 2343 miscuit
1006 2312 1081 2343 uvis

55 2375 122 2397 uon
150 2366 356 2406 propterea,
382 2367 420 2394 ut
445 2364 524 2395 vult
548 2364 771 2403 Macrobius,
794 2366 886 2406 quod
917 2366 1048 2396 Graeci
1068 2365 1252 2397 Dodonaci
1280 2365 1419 2397 oraculi
1444 2364 1663 2397 auctoritate

54 2418 143 2451 moti
169 2428 278 2460 saepe
302 2417 503 2448 Acheloum
532 2429 594 2459 pro
617 2419 747 2460 quavis
771 2430 862 2460 aquo
890 2420 1110 2461 posuissent,
1131 2421 1193 2452 scd
1221 2425 1414 2462 propterea
1437 2419 1531 2460 quod
1552 2430 1662 2461 prope

53 2474 151 2506 hunc
181 2472 333 2504 fluvium
357 2471 524 2503 iuventae
551 2477 674 2504 essent
700 2484 802 2504 ιηίιυ.

147 2531 182 2565 ⁷)
209 2525 392 2559 Editionis
418 2526 475 2564 Ὦ,
515 2531 554 2558 ut
589 2526 751 2565 silletum
795 2539 875 2559 num
911 2530 944 2559 in
972 2530 1058 2561 edit.
1087 2530 1142 2560 lv.
1170 2529 1316 2559 ‹niinino
1344 2539 1410 2559 non
1438 2528 1576 2569 legitur
1603 2527 1662 2558 hic

54 2583 162 2616 index
192 2587 228 2614 et
255 2582 291 2614 iu
323 2581 483 2613 editione
516 2582 561 2613 ub
595 2581 763 2613 Erucstio
791 2582 936 2624 digestu
962 2588 997 2614 et
1024 2588 1130 2615 uncta
1162 2583 1299 2625 legitur
1327 2583 1396 2613 vol.
1429 2583 1498 2618 111,
1534 2594 1566 2623 p.
1603 2585 1662 2612 186

55 2650 130 2680 sqq.
180 2637 232 2668 Cf.
260 2636 378 2678 praef.
405 2635 548 2667 Fabi-ic.
583 2638 653 2670 vol.
680 2637 712 2675 1,
740 2649 772 2678 p.
798 2648 900 2668 xuni.
951 2637 1119 2669 Ceterum
1154 2639 1349 2669 notandum
1375 2643 1429 2668 est
1451 2636 1661 2667 Fabricium

54 2703 158 2725 suum
186 2690 343 2722 indicem
376 2690 596 2732 scriptorum
630 2702 696 2722 non
728 2692 931 2734 sumpsisse
965 2702 1005 2723 ex
1039 2693 1200 2724 editione
1225 2691 1466 2730 Londinensi,
1506 2701 1574 2732 qua
1601 2691 1661 2731 qui

53 2747 123 2779 has
147 2745 401 2778 adnotationes
433 2745 583 2786 scripsit
617 2757 703 2777 usus
734 2751 808 2784 est,
843 2747 905 2778 scil
937 2746 969 2778 ei
997 2746 1232 2787 praemisisse
1258 2747 1387 2778 uerba:
1431 2746 1483 2777 Er
1516 2745 1663 2777 editione

61 2802 107 2834 lo.
138 2801 250 2834 isaaci
283 2800 432 2832 Pontani
460 2800 573 2843 Lugd.
602 2801 669 2833 Ηαι
711 2803 804 2832 1628.
