1845 3131
204 21 285 62 714
827 24 880 66 IL

247 129 296 162 ib.
329 131 365 161 9.
424 146 465 152 -
503 129 714 171 septenario
749 132 941 174 aptissime

248 173 416 216 iungitur
439 172 489 205 ib.
520 176 573 206 10.
624 174 701 207 Vid-
720 171 896 219 Ἀριθμός.

205 218 347 250 Moneta
367 217 549 250 formandi
571 218 733 252 bominis
746 221 827 260 (1.1,
842 224 873 260 6,
886 224 941 254 63.

203 261 500 304 Monosyllabum
560 262 742 296 inlinitum
799 266 940 298 nullum

248 306 386 381 lfiablent
400 303 538 380 l11⁷atini,
562 307 692 340 Graeci
717 309 943 351 paucissima

283 373 291 381 .
338 353 371 389 a
445 374 452 381 .

207 393 307 425 Mons
333 404 446 436 aquae
470 392 528 432 Vl,
549 396 582 434 6,
602 397 634 426 7.

205 438 446 470 Monstruosae
470 448 598 470 carnes
626 439 700 478 Vll,
721 442 753 479 5,
777 442 832 472 26.

205 481 352 514 Moralis
376 481 614 524 philosophia
648 483 686 514 C.
714 483 769 522 ΙΙ,
797 487 858 524 17,
882 487 935 516 15.

244 543 288 550 -—
315 525 480 568 gravitas
505 526 543 558 C.
569 527 597 566 1,
623 529 653 568 1,
677 530 718 567 63
740 528 777 560 S.
802 529 831 569 Ι,
851 531 884 568 5,
904 530 936 561 4.

204 571 390 602 Moralitas
415 570 454 610 V,
481 573 510 609 1,
536 573 587 603 16.

199 615 410 647 Morborum
436 625 569 647 causae
593 615 677 654 Vll,
701 617 735 654 4,
761 617 799 647 11
825 619 860 648 et
881 618 938 648 30.

200 659 324 691 Mores
348 658 419 690 sibi
438 659 592 700 quisque
617 659 679 691 dat
702 659 739 691 S.
762 660 795 698 Ι,
825 662 877 701 11,
903 663 936 693 9.

244 702 411 734 Moribus
431 702 641 744 praeteritis
663 703 857 736 vivendum
880 708 938 737 est

244 746 281 778 S.
310 746 339 786 I,
363 749 397 784 5,
420 749 452 776 2.

200 790 381 822 Moretum
407 790 474 828 ΙΙΙ,
500 792 553 830 18,
578 792 628 822 11.

198 833 380 866 Moriendi
404 833 594 866 meditatio
620 837 676 867 est
699 834 936 877 philosophia

243 877 282 910 C.
312 879 347 919 1,
375 880 435 918 13,
456 880 488 910 5.
537 879 766 912 Mon-iendum
794 879 935 912 bomini

243 933 312 954 non
335 926 391 954 est
412 932 479 954 sua
500 928 628 964 sponte
648 923 737 956 ibid.

198 966 297 999 Mors
322 965 483 998 hominis
511 972 568 999 est
594 968 727 1010 duplex
752 967 789 999 C.
816 968 851 1007 Ι,
880 970 933 1009 13,

240 1014 274 1043 5.
321 1029 364 1033 —
389 1015 446 1042 est
473 1010 617 1043 animae
642 1023 661 1044 a
689 1023 843 1054 corpore
874 1023 934 1044 so—

242 1054 334 1086 lutio
370 1053 419 1086 ib.
455 1058 476 1086 6
509 1060 546 1087 et
576 1059 608 1087 9.
655 1056 755 1088 Mors
788 1056 932 1088 animae

241 1098 340 1135 c.1,
375 1102 429 1138 10,
452 1102 471 1130 7
495 1110 594 1141 sqq.;
622 1102 681 1139 11,
708 1103 736 1132 1.
785 1117 826 1124 —-
853 1100 933 1133 ani-

242 1142 351 1174 malis
382 1142 420 1173 C.
446 1143 476 1181 Ι,
498 1146 605 1182 11,1;
634 1147 684 1183 13,
704 1147 736 1176 5.
782 1163 828 1170 —·
852 1145 932 1177 ani-

241 1196 323 1218 mae
348 1190 385 1218 et
408 1186 581 1219 animalis
600 1187 638 1220 C.
664 1189 698 1228 1,
728 1191 785 1229 11,
812 1191 840 1220 1.
889 1207 930 1213 -

241 1230 422 1262 naturalis
435 1230 474 1263 C.
490 1232 517 1270 1,
538 1234 587 1271 13,
604 1235 639 1263 11
657 1237 692 1264 et
708 1235 759 1264 13.
795 1250 840 1257 —-
861 1244 930 1265 non

241 1275 403 1308 timenda
434 1280 491 1307 est
521 1276 567 1307 ib.
597 1279 648 1307 19.
695 1295 735 1301 --
765 1278 933 1310 volunta·

241 1319 297 1351 ria
320 1329 413 1361 quae
435 1320 484 1352 sit
510 1320 691 1353 laudanda
714 1321 762 1352 ib.
791 1324 843 1353 10.
895 1340 928 1345 -

241 1374 334 1404 quae
361 1364 507 1396 vitanda
534 1364 580 1395 ib.
611 1367 662 1396 15.
711 1366 844 1396 Mortis
869 1376 932 1397 na—

240 1406 374 1439 turalis
400 1411 437 1439 et
466 1415 690 1449 spontaneae
721 1409 932 1442 differentia

240 1451 289 1482 ib.
318 1454 357 1482 13
379 1463 433 1492 sq.
482 1452 602 1484 Morte
626 1457 827 1493 spontanea
853 1453 932 1485 ani—

238 1505 333 1527 mam
365 1495 464 1527 circa
490 1507 621 1538 corpus
646 1496 775 1528 vinciri
804 1497 851 1528 ib.
884 1499 931 1529 14.

241 1539 372 1571 Mortis
394 1540 484 1572 deus
507 1551 571 1572 cur
592 1540 736 1572 dicatur
754 1541 819 1573 Dis
841 1541 881 1574 C.
903 1542 930 1583 1,

241 1585 351 1622 u,z

196 1627 333 1658 Morsus
360 1628 564 1670 figuratuS,

240 1671 316 1710 vn,
343 1673 378 1711 3,
403 1674 434 1702 2.

193 1714 433 1747 Mortalitatis
479 1715 513 1747 in
560 1715 684 1747 sedem
728 1715 932 1749 includitur

237 1759 361 1792 anima
386 1759 425 1791 G.
450 1759 478 1799 1,
509 1762 561 1800 12,
590 1762 642 1791 16.

193 1803 358 1836 Mortuos
388 1808 495 1835 cantu
524 1802 694 1845 prosequi
727 1803 773 1836 ad
805 1804 930 1845 sepul-

239 1852 358 1881 turam
383 1858 496 1890 quare
521 1848 730 1880 institutum
754 1847 804 1880 sit
824 1847 929 1887 C.11‚

237 1894 325 1931 ae.

193 1936 273 1968 Mos
299 1935 384 1978 quid
404 1935 678 1977 sitlll,8,8sq.
732 1935 807 1967 Mos
826 1940 875 1967 est
898 1946 928 1967 c.

237 1981 365 2021 partic.
399 1985 436 2013 ut
461 1980 500 2012 S.
526 1980 561 2021 Ι,
594 1983 633 2020 6,
666 1982 725 2019 103
761 1991 792 2012 c.
828 1978 929 2011 infin.

237 2024 287 2055 il).
312 2027 365 2056 19.

195 2068 294 2100 Mota
319 2079 362 2099 ex
395 2077 434 2098 se
463 2077 532 2099 non
559 2078 710 2099 necesse
737 2070 792 2099 est
818 2069 857 2098 ut
881 2066 928 2098 ab

238 2111 312 2143 alio
337 2116 553 2143 moveantur
578 2111 616 2143 C.
642 2111 689 2150 ΙΙ,
720 2113 771 2151 15,
796 2112 817 2142 4
840 2121 915 2152 sqq.

193 2156 314 2187 Motus
337 2155 502 2196 corporei
525 2160 664 2196 septem
687 2154 727 2186 C.
751 2155 779 2194 Ι,
806 2157 839 2192 6,
864 2157 925 2193 81;

238 2199 324 2239 Vll,
349 2203 386 2238 9,
411 2201 444 2229 3.
493 2199 616 2230 Motus
641 2207 778 2240 genera
811 2197 851 2228 C.
880 2197 927 2235 ΙΙ,

238 2245 299 2282 14,
328 2245 369 2273 10
394 2252 471 2282 sqq.
520 2242 640 2273 Motus
668 2253 711 2273 ex
739 2241 927 2273 accidente

236 2285 275 2317 C.
301 2285 349 2323 ΙΙ,
375 2287 427 2323 14,
450 2288 565 2326 Ssqq.
611 2284 689 2316 Non
717 2284 927 2316 necessario

236 2330 280 2361 de
312 2329 391 2360 loco
419 2328 455 2360 in
488 2329 606 2360 locum
640 2328 681 2360 fit
718 2328 755 2359 C.
789 2329 841 2368 ΙΙ,
874 2330 926 2368 16,

236 2375 289 2404 16.
338 2373 459 2404 Motus
484 2373 609 2404 nullus
635 2382 679 2404 ex
705 2372 846 2404 duabus
871 2383 926 2403 re-

234 2418 303 2449 bus
336 2420 435 2448 motu
467 2416 679 2448 carentibus
712 2415 752 2447 C.
786 2416 841 2455 ΙΙ,
873 2418 925 2454 15,

235 2463 290 2491 30.
337 2476 382 2483 —-
407 2460 448 2492 fit
478 2464 541 2492 ant
566 2460 601 2492 vi
629 2463 692 2491 aut
723 2462 854 2492 natura
886 2460 925 2491 C.

236 2504 284 2543 ΙΙ,
306 2505 359 2544 14,
386 2507 426 2536 10
439 2516 515 2545 sqq.
552 2523 590 2527 —
621 2514 685 2545 per
707 2515 747 2535 se
770 2503 818 2535 ib.
838 2506 926 2545 Ssq.

236 2548 276 2579 ln
309 2548 407 2580 omni
438 2553 537 2580 motu
571 2559 716 2589 semper
743 2549 815 2580 tria
843 2558 927 2579 con-

237 2591 433 2624 sideranda
472 2595 555 2624 suut
599 2591 638 2622 C.
681 2592 735 2631 ΙΙ,
780 2593 834 2629 14,
874 2594 925 2623 18.

235 2636 462 2677 Principium
495 2639 614 2667 motus
649 2639 704 2667 est
731 2635 854 2668 anima
887 2635 926 2667 C.

236 2679 291 2717 ΙΙ,
326 2682 387 2719 13,
416 2682 475 2717 12;
510 2681 570 2719 14,
596 2681 616 2710 3
641 2683 677 2711 et
704 2681 755 2711 13.
803 2679 926 2710 Motus

235 2722 381 2756 animae
399 2723 560 2755 essentia
584 2726 639 2755 est
657 2723 697 2754 C.
723 2723 772 2763 ΙΙ,
800 2725 853 2763 16,
875 2725 927 2756 13.

232 2766 344 2799 Ratio
378 2766 615 2799 Aristotelica
650 2766 689 2798 C.
726 2767 780 2806 11,
811 2768 871 2806 14,
904 2770 925 2798 7

236 2820 314 2851 sqq.
362 2811 484 2843 Motus
504 2814 561 2843 est
581 2821 726 2853 semper
744 2810 840 2843 vitae
865 2821 926 2842 co-

236 2863 314 2887 mes
353 2853 390 2887 C.
421 2855 459 2895 Ι,
489 2857 549 2896 17,
579 2858 612 2887 8.
671 2873 712 2879 -
753 2853 791 2887 in
829 2854 925 2889 caeli

610 1628 750 1660 Graece
783 1628 932 1670 σκῶμμα

937 23 1112 67 INDEX

1052 144 1186 176 corpus
1229 134 1386 176 primum
1433 147 1476 169 ex
1516 136 1745 179 incorporeis

1053 177 1230 221 migravit
1256 179 1292 211 ib
1325 183 1359 212 9.
1406 180 1510 214 Caeli
1539 185 1659 214 motus
1681 193 1745 214 ne-

1054 222 1218 254 cessario
1262 224 1437 257 volubilis
1484 230 1540 257 est
1588 225 1637 258 ib.
1689 229 1741 257 10.

1053 266 1156 298 Caeli
1192 270 1228 299 et
1263 268 1457 310 globorum
1494 269 1742 302 subiectorum

1053 315 1175 342 motus
1209 315 1265 343 est
1297 313 1504 345 contrarius
1537 313 1578 344 C.
1617 314 1653 355 Ι,
1688 317 1742 354 18,

1056 358 1071 386 1
1097 366 1175 396 sqq.

1006 399 1155 431 Movere
1191 402 1247 430 est
1281 399 1404 431 facere
1432 399 1470 431 (ἶ.
1503 400 1561 440 ΙΙ,
1594 403 1654 442 14,
1685 404 1741 433 25.

1053 442 1191 475 Moveri
1213 454 1358 484 semper
1384 444 1583 486 dupliciter
1603 445 1741 487 accipi-

1050 491 1110 519 tur
1139 487 1179 518 C.
1205 487 1259 527 11,
1288 490 1347 526 13,
1371 491 1404 519 8.
1454 488 1549 530 Quid
1580 488 1630 520 sit
1663 500 1741 521 mo-

1050 542 1137 562 vere
1172 541 1213 562 se
1254 531 1374 572 ipsum
1414 531 1452 564 C.
1491 532 1547 572 11,
1585 534 1648 572 15,
1688 535 1739 564 18.

1051 574 1191 606 Moveri
1239 586 1323 607 num
1371 576 1483 608 etiam
1532 576 1739 618 passionem

1049 618 1238 661 significet
1273 619 1321 651 ib.
1347 622 1386 658 93
1428 622 1485 660 14,
1513 622 1569 652 25.
1618 621 1740 661 Quae-

1050 674 1131 695 nam
1165 662 1362 704 aliquando
1395 664 1532 696 moveri
1560 665 1740 706 desinant,

1049 718 1142 749 quae
1161 717 1357 749 numquam
1385 708 1423 740 C.
1452 709 1498 748 ll,
1526 711 1577 749 15,
1598 711 1631 740 9.
1671 710 1742 741 Nec

1046 756 1081 783 te
1115 756 1248 783 moveat
1283 751 1320 782 C.
1354 752 1555 791 1,12,17;
1593 755 1738 793 15,19;

1050 794 1092 825 D.
1114 797 1147 833 6,
1175 797 1227 826 12.
1281 795 1350 826 Nec
1372 801 1506 828 moveat
1530 797 1570 828 D.
1597 800 1630 835 6,
1656 799 1691 828 2.

1008 837 1088 870 Mox
1120 839 1238 870 tritum
1265 853 1307 864 =
1334 838 1491 870 siumlac
1521 840 1646 872 tritum
1681 844 1737 873 est

1048 882 1124 921 vn,
1148 885 1181 920 8,
1208 884 1240 913 3.
1288 882 1367 914 Vid.
1394 884 1483 915 Non.

1002 925 1116 958 Mucii
1158 926 1413 958 malivolentia
1453 925 1577 958 Publii
1617 937 1737 958 scom-

1046 975 1142 1002 mate
1165 974 1288 1002 notata
1314 970 1351 1002 S.
1376 971 1421 1009 ll,
1447 973 1480 1011 2,
1498 973 1533 1001 S.
1583 971 1626 1012 Q.
1654 970 1735 1002 Mu-

1045 1014 1126 1046 cius
1151 1014 1422 1046 iureconsultus
1449 1014 1484 1046 S.
1511 1014 1540 1055 1,
1564 1017 1597 1053 3,
1620 1017 1652 1045 9.

1000 1058 1200 1090 Muliebria
1243 1058 1392 1099 singula
1438 1069 1591 1100 corpora
1633 1057 1736 1090 denis

1045 1102 1205 1134 virorum
1235 1102 1490 1134 comburendis
1527 1102 1737 1135 adicieban-

1046 1150 1104 1178 tur
1130 1147 1206 1187 vn,
1232 1151 1264 1187 7,
1289 1149 1320 1178 5.

1000 1189 1179 1223 Mulieres
1213 1202 1277 1222 cur
1310 1201 1377 1222 non
1411 1189 1464 1221 ita
1496 1188 1735 1232 operimentis

1044 1234 1215 1276 plurimis
1251 1235 1438 1267 involutae
1473 1245 1554 1266 esse
1590 1234 1736 1266 soleant

1045 1283 1083 1311 ut
1113 1279 1182 1311 viri
1209 1279 1285 1317 ΠΙ,
1311 1284 1344 1319 7,
1370 1282 1388 1310 7
1418 1282 1454 1310 et
1478 1281 1530 1309 12.
1577 1278 1650 1309 Cur
1675 1289 1734 1309 ce-

1047 1323 1161 1354 lerius
1191 1322 1343 1355 idoneae
1378 1323 1451 1354 sint
1482 1322 1528 1354 ad
1556 1332 1733 1363 generan-

1045 1367 1129 1398 dum
1159 1366 1207 1398 ib.
1235 1370 1256 1398 6
1282 1372 1318 1398 et
1344 1369 1396 1398 11.
1443 1365 1619 1409 Frigidae
1652 1370 1735 1397 sunt

1045 1411 1093 1442 ib.
1120 1413 1131 1442 l
1155 1422 1231 1451 sqq.
1257 1414 1293 1442 et
1318 1414 1339 1440 8
1365 1421 1440 1451 sqq.
1488 1428 1532 1434 —
1558 1409 1734 1442 humidae

1045 1454 1092 1486 ib.
1123 1457 1144 1485 3
1172 1459 1207 1485 et
1235 1458 1268 1485 9.
1315 1454 1417 1485 Unde
1449 1454 1571 1485 veniat
1601 1452 1733 1485 levitas

1044 1496 1138 1530 cutis
1164 1503 1200 1529 et
1226 1498 1400 1540 splendor
1424 1497 1470 1528 ib.
1491 1500 1512 1527 3
1527 1501 1562 1529 et
1574 1500 1614 1536 83
1631 1500 1664 1537 6,
1681 1500 1733 1529 17.

1044 1541 1136 1573 Caro
1170 1552 1293 1573 earum
1327 1546 1382 1573 est
1412 1541 1560 1583 pinguis
1587 1545 1624 1572 et
1650 1542 1733 1572 oleo

1044 1585 1203 1617 similior
1227 1586 1302 1624 vll,
1327 1589 1360 1623 7,
1388 1588 1441 1616 10.
1487 1603 1533 1608 —-
1555 1584 1733 1626 sanguine

1042 1630 1227 1661 abundant
1259 1629 1306 1661 ib.
1336 1631 1367 1660 4.
1415 1628 1574 1661 Crebrae
1606 1639 1732 1661 earum

1044 1673 1282 1715 purgationes
1318 1673 1367 1705 ib.
1396 1674 1417 1704 4
1447 1677 1482 1705 et
1506 1676 1547 1711 9;
1583 1676 1643 1710 10,
1673 1675 1732 1711 11;

1043 1717 1082 1750 C.
1115 1718 1149 1757 Ι,
1179 1720 1219 1756 6,
1244 1720 1297 1749 62.
1358 1716 1499 1758 Corpus
1536 1716 1732 1748 mulierum

1043 1761 1210 1803 pluribus
1247 1765 1455 1793 consertum
1492 1761 1734 1793 foraminibus

1043 1805 1126 1844 vn,
1167 1808 1207 1844 6,
1246 1808 1300 1838 18.
1374 1804 1510 1836 Mulier
1552 1805 1739 1846 quomodo(

1043 1854 1241 1891 usurpetur
1262 1848 1300 1881 S.
1324 1849 1353 1887 Ι,
1374 1850 1406 1886 3,
1425 1851 1458 1879 9.
1492 1847 1616 1880 Sacris
1639 1849 1733 1880 Her-

1041 1893 1135 1925 culis
1161 1892 1335 1925 mulieres
1361 1892 1540 1923 interesse
1568 1893 1674 1924 nefas
1696 1891 1732 1924 S.

1042 1938 1076 1977 Ι,
1111 1940 1169 1975 12,
1203 1940 1259 1968 28.
1328 1936 1504 1968 Mulieres
1546 1937 1732 1968 Romanae

1041 1982 1215 2023 petebant
1242 1984 1282 2012 ut
1311 1981 1451 2012 duobus
1484 1990 1553 2012 una
1580 1981 1733 2013 nuberet

1041 2025 1076 2056 S.
1105 2025 1132 2065 1,
1157 2028 1190 2065 6,
1206 2027 1263 2056 22,

997 2068 1137 2100 Mullus
1174 2073 1314 2109 septem
1355 2066 1507 2099 milibus
1545 2079 1730 2100 nummum

1039 2116 1183 2153 emptus
1208 2112 1281 2152 ΙΙΙ,
1310 2114 1369 2151 16,
1393 2114 1424 2143 9.
1475 2111 1562 2143 Eius
1591 2112 1732 2153 pondus

1039 2155 1130 2187 ibid.

996 2199 1155 2231 Mulsum
1181 2198 1275 2239 quod
1301 2196 1349 2229 sit
1372 2196 1549 2238 optimum
1574 2198 1651 2236 vn,
1680 2200 1731 2236 12,

1038 2246 1070 2274 9.
1119 2243 1238 2273 Mulso
1260 2240 1385 2272 Cereri
1407 2241 1517 2273 libari
1540 2241 1606 2282 ΙΙΙ,
1629 2245 1681 2281 11,
1699 2246 1731 2274 9.

1041 2305 1081 2310 --
1105 2290 1141 2317 et
1165 2285 1316 2317 Herculi
1343 2285 1389 2316 ib.
1414 2288 1466 2316 10.

999 2330 1235 2370 Mullifariam
1262 2329 1338 2365 Vll,
1368 2331 1417 2366 12,
1438 2331 1495 2359 20.

999 2374 1183 2415 Multiiugi
1211 2372 1296 2404 libri
1321 2372 1358 2404 S.
1388 2372 1436 2412 ΙΙ,
1465 2375 1493 2407 l,
1517 2375 1551 2402 8.

999 2418 1247 2459 Multiplicatio
1271 2427 1446 2448 annorum
1472 2415 1512 2446 C.
1545 2415 1572 2453 Ι,
1596 2417 1629 2453 6,
1652 2417 1685 2446 3.

994 2460 1244 2493 Multitudinis
1270 2471 1398 2491 nomeu
1425 2458 1566 2491 inducit
1596 2459 1730 2490 Home-

1039 2516 1101 2536 rus
1130 2505 1168 2539 V.
1198 2507 1251 2543 15,
1277 2507 1309 2535 6.

999 2550 1131 2581 Multus
1157 2548 1334 2579 Hercules
1357 2547 1425 2587 Ill,
1448 2549 1498 2583 12,
1517 2549 1550 2577 6.

994 2592 1179 2625 Munatius
1203 2593 1361 2624 Plancus
1386 2590 1529 2622 Antonii
1562 2592 1598 2620 et
1623 2589 1730 2620 Cleo-

1040 2640 1166 2677 patrae
1190 2635 1397 2678 sponsionis
1423 2634 1551 2666 sculna
1576 2633 1649 2674 ΙΙΙ,
1678 2636 1728 2674 17,

1040 2683 1081 2711 15
1106 2691 1122 2711 s
1177 2704 1185 2711 .

994 2691 1201 2755 Munda‘iliilie
1228 2722 1372 2755 animae
1399 2719 1540 2752 fabrica
1563 2719 1602 2751 C.
1628 2720 1656 2760 1,
1674 2723 1729 2762 12,

1036 2771 1068 2799 6.
1116 2767 1206 2798 Eius
1242 2769 1361 2798 motus
1396 2764 1451 2803 ΙΙ,
1489 2766 1549 2802 16,
1584 2765 1628 2795 24
1649 2776 1727 2806 sqq.

1036 2810 1125 2842 Eius
1159 2808 1360 2842 aeternitas
1395 2810 1451 2839 est
1483 2806 1519 2838 in
1553 2811 1652 2840 motu
1685 2808 1725 2842 C.

1035 2854 1065 2894 1,
1089 2856 1143 2893 17,
1164 2856 1197 2885 8.
1245 2852 1451 2884 Mundanus
1476 2861 1592 2884 annus
1615 2851 1654 2884 C.
1676 2852 1724 2893 ΙΙ,
