1871 3126
159 321 213 361 22
227 318 335 361 libris
365 317 588 372 indigitari:

161 545 214 586 23
229 544 434 598 attigerint
470 550 629 585 terram.

227 41 306 83 102

871 39 1147 83 MACROBII

158 156 376 208 [25910atam
409 150 482 190 sub
511 148 676 190 nomine
698 148 836 190 Bonae
862 151 992 193 Deae:
1024 157 1064 193 et
1092 151 1257 193 eandem
1287 165 1372 194 esse
1399 152 1552 193 Bonam
1579 152 1705 193 Deam
1734 157 1774 194 et

225 213 370 250 terram
408 219 456 246 ex
491 205 578 260 ipso
610 205 691 246 ritu
728 205 948 248 occultiore
982 221 1187 249 sacrorum
1223 209 1358 250 doceri
1394 223 1510 264 posse
1544 209 1774 250 confirmat:

226 265 327 305 hane
365 261 530 303 eandem
562 261 716 303 Bonam
747 262 1010 317 Faunamque
1042 270 1081 305 et
1110 264 1239 319 Opem
1277 270 1317 306 et
1343 266 1509 306 Fatuam
1540 265 1774 320 pontificum

227 389 315 416 rum
354 388 474 416 eausa
515 379 595 421 est:
644 375 846 425 Faunam,

647 318 824 368 Bonam,
869 320 978 374 quod
1016 320 1196 361 omnium
1237 321 1352 362 nobis
1390 322 1439 362 ad
1468 322 1617 363 victum
1648 322 1775 363 bono-

901 376 1010 430 quod
1060 377 1169 417 omni
1211 378 1301 418 usui
1347 378 1607 418 animantium
1655 377 1776 422 favet:

230 432 376 486 Opem,
404 430 513 485 quod
542 430 666 485 ipsius
691 431 837 473 auxilio
868 432 945 473 vita
974 438 1150 480 eonstat;
1180 434 1346 474 Fatuam
1374 448 1394 474 a
1426 434 1557 483 fando,
1583 433 1705 487 quod,
1732 438 1779 475 ut

228 502 349 542 supra
378 487 572 536 diximus,
609 486 776 528 infantes
809 494 926 543 partu
960 489 1055 530 editi
1081 504 1161 530 non
1191 490 1300 545 prius
1331 504 1467 531 vocem
1499 490 1623 531 edunt
1656 503 1777 544 quam

700 544 802 585 Sunt
832 545 901 600 qui
937 546 1071 587 dicant
1102 546 1203 587 hanc
1240 546 1353 587 deam
1383 546 1600 601 potentiam
1632 546 1779 587 habere

230 600 418 650 Iunonis,
466 600 639 654 ideoque
672 601 804 655 regale
841 607 1040 656 sceptrum
1079 602 1118 643 in
1161 603 1318 644 sinistra
1354 617 1475 644 manu
1511 602 1546 643 ei
1585 602 1777 643 additum.

230 657 410 698 Eandem
444 656 508 697 alii
536 657 817 711 Proserpinam
848 659 1034 707 credunt,
1062 673 1265 714 porcaque
1294 659 1329 700 ei
1362 673 1445 701 rem
1480 659 1652 700 divinam
1682 658 1779 708 fieri,

231 714 325 767 quia
358 718 529 767 segetem
552 727 684 781 ‘quam
718 713 838 755 Ceres
881 716 1115 756 mortalibus
1153 715 1294 757 tribuit
1337 730 1457 770 porea
1494 716 1656 770 depasta
1697 720 1778 756 est:

163 770 217 810 24
231 770 296 811 alii
328 769 528 811 Χθονίαν
557 767 752 823 Εκάτην,
798 771 940 813 Boeoti
972 772 1167 814 Semelam
1205 773 1384 814 eredunt.

323 881 429 925 [aaa.
456 881 621 915 AssGPS.

1447 773 1531 816 Nec
1565 786 1646 814 non
1686 785 1778 813 ean-

231 938 320 969 hanc
338 938 478 970 eandem
500 938 628 970 etiam
655 949 733 980 v-g.
760 956 802 961 —
823 939 953 972 Bonam
976 940 1097 972 deam
1116 941 1218 972 s-bP.
1245 957 1286 963 -—-
1314 945 1344 972 et
1364 940 1466 983 Opem
1485 939 1621 972 Bs-bP.
1675 939 1781 982 Opem

232 986 322 1020 (om.
342 984 391 1023 et)
417 982 523 1015 ASvi.
577 983 768 1025 Opemque
790 984 901 1027 Ge-g.

233 1031 309 1059 stet
336 1027 424 1058 Edd.
465 1045 509 1051 —
545 1028 665 1069 supra]
693 1029 713 1068 ᾖ
738 1030 793 1059 20.

235 1090 274 1094 -
303 1070 469 1104 Χθονίαν
491 1067 640 1114 Ἑκάτην
667 1084 735 1105 om⁴
761 1072 802 1105 A.
818 1091 856 1096 —-—
878 1083 1051 1107 ῌΚΑΤΗΝ
1075 1074 1116 1106 B.

232 1181 337 1213 nepos
354 1171 578 1203 Atlantis...
605 1172 679 1212 Quo
704 1172 864 1206 didicit
890 1175 978 1207 culte

234 1217 403 1258 lingua
423 1218 570 1255 favente
595 1216 723 1258 loqui.

278 1263 333 1291 21.
382 1260 499 1292 aedem
606 1261 800 1293 dedicatam
826 1263 887 1294 sub
913 1275 976 1295 no-

234 1305 324 1336 mine
343 1305 463 1336 Bonae
485 1305 590 1347 Deae]
618 1306 768 1337 Videtur
792 1307 979 1349 respicere

236 1350 413 1391 templum
442 1350 535 1390 quod
565 1351 755 1382 dedicasse
783 1351 976 1384 Claudiam

236 1394 407 1436 Quintam
447 1397 483 1425 et
516 1394 724 1427 restituisse
750 1395 891 1428 Livium
921 1408 976 1429 re⁴

236 1439 309 1470 sert
357 1437 512 1470 Ovidius
555 1439 656 1471 Fast.
701 1440 745 1481 V,
796 1443 859 1472 148
898 1453 974 1484 sqq.

236 1483 344 1515 Aliud
371 1494 452 1514 esse
487 1485 661 1525 templum
693 1485 785 1526 quml
819 1497 976 1518 comme-

238 1532 356 1559 moret
383 1528 536 1560 Publius
562 1529 688 1561 Yictor
714 1529 749 1561 in
785 1541 861 1573 reg.
897 1531 974 1564 urb.

237 1572 318 1604 XII.
343 1577 468 1604 censet
492 1572 708 1605 Schwenek.
736 1586 769 1616 p.
793 1577 871 1607 202.

284 1618 426 1649 eandem
453 1628 523 1650 esse
552 1619 683 1650 Bonam
714 1620 821 1651 Deam
852 1626 882 1652 et
908 1625 975 1652 ter-

237 1662 326 1703 ram]
364 1662 443 1693 Hoc
470 1673 594 1694 verum
628 1674 710 1695 esse
742 1668 853 1706 negat
880 1665 975 1696 Ilar-

239 1711 375 1748 tungus
414 1707 471 1744 II,
511 1719 544 1749 p.
583 1711 657 1740 198.
708 1708 763 1740 Cf.
800 1709 977 1741 Iilausen.

238 1751 324 1785 Aen.
351 1762 383 1793 p.
410 1753 476 1783 849
498 1763 598 1794 sqq-3
635 1752 839 1796 Boettiger.
865 1754 917 1786 Id.
944 1765 975 1787 z.

240 1796 477 1838 Kunstmyth.
500 1797 525 1828 1.
554 1809 584 1839 p.
610 1799 678 1829 278
700 1810 777 1840 sqq.

283 1852 323 1872 er
360 1841 433 1883 ipso
464 1842 534 1874 ritu
573 1843 754 1875 occultiore
789 1843 978 1886 sacrorum]

239 1884 353 1917 Sacra
380 1885 502 1918 Bonae
528 1887 626 1918 Deae
659 1887 831 1920 dicuntur
867 1899 887 1920 a
920 1888 981 1919 Ci-

240 1941 371 1961 cerone
400 1930 443 1961 de
470 1932 542 1973 leg.
570 1932 617 1971 11,
636 1934 668 1972 9,
686 1934 741 1963 21.
764 1938 979 1965 nocturna

238 1975 421 2006 mulierum
443 1976 632 2017 sacrificia,
674 1987 693 2008 a
718 1977 841 2009 Plinio
866 1977 907 2009 N.
935 1978 980 2010 H.

242 2018 292 2059 X,
316 2021 359 2049 56
386 2030 413 2050 s.
437 2023 490 2051 77.
530 2026 769 2062 opertanea
799 2033 921 2062 sacra,
958 2033 979 2054 a

241 2063 414 2095 Iuvenale
439 2064 501 2103 vl,
526 2066 604 2096 314.
648 2066 769 2098 Bonae
804 2072 979 2100 secreta

245 2108 349 2139 Deae.

288 2152 424 2184 Bonam
472 2151 694 2196 Faunamque
732 2159 762 2186 et
807 2155 910 2196 Opem
949 2159 980 2187 et

244 2195 406 2238 Fatuam]
430 2194 483 2227 Cf.
508 2195 669 2230 Laetant.
696 2199 723 2238 1,
745 2201 800 2237 22,
823 2203 853 2231 9.
883 2200 979 2232 Fau-

240 2252 305 2273 nus
349 2263 356 2270 .
375 2263 383 2271 .
401 2263 409 2271 .
457 2252 604 2273 sororem
654 2255 752 2275 suam
800 2244 980 2277 Fatuam

246 2286 302 2317 Fa
314 2296 449 2325 unam,
472 2296 615 2328 eamque
641 2289 835 2332 coniugem,
862 2299 979 2321 conse-

242 2330 362 2362 cravit.
384 2354 392 2361 .
411 2355 418 2362 .
468 2330 599 2363 Idcirco
643 2333 698 2364 illi
742 2333 900 2365 mulieres
946 2335 981 2365 in

242 2380 359 2417 operto
382 2374 580 2416 sacrificant
611 2381 642 2409 et
668 2378 825 2409 Bonam
856 2378 981 2410 Deam

242 2420 433 2451 nominant.
481 2420 660 2453 Arnobius
687 2422 726 2463 V,
757 2425 806 2454 18.
837 2423 981 2454 Fentam

242 2464 357 2507 ‘igitur
385 2464 585 2506 Fatuam,
624 2467 750 2498 Bona
776 2478 865 2510 quae
892 2468 980 2499 dici-

242 2513 297 2540 tur
318 2509 414 2545 Dea,
440 2513 667 2542 transeamus.
695 2511 796 2543 Serv.
820 2512 863 2543 ad
880 2511 980 2554 Virg.

241 2554 326 2584 Aen.
351 2552 434 2592 Vll,
459 2555 513 2585 47.
552 2555 700 2595 Quidam
725 2557 806 2588 deus
830 2561 877 2588 est
908 2557 979 2588 Fa-

243 2598 386 2630 tuellus:
411 2598 512 2630 huius
532 2610 619 2631 noeor
643 2605 690 2633 cst
714 2601 857 2633 Fatua.
887 2602 979 2633 Idem

246 2643 388 2674 Faunus
424 2647 455 2675 ct
494 2644 613 2675 cadem
640 2646 808 2685 Fauna,
859 2650 893 2677 et
934 2646 977 2677 ad

244 2686 346 2726 vlu,
373 2688 450 2719 314.
496 2688 639 2720 Faunus
678 2690 838 2722 habuisse
859 2691 979 2733 filiam

243 2731 369 2764 dicitur
397 2755 403 2762 .
426 2758 432 2763 .
464 2732 658 2775 disciplinis
685 2736 839 2767 omnibus
861 2736 979 2767 erudi-

243 2780 326 2813 tam,
344 2788 445 2817 quam
469 2778 623 2818 quidam,
639 2780 728 2821 quod
753 2780 891 2811 nomine
912 2780 982 2811 dici

240 2820 449 2860 prohibitum
471 2824 615 2863 fuerat,
650 2824 814 2856 Bonam
854 2825 981 2856 Deam

244 2865 417 2905 appellari
441 2866 569 2899 volunt.
609 2867 800 2901 Plutarch.
821 2869 927 2901 Caes.
945 2871 978 2901 9.

239 2903 339 2940 ’Ἐστι
360 2906 398 2942 δὲ
416 2904 603 2951 Ῥωμαίοις
625 2909 713 2951 θεὸς
736 2908 781 2955 ἣν
793 2909 981 2955 Ἀγαθὴν

1036 987 1091 1016 22.
1133 986 1223 1027 quod
1246 984 1329 1017 add.
1353 995 1373 1016 a
1397 995 1468 1015 see.
1498 996 1543 1016 m.
1571 984 1610 1016 A.
1632 1003 1676 1009 —
1697 996 1779 1016 con-

927 1031 983 1061 23.
1026 1030 1157 1062 dicunt
1184 1030 1221 1062 P.
1263 1047 1305 1053 —
1340 1034 1507 1071 sceptrum
1531 1029 1653 1072 regale
1676 1029 1780 1060 s-bP.

1223 1076 1278 1106 24.
1316 1075 1436 1107 Boeoti
1463 1085 1534 1106 om.
1561 1073 1628 1106 AS.
1674 1069 1784 1117 βοιώ-

1354 1197 1386 1206 ..
1411 1168 1581 1214 Ῥωμαῖοι
1615 1171 1652 1206 δὲ
1683 1169 1784 1214 νύμ-

1048 1230 1132 1262 φην
1165 1215 1353 1261 Δρυάδα
1392 1216 1546 1262 Φαύνῳ
1583 1214 1784 1260 συνοική-

1048 1272 1197 1295 σασαν.
1233 1281 1275 1287 --
1320 1264 1388 1305 Ops
1426 1263 1576 1296 Saturni
1617 1273 1707 1295 uxor
1748 1266 1784 1295 et

1047 1313 1145 1340 terra
1172 1319 1252 1339 esse
1282 1307 1416 1339 dicitur
1446 1320 1476 1339 e.
1504 1310 1557 1339 lo.
1583 1309 1597 1346 ἦ
1631 1311 1669 1339 19
1691 1318 1744 1349 sq.

1088 1353 1289 1395 pontificum
1332 1353 1428 1384 libris
1470 1352 1668 1395 indigitari]
1714 1351 1784 1384 His

1046 1397 1153 1429 libris
1173 1397 1452 1429 continebantur
1477 1397 1568 1429 ritus
1594 1396 1701 1430 sacri.
1728 1397 1785 1429 Cf.

1044 1442 1198 1474 Becker.
1222 1443 1364 1473 Handb.
1390 1441 1417 1473 I.
1443 1453 1475 1484 p.
1504 1445 1552 1474 11.
1601 1443 1652 1475 De
1675 1443 1785 1474 verbo

1045 1488 1116 1519 vid.
1145 1491 1216 1519 not.
1247 1487 1291 1519 ad
1325 1498 1354 1518 c.
1391 1489 1442 1518 17.
1475 1486 1491 1528 ᾗ
1528 1489 1578 1519 15.
1616 1492 1652 1520 et
1684 1486 1786 1519 Fest.

1043 1532 1137 1575 apud
1157 1532 1257 1564 Paul.
1276 1530 1338 1563 lib.
1355 1531 1415 1563 IX.
1433 1537 1522 1563 extr.
1553 1532 1786 1576 I'ndigitanto,

1043 1578 1271 1619 imprecante,
1301 1581 1336 1608 et
1363 1576 1637 1619 Indigitamenta
1661 1578 1786 1609 incan-

1044 1627 1199 1655 tamenta
1221 1622 1274 1652 vel
1301 1621 1445 1653 indicia.

1089 1669 1143 1698 22.
1197 1667 1376 1703 Faunum,
1405 1665 1495 1708 quod
1520 1689 1548 1697 ..
1571 1664 1684 1708 favet]
1727 1665 1785 1698 Cf.

1046 1710 1148 1743 Serv.
1173 1711 1215 1742 ad
1242 1710 1341 1753 Virg.
1368 1710 1454 1742 Aen.
1480 1710 1670 1751 ν111,314.
1701 1711 1786 1751 Qui-

1048 1756 1127 1787 dam
1171 1756 1363 1788 Faunum
1410 1755 1624 1798 appellatum
1667 1756 1788 1788 volunt

1049 1812 1124 1832 eum
1148 1811 1244 1842 quem
1270 1812 1331 1832 nos
1352 1800 1588 1843 propitium
1608 1800 1764 1832 dicimus.

1097 1845 1248 1877 Fatuam
1273 1857 1294 1877 a
1315 1845 1430 1886 fando
1455 1844 1537 1887 cet.]
1570 1845 1646 1877 vid.
1674 1844 1789 1876 Creu-

1047 1170 1283 1216 ὀνομάζουσιν
1292 1198 1300 1214 ,
1329 1197 1336 1206 .

1049 1900 1121 1921 zer.
1142 1889 1214 1928 ΠΙ,
1242 1901 1274 1931 p.
1300 1892 1377 1920 628.
1404 1888 1521 1931 Kopp.
1548 1889 1592 1921 ad
1616 1889 1789 1922 Martian.

1048 1934 1097 1966 II.
1124 1935 1144 1973 S
1173 1937 1247 1965 167.
1287 1933 1450 1966 Lactant,
1478 1935 1500 1965 Ι.
1524 1945 1552 1965 c.
1580 1946 1683 1976 quam
1713 1935 1788 1966 Ga-

1047 1979 1122 2010 bius
1162 1979 1294 2010 Bassus
1336 1979 1524 2010 Faenum
1572 1980 1788 2011 nominatam

1046 2023 1177 2065 tradit,
1218 2024 1309 2065 quod
1338 2023 1539 2055 mutieribus
1560 2025 1641 2062 fata
1666 2034 1789 2056 canere

1047 2068 1288 2107 consuevisset,
1309 2072 1346 2100 ut
1374 2068 1517 2099 Faunus
1541 2068 1637 2100 viris.
1685 2068 1788 2111 Apud

1046 2112 1228 2144 Isidorum
1275 2122 1418 2154 quoque
1466 2111 1570 2154 Orig.
1613 2112 1664 2152 X,
1714 2114 1788 2145 103.

1050 2157 1164 2189 Fatua
1189 2156 1325 2188 dieitur
1353 2157 1467 2188 Fauni
1494 2169 1578 2188 uxor
1598 2158 1766 2198 fatidica.

1091 2204 1145 2233 23.
1200 2201 1454 2244 Proserpinam]
1501 2201 1555 2233 Cf.
1595 2202 1787 2234 Plutarch.

1049 2246 1072 2277 I.
1110 2257 1141 2277 c.
1169 2241 1334 2288 ΓΈλληνες
1369 2242 1407 2277 δὲ
1442 2245 1527 2277 τῶν
1564 2243 1789 2279 Διονύσου

1047 2286 1250 2333 μητέρων
1274 2287 1351 2332 τὴν
1375 2286 1581 2332 ἅρῤητον.
1614 2291 1790 2323 Klausen.

1048 2336 1136 2366 Aen.
1173 2346 1204 2376 p.
1239 2337 1317 2366 852.
1361 2334 1468 2367 Laur.
1507 2334 1597 2376 Lyd.
1632 2336 1694 2375 IV,
1729 2337 1785 2368 38.

1050 2376 1231 2412 Διόνυσον
1267 2402 1298 2411 ..
1333 2376 1371 2411 ἐκ
1409 2376 1499 2417 Διὸς
1529 2378 1591 2412 καὶ
1626 2380 1790 2423 Περσε-

1050 2421 1190 2466 φόνης
1213 2420 1413 2466 γενόμενον.

1090 2479 1263 2511 porcaque
1290 2469 1321 2500 ei
1341 2480 1411 2500 rem
1436 2467 1591 2500 divinam
1618 2467 1706 2510 fieri]
1731 2466 1788 2500 Cf.

1049 2514 1069 2554 ς
1094 2516 1149 2544 20.
1180 2512 1345 2545 Iuvenal-
1368 2513 1416 2553 11,
1434 2515 1479 2544 86
1495 2523 1547 2553 sq.
1574 2513 1686 2554 Atque
1708 2513 1788 2544 Bo-

1047 2569 1129 2590 nam
1153 2561 1291 2590 tenerae
1311 2558 1458 2599 placant
1481 2556 1661 2588 abdomine
1689 2567 1787 2599 por-

1048 2613 1120 2634 cae
1180 2603 1226 2633 Et
1277 2612 1408 2644 magno
1458 2605 1590 2634 cratere
1642 2601 1787 2634 Deam.

1048 2646 1266 2679 Schwenck.
1293 2656 1325 2684 p.
1350 2648 1427 2677 203.

1096 2689 1262 2723 Χθονίαν
1288 2686 1450 2731 Ἑκάτην]
1484 2688 1689 2721 Creuzerus
1720 2689 1788 2728 111,

1048 2746 1080 2777 p.
1105 2737 1182 2766 571.
1210 2734 1262 2767 ait
1287 2744 1364 2766 eam
1391 2745 1472 2766 esse
1498 2734 1669 2766 Cererem
1696 2735 1790 2776 χθο-

1046 2790 1141 2811 νιαν.

1094 2823 1217 2856 Boeoti
1240 2823 1410 2855 Semelam
1435 2821 1591 2865 credunt]
1615 2822 1669 2855 Cf.
1694 2821 1789 2855 Lau-

1048 2870 1138 2900 rent.
1181 2867 1269 2910 Lyd.
1308 2868 1330 2900 1.
1371 2878 1402 2899 c.
1456 2864 1606 2909 Φέρεται
1647 2864 1685 2900 δὲ
1727 2865 1789 2900 καὶ

1048 2923 1100 2951 τις
1131 2911 1253 2953 μῦθος
1288 2910 1369 2954 περὶ
1401 2907 1516 2945 αὐτοῦ
1544 2911 1628 2954 (τοῦ
1654 2907 1788 2946 Διονύ-
