1843 3163
340 48 814 91 SATURNALIORUM
847 49 946 90 LIB.
982 50 1066 91 Vll.
1101 51 1218 92 CAP.
1250 53 1300 93 ll.

52 167 92 202 et
125 159 360 201 describunt
389 160 510 200 modo
542 160 671 200 verbis
699 160 820 201 modo
852 160 964 200 radio
996 161 1102 209 loca,
1151 161 1368 213 gloriosum

50 230 153 270 quae
183 216 256 270 ipsi
290 215 458 257 viderint
490 216 658 256 aliorum
689 217 815 257 oculis
846 217 1018 256 obicere.

1513 58 1590 97 561

1412 171 1599 219 putantes

1094 218 1206 266 Quid
1237 218 1359 259 dures
1398 221 1454 261 vel
1495 222 1633 263 mili-7

51 273 137 312 tes?
169 286 289 326 quam
323 271 478 311 sortiter
509 286 528 311 a
563 286 603 312 se
640 272 740 312 sacta
773 286 930 326 semper
960 273 1198 321 dicturiunt,
1241 281 1278 314 ct
1308 281 1438 316 tamen
1467 283 1601 318 tacent

49 328 299 380 arrogantiae
332 330 469 367 nwtu?
531 329 671 368 Nonne
704 328 755 376 lii,
780 328 811 367 si
845 333 888 367 ut
917 328 1012 367 llaec
1043 328 1215 368 reserant
1240 330 1464 381 invitentur,
1496 347 1595 373 mer-

50 384 185 424 cedem
216 383 288 423 sil›i
324 383 470 423 laboris
501 385 712 423 aestimant
743 383 1007 436 persolutam,
1051 386 1412 427 remunerationem
1453 395 1594 442 putan-

49 445 108 480 tes
151 440 253 479 inter
285 440 462 479 tolentes
504 453 663 479 narrare
700 453 802 492 quac
832 438 1020 478 l'ecerint‘?

1092 439 1205 479 Adeo
1240 448 1372 482 antem
1403 444 1438 482 id
1470 448 1635 494 genus8

48 495 324 535 narrationum
365 495 483 535 habet
523 495 721 548 quendam
756 494 905 545 gloriae
945 507 1148 547 saporem,
1194 501 1261 544 ut,
1306 498 1337 537 si
1380 498 1499 539 invidi
1537 502 1594 540 vel

49 551 195 592 aemuli
244 550 344 591 sorte
392 556 619 603 praesentes
663 551 763 597 sint,
812 550 908 589 tales
949 549 1284 604 interrogationes
1327 553 1596 608 obstrependo

48 607 264 647 discutiant
303 612 343 645 et
375 606 469 645 alias
504 606 707 645 inserendo
750 605 903 646 fabulas
935 605 1173 658 prohibeant
1212 607 1275 648 illa
1307 610 1456 649 narrari
1493 624 1597 664 quae

48 663 177 703 solent
217 661 390 702 narranti
436 661 592 701 laudem
637 674 783 702 creare.

852 662 1035 702 Pericula
1082 676 1246 716 quoque
1284 665 1496 718 praeterita
1536 667 1636 707 vele

47 731 259 759 aerumnas
298 717 456 771 penitus
488 717 693 758 absolutas
730 717 799 771 qui
831 717 955 757 evasit
990 723 1036 758 ut
1075 718 1220 759 reserat
1254 720 1479 773 gratissime
1504 735 1594 775 pro-

47 779 235 815 vocatur:
276 786 366 812 nam
400 772 468 826 qui
503 773 635 814 adhue
670 773 708 813 in
747 773 841 826 ipsis
875 774 933 814 vel
972 773 1178 827 paululum
1219 774 1422 817 detinetur
1459 777 1597 819 liorret

46 827 375 870 ammonitionem
406 834 445 868 et
478 828 666 869 formidat
691 828 872 869 relatum.

932 829 975 869 ld
1007 829 1109 870 adeo
1137 831 1353 886 Euripides
1383 834 1595 887 expressit:

243 880 317 932 Ὡς
340 881 423 937 ἡδύ
453 899 518 925 τοι
550 882 746 925 σωθέντα
776 885 1020 937 μεμνῆσθαι
1050 883 1209 926 πόνων.

45 939 207 980 Adiecit
235 940 337 979 enim
371 937 579 990 σωθέντα,
607 946 651 981 ut
682 940 911 981 ostenderet
935 947 1026 995 post
1057 941 1175 981 finem
1206 943 1401 983 malorum
1427 945 1592 997 gratiam

44 995 246 1036 relationis
286 995 471 1050 incipere.
531 998 584 1037 Et
626 1002 742 1050 poeta
784 1002 910 1037 vester
946 996 1156 1038 adiciendo
1196 999 1288 1039 olim
1324 999 1421 1053 quid
1460 1000 1660 1057 aliud[2031

45 1051 120 1092 nisi
150 1056 240 1105 post
270 1065 430 1093 emensa
461 1052 677 1094 infortunia
706 1051 842 1093 futuro
868 1057 1050 1107 tempore
1078 1053 1214 1095 iuvare
1240 1054 1336 1095 dicit
1358 1056 1592 1098 memoriam

46 1107 171 1149 sedati
200 1107 368 1148 laboris:

250 1187 297 1192 —
331 1164 483 1205 bersan
514 1172 546 1205 ec
575 1165 668 1205 haec
695 1164 786 1205 olim
813 1165 1032 1206 meminisse
1058 1165 1235 1206 iuvabit?

1095 1277 1186 1309 Edd.
1223 1276 1504 1319 vicahgspdzb.]

45 1330 159 1361 maria
183 1328 269 1370 etc.]
298 1327 353 1360 Cf.
379 1328 475 1360 Plut.
501 1329 522 1361 l.
549 1340 591 1368 c.,
616 1332 647 1360 2.
674 1347 714 1353 —
739 1330 944 1363 ambierunt
968 1330 1050 1363 Sar.
1073 1349 1117 1356 —
1142 1331 1246 1364 locos
1270 1331 1307 1364 S.
1329 1349 1373 1355 —-
1393 1333 1594 1376 gloriosis-

45 1374 188 1406 simum
213 1374 409 1416 Milev-g.
448 1392 488 1396 —
529 1374 706 1407 viderant
733 1373 884 1407 81112v1
902 1376 982 1407 Sar.
1120 1379 1151 1407 7.

748 1430 879 1461 semper
903 1431 925 1451 a
949 1431 983 1452 se
1001 1421 1104 1460 sacta
1125 1419 1194 1450 H2.
1242 1431 1263 1452 α
1289 1431 1324 1452 se
1342 1423 1443 1461 sacta
1467 1432 1597 1464 saepe

45 1429 67 1448 a
94 1429 129 1450 se
146 1420 248 1458 facta
271 1421 363 1456 (oin.
392 1418 542 1460 semper)
566 1418 592 1449 P
618 1418 698 1449 Sar.

1192 1381 1233 1409 et
1261 1377 1388 1408 milites
1412 1377 1520 1419 Sv-g.
1552 1396 1594 1400 —

44 1462 81 1494 S.
108 1481 150 1486 —-
173 1468 204 1495 et
229 1474 307 1494 nou
335 1467 447 1494 tacent
475 1473 505 1494 v.
534 1479 573 1485 —
600 1462 635 1493 hi
664 1474 735 1494 om.
765 1474 843 1504 v-g.
867 1482 906 1486 —
932 1469 969 1497 ut
1000 1464 1071 1496 hic
1096 1464 1164 1495 112.
1193 1481 1235 1486 -
1273 1466 1340 1496 sui
1365 1466 1494 1497 laboris
1515 1466 1595 1498 Sar.

46 1525 88 1529 —
118 1507 337 1539 existimant
362 1506 442 1538 Sar.
490 1507 658 1539 extimant
685 1507 782 1539 vich.
823 1526 866 1531 —
901 1510 1071 1548 fecerant
1099 1508 1237 1539 ASH12
1250 1508 1329 1540 Sar.

502 1554 534 1582 9.
565 1551 722 1582 Pericula
746 1557 815 1583 cet.
842 1554 904 1592 (§§
923 1552 1067 1594 9450]
1095 1552 1152 1583 Cf.
1179 1552 1275 1584 Plut.
1299 1554 1320 1584 1.
1346 1565 1389 1593 0.,
1414 1555 1444 1585 4.
1474 1572 1507 1577 -—
1533 1565 1596 1586 re-

45 1557 110 1584 rer
121 1563 135 1583 s
146 1552 270 1583 orendo
299 1551 365 1581 112.

1465 1513 1496 1541 8.
1539 1512 1595 1542 in-

40 1596 213 1636 formidat
247 1595 313 1626 ss2.
341 1612 381 1617 -—
414 1595 499 1625 Ideo
525 1595 713 1627 Aliissv-n.
741 1613 785 1619 —
815 1596 1014 1638 Euripides]
1040 1597 1076 1627 in
1103 1596 1333 1629 Andromeda
1362 1598 1518 1640 (frag-m.
1539 1602 1596 1639 27,

46 1639 175 1677 noum
209 1643 264 1677 36,
298 1638 448 1677 wagn.)
474 1638 528 1669 Cf.
554 1638 655 1669 Stoi».
683 1639 816 1678 xxlx,
841 1643 903 1679 57,
936 1641 1046 1672 Arist.
1074 1641 1181 1672 Rhet.
1207 1641 1236 1679 Ῑ,
1262 1643 1315 1679 ll,
1339 1644 1371 1673 8.
1403 1660 1440 1664 —
1481 1638 1539 1680 Ὡς
1565 1665 1595 1673 ..

45 1680 167 1714 πόνων
193 1694 263 1714 (vin.
290 1682 505 1713 Astii-gua.
542 1700 584 1705 —
619 1678 704 1715 Ὴδύ
728 1682 770 1714 τί
795 1694 851 1715 τοι
878 1685 974 1716 Plut.
1003 1685 1026 1715 l.
1050 1695 1081 1715 c.
1121 1703 1162 1707 —
1199 1682 1365 1716 σωθέντα
1389 1697 1457 1717 onii.
1483 1686 1519 1718 S.
1553 1705 1596 1709 -—

45 1732 174 1760 noster
198 1737 272 1759 v-a.
303 1744 335 1749 -
377 1727 475 1758 aliud
501 1738 572 1758 om.
598 1727 729 1759 v3-bl’.
763 1746 808 1752 —-
844 1728 990 1770 Forsan]
1019 1729 1104 1760 Aen.
1133 1728 1160 1768 1,
1183 1731 1261 1760 203.
1294 1728 1348 1760 cf.
1372 1729 1421 1762 Io.
1448 1730 1595 1763 Saresb.

90 1845 122 1873 6.
170 1841 363 1873 describunt
404 1842 502 1873 modo
544 1842 652 1873 uerbis
688 1843 787 1875 modo

46 1886 147 1918 radio
186 1886 275 1927 loca]
318 1886 540 1917 Plutarchus
576 1887 704 1928 Symp.
739 1887 787 1927 11,

47 1933 77 1969 1,
96 1932 128 1961 2.
151 1941 183 1971 p.
199 1931 275 1960 630.
298 1929 361 1961 ss.:
392 1929 464 1962 Καὶ
486 1928 688 1972 προθύμως
713 1930 788 1972 διη-

44 1973 195 2016 γοῦνται
214 1972 275 2005 καὶ
296 1970 612 2015 διαγράφουσι
632 1972 788 2012 κόλπους

45 2016 105 2049 καὶ
134 2014 278 2055 τόπους.
312 2017 366 2049 cf.
396 2018 525 2059 tin-gil.
552 2019 627 2050 Ecl.
650 2019 787 2056 111,41.

51 2062 302 2103 Descripsit
329 2063 457 2093 radio
483 2068 589 2094 totum
614 2064 672 2105 qui
695 2075 786 2106 gen-

45 2106 136 2138 tibus
161 2106 293 2145 orbem,
335 2106 378 2137 ad
410 2117 502 2147 quae
529 2107 696 2148 Heynius
723 2109 787 2139 ad-

45 2150 207 2182 notavitt
254 2151 420 2188 „Radius
457 2151 603 2192 proprie
638 2163 788 2194 geome-

46 2198 184 2226 trarum
211 2194 318 2235 virga
350 2200 422 2233 est,
453 2206 523 2236 qua
561 2196 595 2227 in
636 2193 787 2237 pulvere

47 2239 182 2271 formas
208 2238 504 2279 delineabant.‘⁸;
528 2239 615 2271 Aen.
639 2240 696 2280 vl,
721 2243 788 2272 850

47 2294 100 2324 sq.
149 2283 308 2324 coelique
349 2288 482 2315 meatus
528 2285 787 2318 Describent

45 2326 193 2363 radim·
231 2326 307 2357 Cic.
334 2326 446 2358 Tusc.
468 2327 513 2365 V,
541 2330 602 2368 23,
627 2330 679 2360 64.
711 2329 785 2361 Ηο-

46 2370 242 2402 munculum
291 2381 312 2401 a
355 2371 538 2410 pulvere
578 2377 615 2404 et
659 2373 786 2406 radio

47 2414 193 2447 excitato
222 2436 252 2445 ..
280 2414 526 2445 Archimedem.

90 2462 122 2490 7.
171 2462 284 2490 tacent
311 2458 542 2500 arrogantiae
565 2459 670 2501 metu]
709 2459 733 2492 i.
756 2470 787 2492 e.

45 2505 251 2534 metuentes
283 2512 327 2532 ne
362 2505 580 2543 arrogantes
615 2514 696 2534 esse
733 2503 787 2535 vi-

46 2546 212 2578 deantur.
261 2545 315 2576 Cf.
344 2547 364 2585 ς
394 2548 444 2576 12.
493 2545 715 2579 Plutarchus
749 2559 784 2590 p.

45 2592 123 2622 630.
150 2589 205 2621 C.:
239 2587 349 2631 λέγειν
374 2589 578 2622 αἰδοῦνται.

90 2637 122 2665 8.
170 2634 271 2666 habet
304 2634 475 2675 quendam
506 2634 645 2677 gloriae
681 2645 786 2675 sapo-

46 2677 128 2720 rem]
167 2677 191 2710 i.
217 2688 248 2709 e.
281 2682 402 2710 movet
430 2689 577 2709 sensum
604 2678 785 2719 quendam

47 2721 203 2763 gloriae,
229 2732 320 2753 novo
344 2722 449 2753 modo
477 2722 626 2754 dictum.

91 2766 312 2808 obstrependo
339 2765 540 2807 discutiant]
559 2765 783 2798 Plutarchus

47 2819 83 2849 p.
103 2810 183 2858 ¹630.
208 2810 269 2842 D.:
300 2807 556 2851 διακρούονται
581 2809 641 2842 καὶ
665 2821 784 2851 παρα-

50 2861 227 2893 removet.

87 2896 248 2939 fabulas]
274 2897 327 2929 Cf.
355 2910 382 2929 c.
419 2901 447 2937 l,
475 2900 495 2938 ἕ
522 2900 574 2929 24.

118 2950 165 2989 ΙΙ,

899 1843 1106 1885 prohibeant
1130 1844 1193 1875 illa
1219 1845 1374 1886 narrari]
1400 1844 1455 1876 Cf.
1482 1856 1512 1877 c.
1542 1848 1595 1885 12,

857 1889 878 1927 S
905 1888 1013 1919 4.1d
1033 1889 1148 1928 fieri
1176 1889 1230 1920 sal
1258 1913 1287 1920 ..
1313 1890 1526 1931 prohibet.

900 1935 933 1963 9.
981 1932 1142 1974 relatum]
1177 1933 1278 1964 Haec
1304 1944 1372 1965 vox
1399 1933 1432 1965 in
1466 1933 1596 1966 lexicis

857 1975 919 2007 uni
946 1974 1076 2007 Tacito
1105 1977 1299 2016 tribuitur,
1328 1977 1388 2018 qui
1415 1978 1536 2010 Germ.
1563 1980 1596 2009 3.

857 2024 892 2051 et
921 2019 1017 2051 [list.
1047 2020 1075 2060 l,
1099 2022 1155 2051 30.
1181 2031 1268 2053 usus
1295 2027 1350 2053 est
1376 2032 1462 2053 casu
1490 2022 1597 2054 abla-

858 2064 944 2102 tivo,
967 2068 1003 2095 et
1030 2074 1099 2095 uno
1125 2069 1265 2096 tantum
1292 2065 1383 2103 loco,
1413 2066 1473 2098 nbi
1500 2067 1598 2099 rela-

857 2108 907 2140 tio
929 2109 1120 2140 consulum
1145 2108 1389 2152 significatur,
1414 2110 1502 2142 Ann.
1523 2110 1596 2151 XV,

855 2155 927 2189 22„
953 2152 1179 2184 accusativo.

907 2197 944 2228 Id
967 2197 1067 2238 adeo]
1095 2197 1117 2228 i.
1142 2208 1170 2229 e.
1198 2194 1309 2229 τοῦτο’
1330 2207 1378 2240 γε.
1402 2197 1456 2230 cf.
1476 2199 1596 2231 Hand.

857 2240 1020 2272 'rm-sen.
1049 2241 1078 2281 1,
1107 2252 1138 2283 p.
1170 2243 1230 2273 144
1251 2252 1306 2281 sq·

899 2290 1003 2327 poeta
1056 2286 1179 2328 vester]
1241 2285 1332 2317 dicit
1378 2285 1597 2318 Eustathius

856 2329 1033 2361 Graecus.
1083 2328 1138 2362 Cf.
1167 2330 1205 2369 V,
1231 2332 1264 2367 2,
1292 2332 1343 2361 17.

901 2373 985 2415 quid
1009 2374 1109 2405 aliud
1136 2374 1218 2416 nisi]
1244 2373 1392 2412 dicitur,
1421 2378 1460 2405 ut
1485 2384 1596 2415 saepe

854 2418 943 2449 nihil
967 2417 1065 2450 aliud
1084 2418 1171 2455 nisi3
1197 2418 1242 2449 cf.
1268 2418 1344 2449 Cic.
1373 2429 1407 2458 p.
1435 2417 1530 2449 Sest.
1562 2420 1596 2456 6,

858 2463 910 2493 14.
936 2461 980 2492 de
1008 2461 1094 2502 imp.
1120 2462 1247 2502 Pomp.
1275 2465 1330 2501 22,
1358 2462 1413 2492 64.
1454 2460 1596 2500 Livius,

856 2509 896 2536 ut
920 2504 975 2542 11,
1000 2508 1033 2541 8,
1056 2507 1088 2535 8.
1113 2510 1149 2535 et
1167 2505 1222 2544 11,
1244 2507 1299 2544 29,
1324 2506 1356 2535 4.
1380 2505 1469 2536 nihil
1495 2505 1597 2537 aliud

854 2559 976 2589 quam,
1001 2547 1092 2579 dicit
1124 2548 1183 2587 IV,
1205 2550 1238 2586 3,
1260 2551 1293 2579 3.
1326 2549 1439 2589 Quid
1471 2549 1598 2581 aliud

855 2602 979 2632 quam
1010 2591 1258 2623 admonemus?

899 2639 975 2675 post
1007 2645 1144 2667 emensa
1181 2634 1391 2677 infortunia]
1430 2635 1483 2667 Cf.
1517 2635 1597 2668 Liv.

857 2677 953 2718 XXl,
976 2679 1031 2717 30,
1056 2681 1088 2709 5.
1123 2685 1257 2720 partem
1293 2680 1427 2712 itineris
1458 2691 1594 2712 emen-

854 2733 954 2761 sam,
976 2726 1011 2754 et
1039 2722 1169 2763 XLIII,
1186 2726 1241 2763 21,
1256 2725 1287 2755 9.
1314 2724 1435 2756 itinere
1458 2725 1599 2768 ingenti

855 2777 1036 2798 emenso.

899 2810 1012 2842 sedati
1037 2810 1178 2852 laboris]
1220 2810 1243 2842 i.
1273 2822 1302 2842 e.
1335 2811 1437 2843 cuius
1463 2823 1592 2843 sensus

855 2853 1000 2886 omnino
1033 2858 1087 2886 est
1123 2854 1337 2887 exstinctus.
1387 2855 1439 2887 Cf.
1471 2856 1596 2888 Plaut-

855 2898 964 2930 Poen.
1001 2899 1044 2937 V,
1074 2900 1213 2937 4‚107.
1254 2900 1443 2933 Multorum
1483 2912 1597 2933 anne»

1324 2948 1387 2990 36
