1845 3131
217 58 299 99 628
851 51 1125 93 MACROBH

211 169 297 209 nire
334 166 430 221 quin
466 163 569 203 ultra
606 161 784 201 ferantur
818 160 923 201 inani
962 160 1087 214 figura
1123 160 1379 201 cohaerentes
1414 175 1626 215 corporum
1660 174 1754 202 exu-

212 225 317 265 viae:
343 233 512 275 quarum
542 217 792 270 receptacula
821 218 859 256 in
887 218 1033 257 nostris
1069 216 1194 255 oculis
1225 221 1336 265 sunt,
1366 222 1404 257 et
1434 218 1521 258 ideo
1552 218 1598 257 ad
1633 218 1754 271 depu-

212 285 335 320 tatam
371 275 443 315 sibi
485 288 506 313 a
540 278 681 312 natura
718 272 851 312 sedem
890 272 1038 325 proprii
1072 285 1211 311 sensus
1244 278 1464 312 recurrunt.
1526 274 1633 313 Haec
1663 278 1756 313 sunt

213 347 315 387 quae
342 331 400 372 vir
427 330 489 369 ille
515 333 823 369 commemorat:
855 328 1001 381 quibus
1027 327 1056 367 si
1087 327 1263 367 occurris
1289 327 1441 376 obvius,
1466 334 1631 382 expecto
1659 329 1752 382 quid

174 388 372 429 5referas.
433 385 494 425 Ad
525 385 621 424 haec
650 383 835 423 renidens
862 383 1120 423 Eustathius:
1162 384 1207 422 lu
1240 384 1448 435 propatulo
1486 389 1564 432 est,
1612 384 1755 437 inquit,

214 443 323 498 quod
363 441 519 495 decepit
554 440 788 493 Epicurum.
849 442 884 479 A
920 452 1013 479 vero
1045 439 1147 478 enim
1187 438 1317 491 lapsus
1350 444 1409 478 est
1440 439 1606 478 aliorum
1640 446 1753 492 quat-

215 506 307 540 tuor
335 510 523 538 sensuum
552 500 713 535 secutus
742 495 978 548 exemplum,
1007 494 1098 547 quia
1131 494 1169 533 in
1200 494 1398 533 audiendo
1429 499 1468 533 et
1494 495 1689 548 gustando
1719 501 1756 534 et

214 553 420 595 odorando
451 557 571 605 atque
601 551 799 602 tangendo
828 551 923 590 nihil
957 564 977 589 e
1007 549 1122 589 nobis
1153 549 1384 597 emittimus,
1417 550 1481 589 sed
1513 550 1756 589 extrinsecus

177 609 432 664 (iaecipimus
460 607 567 661 quod
602 620 759 645 sensum
793 606 853 646 sui
880 611 1047 645 moveat.
1110 605 1270 658 Quippe
1302 610 1340 644 et
1369 619 1441 645 vox
1474 605 1521 644 ad
1553 619 1668 645 aures
1700 606 1756 646 ul-

214 672 278 706 tro
316 664 442 709 venit,
490 668 529 701 et
566 675 686 701 aurae
727 661 766 700 in
802 674 916 701 nares
956 661 1147 707 influunt,
1189 666 1228 700 et
1260 661 1390 714 palato
1428 661 1619 713 ingeritur
1649 661 1755 714 quod

216 722 349 773 gignat
388 731 591 771 saporem,
636 721 675 755 et
716 716 873 769 corpori
922 722 1060 756 nostro
1105 716 1354 768 adplicantur
1394 722 1499 755 tactu
1540 716 1755 756 sentienda.

216 763 320 816 Hinc
352 773 505 827 putavit
531 778 569 811 et
598 785 644 810 ex
672 771 798 811 oculis
828 771 923 810 nihil
962 772 1064 810 foras
1102 771 1318 823 proticisci,
1362 772 1428 811 sed
1470 772 1659 823 imagines
1694 785 1754 811 re-

181 833 306 871 irum
348 830 384 868 iu
424 828 563 867 oeulos
603 827 709 866 uitro
747 840 891 866 meare.
955 827 1082 866 Cuius
1119 826 1297 879 opinioni
1336 832 1529 879 repugnat
1569 827 1676 880 quod
1717 827 1753 866 in

218 885 386 940 speculis
427 884 556 936 imago
589 883 752 923 adversa
794 882 1147 935 contemplatorem
1188 895 1303 922 suum
1342 883 1518 935 respicit:
1566 896 1655 922 eum
1688 882 1754 922 de-

306 1013 412 1055 [Mss.
438 1012 573 1044 APSH.

216 1082 250 1111 p.
273 1079 343 1107 nrt,
363 1067 449 1098 llvi.
474 1084 512 1089 —
539 1067 637 1098 ultro
664 1065 768 1096 c-bP¹
905 1067 937 1096 5.
973 1065 1091 1107 lapsus
1115 1068 1204 1102 (om.
1232 1067 1299 1100 est]
1326 1063 1362 1095 S.
1412 1063 1558 1106 elapsus
1582 1069 1630 1097 est
1654 1065 1691 1096 h.
1713 1083 1755 1088 —

215 1112 391 1144 audiendo
417 1111 594 1153 gustando
624 1114 713 1146 (om.
737 1112 786 1146 et)
811 1119 880 1140 s-z.
917 1127 959 1132 —-
992 1120 1126 1140 sensum
1151 1120 1189 1139 su
1201 1121 1220 1139 u
1232 1119 1264 1139 m.
1290 1119 1322 1139 v.
1461 1112 1492 1140 6.
1535 1110 1668 1151 Quippe
1691 1120 1756 1141 vom

215 1160 306 1193 (om.
334 1158 384 1193 et)
409 1155 447 1187 A.
484 1172 527 1178 —
557 1154 686 1195 fluunt
712 1152 751 1184 Α.
788 1171 830 1176 —-
867 1164 906 1185 ex
930 1154 1037 1185 oculis
1059 1154 1222 1185 nostris
1240 1151 1372 1183 s-bPS.
1510 1156 1541 1184 7.
1578 1153 1756 1195 proficisci

216 1281 327 1302 rerum
354 1270 522 1311 Dereptae
545 1267 693 1299 volitant
725 1267 815 1299 ultro
847 1266 951 1299 citro-

216 1325 280 1356 que
302 1324 363 1355 per
387 1324 503 1345 auras.
551 1311 681 1342 Cicero
708 1311 750 1342 N.
779 1311 819 1341 l).
844 1311 873 1350 l,
901 1314 951 1349 19,

215 1361 270 1389 49.
308 1357 391 1397 (ubi
424 1356 497 1387 vid.
533 1355 725 1394 Creuzer.)
764 1354 870 1391 dicit,
911 1359 951 1386 ut

216 1400 411 1432 Lucretius
452 1400 517 1438 lv,
554 1401 631 1429 238.
683 1399 951 1441 Imaginibus

216 1444 443 1476 similitudine
475 1448 506 1475 et
535 1442 739 1474 transitione
770 1443 951 1484 perceptis,

217 1492 254 1519 et
280 1489 324 1518 de
348 1487 409 1518 fin.
434 1487 461 1524 l,
485 1489 517 1525 6,
538 1488 592 1517 21.
616 1486 841 1528 Imagines
864 1496 952 1526 quae

217 1530 348 1562 εἴδωλα
371 1530 563 1569 nominant,
592 1540 734 1570 quorum
760 1530 953 1560 incursione

216 1576 406 1605 videamus.
455 1573 648 1604 Lucretius
675 1573 733 1612 lv,
760 1574 836 1603 46.:
868 1573 952 1604 Dico

216 1618 347 1660 igitur,
392 1617 533 1657 inquit,
572 1627 715 1647 rerum
760 1616 952 1658 effigies

215 1667 400 1702 tenuesque
423 1662 598 1702 figuras
626 1660 759 1691 Mittier
781 1661 823 1690 ab
855 1660 953 1691 rebus

216 1716 346 1737 summo
371 1705 413 1736 (Ie
431 1714 569 1744 corpore
592 1714 731 1740 earum3
750 1702 951 1743 Quintilia—

216 1760 284 1780 nus
311 1748 465 1788 de-nique
490 1747 576 1779 lust.
604 1747 647 1784 X.
673 1749 706 1784 2,
734 1749 785 1777 15.
827 1747 894 1778 Nec
920 1770 952 1779 ..

215 1793 372 1833 sufficiat
398 1791 586 1833 imaginem
609 1792 749 1822 virtutis
773 1792 951 1833 effingere,

217 1842 249 1868 et
273 1836 399 1872 solam,
422 1840 459 1866 ut
483 1835 529 1865 sic
557 1835 719 1872 dixerim,
746 1840 873 1874 cutem,
898 1835 952 1865 vel

213 1880 330 1921 potius
363 1879 444 1910 illas
475 1878 621 1919 Epicuri
646 1879 832 1919 figuras
866 1889 952 1919 quas

216 1934 234 1954 e
266 1923 406 1953 summis
441 1922 638 1963 corporibus
678 1922 761 1952 dicit
798 1923 949 1962 effluere.

216 1966 273 1997 Cf.
297 1965 447 2008 Epicuri
473 1964 580 2006 epist.
604 1965 647 1995 ad
674 1965 808 1995 Herod.
834 1967 877 2004 §§
897 1967 950 1996 47.

215 2013 272 2041 50.
310 2014 346 2040 et
384 2009 489 2048 υἷος.
516 2008 636 2040 Laert.
661 2008 711 2047 X„
737 2010 757 2046 ς
784 2010 837 2039 46.
879 2007 950 2039 Καὶ

215 2049 286 2093 μὴν
316 2051 376 2082 καὶ
407 2050 536 2083 τύποι
568 2047 845 2092 ὁμοιοσχήμονες
875 2053 951 2087 τοῖς

216 2094 429 2135 στερεμνίοις
458 2095 521 2132 (de
545 2095 676 2135 quibus
704 2096 775 2125 vid.
807 2094 881 2125 Cic.
908 2094 949 2124 N.

217 2138 260 2168 D.
289 2139 322 2177 Ι,
356 2141 414 2175 19,
438 2141 513 2174 49.)
546 2136 612 2168 εἰσὶ
645 2134 851 2188 λεπτότησιν
882 2134 948 2166 (ἰπ-

215 2178 354 2221 έχοντες
373 2179 516 2221 μακρὰν
539 2180 610 2210 τῶν
635 2191 872 2220 φαινομένων.
894 2202 902 2210 .
918 2202 926 2210 .
941 2202 949 2209 .

222 2221 383 2260 Τούτους
413 2221 449 2254 o}
481 2220 567 2259 τοὺς
589 2219 756 2258 τύπους
786 2222 948 2253 εἴδωλα

215 2263 545 2307 προσαγορεύομεν,
570 2269 606 2296 et
628 2267 648 2304 §
672 2267 725 2296 49.

260 2320 320 2340 nec
346 2321 508 2351 umquam
535 2309 707 2341 tantulam
736 2319 868 2340 moram
894 2309 949 2340 in-

215 2352 394 2395 tervenire]
420 2352 443 2383 i.
469 2363 499 2384 e.
526 2363 569 2383 ne
595 2351 781 2383 minimam
804 2352 948 2392 quidem

216 2407 367 2427 moram.
415 2396 471 2427 Cf.
505 2395 580 2427 cic.
611 2396 646 2427 in
675 2396 772 2427 Vei-r.
804 2400 871 2426 act.
900 2396 948 2435 11,

216 2441 272 2479 38,
294 2442 349 2471 93.
381 2440 420 2470 Si
449 2440 666 2471 tantulum
693 2450 833 2470 morae
855 2440 947 2477 fuis-

216 2488 283 2521 set,
308 2484 488 2524 quominus
511 2484 542 2515 ei
567 2483 715 2525 pecunia
737 2483 800 2514 illa
826 2493 946 2514 nume-

215 2531 362 2557 raretur.

259 2569 367 2610 ultra]
418 2569 520 2609 Quae
553 2568 728 2609 leguntur
763 2571 806 2608 ἒς
843 2571 875 2599 6.
911 2572 947 2600 et

215 2615 237 2642 8
267 2623 362 2653 sqq.‚
401 2622 442 2643 ea
477 2611 645 2644 videntur
675 2612 867 2653 flagitare,
908 2615 947 2643 ut

213 2655 418 2686 retineatur
452 2655 559 2693 ultro,
605 2656 697 2695 quod
738 2655 874 2697 legitur
910 2655 944 2686 in

213 2699 398 2739 pierisque
434 2697 675 2735 editionibus,
713 2702 749 2729 et
788 2699 946 2730 fortasse

214 2740 249 2771 in
275 2742 351 2772 cod.
378 2741 428 2779 P.
468 2752 487 2772 e
513 2752 582 2781 quo
613 2741 707 2772 nihi!
735 2745 791 2772 est
820 2747 944 2773 enota-

214 2788 300 2815 tum.
347 2784 418 2815 Sed
442 2784 511 2815 hoc
537 2785 616 2814 loco
643 2785 686 2815 de
712 2795 755 2816 ea
784 2796 822 2815 re
856 2796 943 2816 non-

213 2826 296 2857 dum
321 2827 455 2867 agitur.
501 2827 603 2867 Quod
631 2827 748 2859 maior
778 2829 942 2859 codicum

213 2879 383 2901 uumerus
413 2870 575 2908 exhibet,
619 2872 732 2910 ultra,
771 2870 804 2902 id
846 2872 940 2904 ΙιῑιιιιΙ

1019 1266 1095 1298 scio
1118 1276 1161 1297 au
1189 1277 1257 1297 non
1285 1265 1400 1307 possit
1423 1266 1635 1308 significare
1666 1266 1755 1298 ferri

1020 1311 1085 1342 illa
1116 1310 1314 1341 simulacra
1339 1310 1372 1341 iu
1401 1310 1650 1352 longinquum,
1675 1316 1753 1342 tan—

1019 1365 1125 1395 quam
1152 1365 1170 1384 e
1193 1354 1326 1384 finibus
1351 1365 1563 1395 corporum,
1599 1359 1637 1386 ut
1664 1354 1755 1386 dicit

1020 1398 1211 1429 Lucretius
1237 1398 1295 1438 lV,
1316 1400 1404 1428 165.:
1426 1399 1482 1429 Sic
1507 1410 1528 1430 a
1550 1399 1649 1430 rebus
1675 1400 1755 1431 item

1018 1443 1124 1473 simili
1160 1442 1293 1473 ratione
1327 1452 1461 1473 necesse
1496 1448 1545 1474 est
1581 1444 1755 1484 Temporis

1018 1487 1053 1517 iu
1081 1490 1208 1527 puncto
1238 1496 1350 1516 rerum
1377 1486 1564 1517 simulacra
1588 1488 1755 1526 ferantur

1024 1530 1136 1560 Multa
1175 1530 1285 1560 modis
1326 1529 1444 1561 multis
1485 1531 1528 1561 in
1577 1535 1755 1562 cunctas

1019 1573 1216 1613 undique
1241 1573 1395 1614 partis.

1064 1627 1241 1657 corporum
1269 1615 1427 1657 exuviae]
1459 1614 1514 1648 Cf.
1540 1616 1646 1657 Apul.
1672 1616 1697 1648 l.
1723 1627 1754 1648 e.

1021 1663 1057 1690 et
1096 1659 1239 1691 Luci-et.
1278 1659 1343 1698 lv,
1380 1662 1424 1690 52
1462 1670 1540 1700 sqq.
1584 1661 1755 1700 Quoniam

1021 1704 1160 1735 mittunt
1188 1704 1223 1734 in
1245 1704 1341 1734 rebus
1366 1704 1496 1745 apertis
1525 1704 1677 1745 Corpora
1701 1715 1755 1736 res

1020 1748 1166 1785 multae,
1192 1771 1222 1778 ..
1248 1752 1285 1779 ut
1311 1747 1390 1778 olim.
1425 1749 1508 1779 Cum
1537 1753 1665 1780 veteres
1689 1759 1753 1790 po-

1018 1797 1104 1822 nunt
1124 1792 1257 1822 tunicas
1282 1796 1414 1822 aestate
1437 1791 1598 1829 cicadae,
1627 1793 1673 1823 Et
1698 1793 1752 1823 vi-

1019 1835 1085 1866 tuli
1111 1846 1183 1865 cum
1209 1836 1424 1866 membranas
1444 1835 1485 1866 (Ie
1505 1845 1644 1877 corpore
1658 1846 1752 1867 sum-

1019 1889 1071 1909 mo
1101 1878 1284 1909 [vascentes
1310 1879 1470 1917 mittunt,
1510 1883 1541 1910 et
1573 1879 1652 1910 item
1677 1890 1753 1910 cum

1019 1922 1150 1952 lubrica
1171 1933 1308 1964 serpens
1336 1923 1471 1953 Exuit
1496 1923 1531 1953 in
1555 1923 1663 1963 spinis
1685 1934 1751 1954 ve-

1019 1971 1139 1996 stem:
1165 1989 1196 1996 ..
1232 1966 1326 1996 Haec
1360 1967 1520 2006 quoniam
1544 1968 1661 2006 fiunt,
1701 1971 1752 1998 te—

1017 2009 1096 2039 nuis
1130 2019 1261 2050 quoquc
1296 2009 1391 2040 debet
1423 2009 1542 2051 imago
1576 2011 1624 2041 Ab
1655 2011 1754 2042 rebus

1016 2052 1108 2083 mitti
1130 2063 1259 2083 summo
1283 2052 1324 2083 (Ie
1348 2063 1485 2093 corpore
1512 2064 1640 2084 earum.

1061 2106 1205 2135 quarum
1259 2096 1477 2135 receptacula
1535 2097 1569 2126 in
1626 2096 1753 2128 nostris

1017 2139 1124 2169 oeulis
1146 2138 1235 2179 sunt]
1261 2137 1452 2168 Lucretius
1482 2139 1540 2177 IV,
1565 2141 1631 2170 242
1654 2150 1749 2180 sqq.:

1023 2183 1145 2211 l'crum
1181 2192 1264 2220 nos,
1313 2182 1450 2212 oculis
1493 2183 1595 2222 quia
1639 2184 1750 2214 solis

1017 2234 1189 2255 cernere
1236 2224 1419 2265 quimus.
1478 2225 1663 2267 Propterea
1700 2228 1749 2267 fit

1015 2268 1078 2305 uti,
1102 2268 1244 2308 speciem
1270 2279 1334 2309 quo
1354 2268 1527 2303 vertimus.
1549 2280 1662 2300 omnes
1684 2270 1750 2300 Res

1017 2311 1063 2341 ibi
1088 2321 1162 2341 eam
1194 2316 1313 2342 contra
1336 2313 1471 2352 feriant
1499 2315 1617 2353 forma
1647 2318 1750 2354 atque

1016 2355 1135 2385 colore.

1061 2398 1180 2438 quibus
1203 2397 1231 2428 si
1257 2398 1405 2429 occurris
1428 2397 1559 2438 obvius]
1582 2396 1638 2429 Cf.
1663 2409 1692 2430 c.
1714 2401 1747 2438 5,

1017 2440 1033 2481 ξ)
1056 2443 1087 2471 5.
1112 2441 1231 2481 quibus
1257 2442 1518 2473 obviandum
1541 2453 1608 2473 non
1630 2447 1715 2474 erat.

1059 2484 1232 2524 renidens]
1260 2484 1314 2515 Cf.
1341 2485 1369 2521 l,
1395 2486 1426 2524 4.
1447 2487 1479 2515 4.

1058 2530 1088 2558 5.
1142 2529 1180 2558 1η
1202 2529 1387 2570 propatulo
1412 2528 1475 2568 est]
1509 2526 1562 2558 Cf.
1590 2538 1618 2558 c.
1642 2529 1701 2567 15,
1728 2528 1744 2566 ᾗ

1015 2573 1067 2601 18.
1101 2574 1136 2602 et
1173 2571 1268 2601 Geli.
1304 2570 1344 2602 N.
1378 2571 1414 2602 Α.
1454 2570 1589 2609 xvnl,
1624 2573 1683 2607 10,
1713 2573 1745 2601 8,

1018 2616 1112 2654 Quae
1141 2619 1269 2645 natura
1304 2615 1399 2645 nobis
1430 2615 1578 2645 tuendae
1608 2614 1744 2645 valetu-

1015 2658 1105 2688 dinis
1138 2669 1244 2688 causa
1274 2663 1304 2688 et
1342 2658 1383 2688 in
1421 2661 1616 2698 promptu
1654 2668 1745 2688 esse

1012 2706 1050 2731 et
1091 2701 1133 2730 in
1174 2701 1407 2742 propatulo
1449 2700 1662 2737 voluerit3
1709 2705 1745 2732 et

1012 2744 1180 2784 prolegg.
1209 2755 1239 2783 p.
1265 2753 1340 2773 xmi
1368 2754 1419 2782 sq.

1056 2787 1202 2817 aliorum
1235 2790 1397 2826 quattuor
1421 2795 1577 2816 sensuum
1610 2791 1744 2818 seculus

1010 2828 1212 2870 creniplum]
1245 2828 1298 2858 Cs.
1324 2827 1465 2859 Luci-et.
1493 2829 1549 2867 lv,
1574 2831 1638 2860 217
1664 2840 1740 2870 sqq.

1010 2875 1045 2903 et
1069 2874 1135 2902 :260
1157 2882 1233 2912 sqq.
1275 2871 1381 2913 Diog.
1407 2871 1527 2904 baert.
1553 2871 1595 2911 X,
1621 2873 1636 2912 §
1662 2874 1717 2904 52.
