1871 3126
235 33 320 75 250
857 33 1134 78 MACROBII

167 144 342 198 [350}ipSO
370 146 504 197 ageret
538 141 812 204 mimos-quos
840 144 1098 199 scriptitabat.
1148 146 1226 188 Sed
1257 154 1430 203 potestas
1463 168 1545 196 non
1577 157 1706 198 solum
1743 158 1776 198 si

233 200 388 248 invitet,
418 198 486 239 sed
518 202 635 238 etiam
670 212 701 238 si
729 199 944 253 supplicet,
976 202 1100 255 cogit:
1135 204 1242 244 unde
1273 219 1315 246 se
1341 214 1381 249 et
1405 210 1598 254 Laberius
1622 227 1644 254 a
1675 213 1773 255 Cae-

233 270 319 297 sare
347 260 530 296 eoactum
562 254 602 294 in
631 254 796 308 prologo
825 261 994 297 testatur
1021 257 1081 298 his
1109 259 1307 302 versibus:

193 310 218 350 3
399 313 631 359 Necessitas,
664 313 775 352 cuius
807 327 945 354 cursus
974 317 1193 356 transversi
1216 318 1399 372 impetum

410 369 619 409 Voluerunt
647 369 762 409 multi
787 370 968 424 effnyere,
997 373 1124 425 pauci
1143 380 1372 426 potuerunt,

403 425 489 474 Quo
519 439 578 465 me
605 425 768 466 detrusit
791 441 919 480 paene
946 429 1127 468 extremis
1157 430 1362 470 sensibus?

401 482 524 530 Quem
556 481 665 521 nulla.
696 482 872 530 ambitio,
911 484 1020 523 nulla
1048 498 1231 539 umquam
1259 486 1428 541 laryitio,

350 553 366 578 5
397 538 536 580 Nullus
561 539 691 586 timor,
726 540 783 579 vis
812 539 937 588 nulla,
977 540 1087 580 nulla
1114 542 1326 582 (tuctoritas

396 594 553 635 Movere
578 596 707 648 potuit
734 596 776 635 in
807 597 963 636 iuventa
994 597 1039 636 de
1067 604 1180 645 statu,

395 651 493 691 Ecce
520 652 560 690 in
591 658 740 690 senecta
768 660 811 691 ut
835 653 951 705 filcile
981 653 1151 706 labefecit
1180 654 1260 693 loco

406 707 493 746 l'iri
519 707 735 746 eoecellentis
763 715 885 748 mente
914 709 1090 749 clemente
1121 710 1222 749 edita

394 762 612 803 Summissa
634 763 791 816 placide
821 764 1113 819 blmtdiloquens
1142 766 1299 806 oratio?

327 834 365 861 10
396 819 549 859 Etenim
577 819 658 873 ‘ipsi
685 819 729 858 di
755 833 899 873 neqore
926 822 993 860 cui
1018 821 1120 861 niliil
1141 829 1365 875 potuerunt,

394 875 601 915 Hominem
630 889 688 915 me
717 875 907 929 deneqare
940 878 1025 930 quis
1051 884 1177 930 posset
1198 878 1317 931 pati?

394 932 477 985 qu
509 932 566 971 bis
595 932 749 971 tricenis
785 933 902 972 annis
937 933 1031 972 actis
1063 933 1146 972 sine
1174 939 1267 973 nota

393 988 520 1042 Eques
551 988 754 1027 Romanus
790 1003 809 1028 e
838 989 938 1028 Lare
967 1003 1138 1042 eqressus
1167 1003 1249 1028 meo

392 1044 562 1083 Domum
592 1051 766 1084 revertar
795 1046 961 1085 mimus:
986 1045 1177 1085 nimirum
1202 1045 1274 1084 lioc
1303 1044 1364 1084 (lie

322 1113 359 1139 15
395 1099 477 1139 Uno
500 1100 593 1154 plus
620 1100 711 1140 vini
734 1100 835 1139 mih-2·
859 1115 974 1155 quam
1002 1101 1210 1141 viventium
1233 1101 1320 1154 suit.

392 1156 571 1196 Fortuna
600 1156 845 1196 inmoderata
872 1157 915 1197 in
946 1157 1044 1197 bono
1076 1171 1195 1212 aeque
1225 1164 1337 1211 atque
1365 1156 1409 1196 in
1438 1154 1539 1196 malo

313 1265 418 1307 [Mss.
444 1267 639 1300 ABGPSV.

222 1323 280 1355 sed
306 1328 345 1356 et
370 1324 399 1354 si
425 1322 525 1355 AVN.
573 1323 633 1354 sed
659 1323 688 1354 si
713 1326 802 1361 [om.
828 1323 950 1361 etiam)
975 1322 1012 1355 S.
1059 1324 1119 1355 secl
1143 1323 1246 1355 etiam
1274 1323 1364 1364 (om.
1388 1323 1434 1361 si)
1455 1322 1490 1353 h.
1514 1339 1557 1344 —-
1580 1332 1602 1353 α
1625 1331 1764 1353 caesare

222 1374 409 1410 augusto
436 1368 462 1399 A
495 1370 541 1408 „2
568 1368 717 1409 Angl.⁵‘.
855 1369 886 1398 3.
931 1368 1143 1399 Necessitate
1178 1390 1210 1399 ..
1245 1367 1388 1408 retineo]
1430 1366 1574 1407 „Super
1614 1365 1762 1397 Laberii

219 1411 304 1443 istis
326 1413 494 1444 versibus
520 1416 554 1443 et
580 1411 748 1452 Agellius
775 1410 913 1452 aliquid
933 1412 1175 1453 evulgaverat
1200 1423 1277 1453 cap.
1306 1415 1357 1443 15.
1381 1411 1445 1442 lib.
1468 1410 1580 1441 HIL:
1607 1410 1700 1451 quod
1727 1414 1763 1441 et

220 1456 300 1488 eius
324 1457 434 1488 hodie
464 1457 533 1488 soli
562 1456 701 1487 indices
726 1456 944 1498 superstites
977 1457 1212 1497 loquuntur.“
1247 1457 1350 1488 l‘ont.
1400 1455 1453 1486 Cf.
1490 1454 1762 1487 Schneidewin.

220 1501 354 1533 Rhein.
381 1502 473 1533 Mus.
498 1502 523 1533 f.
548 1501 645 1532 Phil.
678 1499 718 1532 N.
742 1500 783 1531 F.
813 1501 884 1532 vol.
909 1501 955 1531 11.
978 1502 1068 1532 fasc.
1092 1502 1124 1532 4.
1153 1512 1183 1541 p.
1211 1502 1286 1532 636.
1311 1518 1353 1524 —
1384 1510 1417 1530 v.
1448 1502 1474 1530 1.
1504 1510 1638 1530 currus
1660 1500 1760 1540 (sup.

218 1549 252 1584 s)
280 1546 318 1577 S.
375 1558 483 1578 cursu
512 1557 543 1577 a.
583 1563 626 1569 -
668 1550 894 1577 transuersos
924 1545 1018 1585 „B“.
1073 1556 1204 1577 averso
1235 1555 1267 1575 a.
1306 1562 1348 1568 —-
1389 1545 1523 1585 impetu
1553 1543 1579 1574 A
1604 1543 1652 1582 (Β
1678 1553 1697 1574 a
1723 1555 1758 1585 p.

219 1591 285 1631 m.)
307 1591 445 1622 GVRH
466 1590 638 1633 „Angl.“.
675 1608 714 1612 »-
750 1600 781 1621 v.
808 1591 838 1620 3.
874 1590 946 1630 Quo
971 1590 1086 1621 modo
1114 1591 1203 1630 (oin.
1229 1593 1298 1626 me)
1318 1589 1362 1620 R.
1396 1606 1437 1611 —
1475 1588 1621 1619 detrusti
1643 1587 1761 1627 „Sea-

218 1634 353 1677 liger.“
379 1635 551 1667 Sehneid.
596 1652 630 1657 —-
667 1645 697 1665 v.
717 1635 749 1665 4.
781 1634 880 1665 nulla
910 1634 1065 1676 inquam
1090 1634 1131 1665 G.
1181 1634 1281 1664 nulla
1308 1643 1426 1675 quem
1450 1631 1633 1672 „Bothius
1655 1631 1760 1663 infir-

218 1690 314 1711 mam
340 1680 384 1711 ob
411 1680 598 1711 causam.“
621 1678 793 1710 Schneid.
831 1696 872 1701 --
906 1689 937 1710 v.
957 1681 990 1709 5.
1028 1678 1080 1709 vis
1105 1678 1204 1709 nulla
1229 1678 1418 1709 auctoritas
1447 1678 1534 1717 (om.
1562 1677 1681 1712 nulla)
1703 1678 1757 1708 vl.

218 1742 259 1747 —
295 1736 328 1756 v.
360 1727 390 1756 6.
427 1726 462 1756 in
495 1725 636 1756 iuventa
665 1724 779 1765 potuit
810 1722 849 1755 P.
890 1740 932 1745 —
977 1733 1008 1753 v.
1037 1726 1070 1754 7.
1108 1723 1275 1762 lebefccit
1309 1722 1352 1753 G.
1384 1740 1419 1744 —
1468 1732 1500 1752 v.
1528 1723 1559 1751 8.
1596 1721 1759 1753 clementi

217 1769 429 1809 ‚‚Botl1ius“
456 1768 629 1801 Scllneid.
682 1768 843 1799 demente
873 1767 912 1798 A.
939 1786 982 1791 -—
1020 1777 1051 1797 v.
1086 1770 1136 1798 10.
1174 1767 1234 1798 dii
1264 1777 1396 1809 negare
1420 1766 1475 1797 cui
1496 1765 1584 1796 nihil
1609 1765 1645 1797 S.
1694 1765 1759 1797 dit

216 1825 348 1857 negare
380 1815 435 1845 cui
469 1815 521 1845 nil
553 1823 632 1854 v-g.
690 1812 736 1843 (le
761 1822 892 1855 negare
918 1812 973 1843 cui
996 1812 1084 1843 nihil
1110 1812 1134 1842 V
1163 1811 1211 1851 (B
1239 1822 1317 1852 sup.
1345 1812 1374 1848 i)
1410 1810 1757 1851 montepessulanum

217 1869 274 1900 ap.
297 1859 471 1890 Schneid.
493 1858 567 1890 NR.
616 1857 803 1899 denegare
824 1857 879 1887 cui
901 1856 963 1887 nit
985 1857 1024 1887 A.
1069 1857 1124 1887 cui
1148 1856 1253 1887 nichil
1278 1856 1314 1887 di
1337 1866 1469 1898 negare
1496 1854 1538 1886 G.
1571 1871 1605 1878 -—
1641 1865 1674 1885 v.
1704 1857 1756 1886 11.

216 1915 268 1935 me
295 1915 433 1946 neg-are
459 1906 511 1934 vl.
547 1919 589 1925 —·
627 1913 659 1932 v.
685 1903 737 1931 12.
776 1902 884 1944 Ergo
911 1901 960 1932 bis
991 1900 1251 1932 As-zGSMNR
1274 1901 1394 1943 (Ergo
1419 1900 1520 1931 annis
1543 1899 1593 1930 bis
1620 1900 1756 1932 tricenis

214 1939 438 1987 ,‚Bot11ius.“
463 1946 667 1986 Schneid.)
697 1964 739 1968 -—
770 1946 930 1987 trigenis
956 1945 986 1976 G
1007 1945 1052 1985 (V
1073 1956 1093 1977 a
1112 1956 1183 1976 sec.
1205 1945 1283 1984 nn).
1329 1945 1484 1976 trecenis
1510 1943 1548 1975 Ρ.
1584 1961 1618 1966 -
1646 1955 1676 1976 v.
1704 1946 1755 1975 13.

217 2004 234 2024 c
277 1993 363 2023 Lare
402 1992 576 2022 Schneid.
643 1990 731 2021 Lare
769 1993 861 2027 [om.
901 1993 935 2027 e)
973 1990 1060 2021 Mss.
1095 1993 1130 2021 et
1170 1989 1259 2019 Edd.
1322 1999 1365 2020 ex
1405 1989 1495 2020 Lare
1531 1987 1756 2027 „Homine-‘⁶

215 2036 387 2068 Selineid.
411 2035 567 2076 „Scribo
593 2036 632 2066 E.
650 2034 691 2065 R.
715 2035 834 2065 Lared
857 2044 1015 2076 egressus
1039 2045 1111 2064 meo
1135 2033 1241 2064 metri
1268 2033 1570 2063 eausa.“Meurs.
1587 2050 1627 2054 —
1652 2043 1686 2063 v.
1703 2035 1755 2065 14.

216 2082 352 2113 (Ionium
375 2080 584 2112 adnectitur
611 2078 731 2110 versui
756 2076 986 2109 antecedenti
1012 2076 1046 2107 in
1065 2077 1150 2108 Mss.
1166 2077 1277 2108 visst.
1293 2094 1333 2099 -—-
1358 2077 1431 2107 min
1443 2088 1482 2107 us
1494 2076 1566 2107 AN.
1590 2095 1631 2100 —
1656 2088 1687 2110 v,
1704 2079 1755 2109 l5.

216 2136 286 2157 oni,
306 2124 377 2157 ΡΝ.
402 2143 444 2147 -
472 2136 503 2155 v.
533 2126 582 2155 16.
608 2123 828 2154 inmoderato
848 2120 888 2152 N.
914 2139 957 2144 —
981 2122 1015 2152 in
1040 2122 1133 2152 bona
1158 2121 1197 2151 A.
1214 2138 1251 2143 —-
1277 2131 1384 2161 acque
1407 2120 1538 2159 „deleo
1562 2121 1648 2153 libri
1672 2122 1755 2155 fide.

215 2170 390 2202 Libenter
411 2169 507 2201 enim
528 2171 563 2200 et
583 2168 711 2199 crebro
732 2166 786 2199 sio
812 2169 965 2198 veteres.
1002 2166 1040 2197 ln
1065 2164 1252 2206 Priapeisz
1279 2165 1374 2205 Quae
1394 2176 1491 2197 succo
1514 2171 1606 2198 caret
1631 2172 1755 2209 atque

1016 2285 1086 2313 tus
1108 2280 1397 2324 permutatio:
1417 2305 1424 2311 .
1440 2303 1448 2312 .
1473 2280 1628 2322 minima,
1649 2293 1753 2324 quum

1016 2337 1076 2357 nec
1104 2327 1226 2358 civitas
1245 2336 1304 2356 nec
1327 2325 1466 2356 libertas
1490 2327 1673 2366 amittitur,
1694 2328 1755 2360 sed

1017 2375 1158 2403 status
1181 2370 1310 2411 prioris
1332 2370 1514 2410 qualitatis
1538 2370 1751 2404 immutatur.

217 2297 245 2317 c.
271 2287 312 2325 4,
338 2287 358 2325 ἓ
384 2288 435 2317 17.
478 2285 565 2316 Erat
590 2283 652 2315 hic
685 2293 815 2315 census
840 2293 950 2324 eque-

216 2335 303 2362 ster.

259 2378 290 2406 3.
340 2385 372 2407 v.
398 2377 417 2405 3
469 2373 626 2405 extremis
660 2370 825 2411 sensibus]
866 2369 948 2410 „CR

214 2418 392 2450 Bartllius
418 2418 461 2449 ad
487 2417 678 2449 Clandiau.
704 2428 737 2458 p.
762 2417 853 2455 352..
887 2414 949 2456 qui

214 2469 379 2496 extremos
410 2474 527 2495 sensus
553 2461 713 2503 explieat
744 2471 809 2502 per
833 2470 951 2491 sensus

215 2509 251 2539 in
278 2514 429 2540 extrema
454 2509 605 2540 aetate.“
633 2506 745 2537 ZEwN.
776 2523 811 2527 —
832 2504 948 2536 Immo

214 2552 309 2584 idem
346 2557 400 2584 est
435 2564 477 2584 nc
514 2551 748 2593 deficientibus
785 2549 948 2581 sensibus.

214 2596 268 2628 Cf.
303 2597 406 2629 Caes.
432 2598 473 2629 B.
501 2597 543 2627 G.
571 2596 617 2635 ll,
642 2597 698 2626 25.
732 2596 769 2625 et
799 2593 948 2625 Sneton.

213 2641 297 2673 Ner.
325 2645 355 2672 6.
392 2643 463 2679 (in)
501 2640 702 2673 extremis
735 2639 806 2670 suis
836 2638 948 2677 rebus,

214 2690 249 2717 et
275 2687 411 2718 Catull.
437 2689 493 2725 51,
516 2688 547 2717 6.
574 2685 664 2728 quoti
689 2694 803 2715 omnes
831 2683 948 2724 Eripit

213 2741 358 2762 sensns
395 2732 495 2770 mihi,
533 2735 567 2761 et
602 2728 741 2760 similia
772 2726 860 2759 ibid.
890 2729 946 2765 66,

211 2776 266 2805 25.
298 2775 403 2806 Ovid.
429 2776 578 2806 Metam.
601 2773 667 2811 111,
691 2774 770 2803 631.

256 2828 289 2849 v.
310 2822 340 2850 6.
376 2820 417 2851 de
442 2819 548 2860 statu]
577 2829 626 2850 sc.
648 2814 947 2849 existimationis.

214 2860 269 2893 Cf.
302 2862 432 2894 Boeth.
460 2864 503 2895 ad
530 2862 623 2904 Top.
649 2862 703 2901 11,
732 2873 766 2903 p.
792 2862 859 2892 302
884 2860 946 2891 Or.

219 2906 351 2948 Capitis
377 2908 565 2941 deminutio
588 2911 636 2940 est
666 2905 832 2949 prioris
862 2908 947 2937 sta-

1018 2416 1232 2446 nabebatur
1268 2418 1389 2445 antem
1420 2424 1479 2445 ars
1506 2414 1654 2447 mimica
1685 2426 1750 2457 pro

1017 2464 1169 2500 quaestu
1200 2458 1361 2490 sordido.
1398 2458 1476 2489 vid.
1499 2458 1604 2490 Rein.
1624 2460 1749 2492 Roem.

1016 2503 1115 2537 Priv.
1139 2504 1181 2535 R.
1204 2515 1237 2546 p.
1264 2505 1324 2534 107
1347 2513 1422 2543 sqq.

1060 2580 1092 2601 v.
1114 2572 1144 2601 9.
1180 2567 1373 2610 summissa]
1399 2567 1451 2598 Cf.
1478 2566 1552 2598 Cic.
1577 2567 1677 2599 Orat.
1698 2570 1748 2610 17,

1015 2616 1069 2645 56.
1113 2615 1208 2646 I‘olet
1238 2613 1296 2644 ille
1320 2613 1378 2654 qui
1407 2612 1622 2652 eloquentiae
1650 2614 1749 2656 prin-

1015 2660 1165 2699 cipatum
1187 2661 1279 2699 petet
1304 2661 1335 2687 et
1358 2660 1516 2687 contenta
1543 2667 1622 2688 voce
1653 2662 1747 2690 atro-

1014 2703 1097 2735 citer
1119 2702 1230 2733 (licere
1255 2705 1285 2732 et
1315 2700 1537 2732 summissa
1563 2701 1696 2735 leniter.

1060 2778 1090 2799 v.
1117 2769 1169 2798 12.
1204 2766 1276 2798 sine
1299 2765 1395 2806 nota]
1430 2764 1453 2796 i.
1480 2776 1511 2797 e.
1543 2767 1615 2799 sine
1644 2768 1747 2811 igno-

1014 2811 1143 2852 minia,
1170 2813 1210 2842 ut
1235 2809 1287 2841 ait
1312 2809 1385 2841 Cic.
1413 2821 1446 2851 p.
1474 2809 1615 2843 Cluent.
1638 2813 1701 2853 46,
1730 2811 1746 2853 §

1014 2859 1101 2895 129„
1117 2855 1178 2887 ubi
1204 2854 1314 2886 etiam
1341 2854 1497 2896 legitur:
1518 2856 1550 2887 Is
1575 2857 1748 2890 censoriae

1013 2900 1206 2934 severitatis
1227 2904 1326 2933 nota
1347 2910 1416 2932 non
1439 2899 1582 2933 uretur?
