1843 3163
347 44 821 88 SATURNALIORUM
857 45 957 86 LlB.
989 46 1078 86 Vll.
1115 46 1233 88 CAP.
1271 47 1342 86 ΙΙΙ.
1531 48 1608 88 571

76 156 262 198 nonnulla
292 156 470 205 dixisset,
501 170 592 197 {nox
621 156 809 198 subiecit:
839 157 918 198 Sed
943 164 976 198 et
1003 171 1074 197 nos
1097 157 1144 197 de
1172 157 1291 197 isdem
1314 157 1524 198 seminibus
1547 171 1611 198 su-

71 226 176 261 mus,
225 218 264 254 et
302 226 441 254 omncs
481 213 630 266 pariter
668 213 790 253 laetos
829 212 928 253 fecit.
992 212 1059 252 llla
1092 226 1183 252 vero
1215 218 1430 253 scommata
1461 213 1611 253 directa
1627 214 1675 254 21

71 268 221 309 laetitia
250 282 339 310 euin
370 269 407 309 in
435 282 553 322 quein
586 268 776 308 dicuntur
804 268 1031 315 infundunt,
1063 269 1093 307 si
1128 269 1252 308 xiruni
1286 269 1426 308 l'ortein
1460 269 1611 323 vitupe-

70 337 132 365 res
161 325 274 378 quasi
305 325 443 365 salutis
473 338 567 365 suae
598 325 808 378 prodigum
841 330 880 364 et
912 336 982 376 pro
1013 323 1098 362 aliis
1123 325 1221 364 niori
1255 324 1464 373 volentem,
1482 330 1552 365 aut
1579 326 1611 366 si

70 380 262 421 obieceris
295 381 443 422 liberali
476 381 583 433 quod
621 394 682 420 res
712 393 802 419 suas
835 378 1050 432 profundat
1083 379 1214 419 minus
1244 380 1316 419 sibi
1352 393 1470 433 quarn
1501 381 1677 436 aliis12141

390 437 453 476 Sic
493 442 532 476 et
573 436 774 487 Diogenes
811 434 1077 475 Antisthenen
1117 436 1331 488 Cynicum,
1379 436 1609 489 magistrun]

68 504 199 541 suuni,
226 493 378 533 solebat
409 492 528 533 veluti
562 490 823 545 vituperando
850 490 1023 530 laudare.
1083 491 1172 544 Ipse
1201 507 1269 538 me,
1301 490 1441 539 aiebat,
1465 494 1611 533 mendi-

67 562 154 588 cum
180 551 270 602 fecit
299 565 348 590 ex
376 550 494 590 (licite
522 555 555 587 et
575 561 654 602 pro
679 548 809 601 ampla
839 547 950 586 domo
979 547 1019 586 in
1046 546 1149 586 dolio
1171 549 1260 600 s'eci'l
1282 547 1466 587 habitare.
1526 548 1610 587 Me-

66 601 143 643 lius
167 610 298 645 autem
331 605 402 645 ista
431 602 589 644 dicebat
614 615 733 655 quani
768 602 798 642 si
829 602 998 643 diceret:
1032 602 1179 643 Gratus
1208 604 1269 643 illa·
1295 617 1392 650 snm,
1417 603 1508 657 quia
1533 604 1614 658 ipse

64 672 124 700 me
151 660 425 715 philosophum
452 667 486 700 et
521 666 806 699 consummatae
842 659 996 699 virtutis
1023 659 1154 698 virum
1177 660 1278 712 fecit.
1342 659 1471 712 Ergo,
1520 672 1609 698 (zum
1626 660 1678 700 2⁴.)

63 727 188 755 unum
227 730 373 756 nomen
412 714 640 755 scommatis
686 714 754 762 sit,
797 713 940 754 diversi
976 713 1015 753 in
1054 727 1101 753 eo
1143 714 1399 755 continentur
1435 715 1610 754 effectus.

63 770 160 811 Ideo
192 771 297 825 apud
329 770 669 812 Lacedaemonios
702 771 806 811 inter
835 775 965 811 cetera
996 775 1157 810 exactae
1188 771 1290 811 vitae
1320 770 1504 810 instituta
1535 769 1611 811 hoc

63 838 227 880 quoque
261 828 432 868 exercitii
461 840 585 880 genus
612 840 633 867 a
662 827 844 881 Lycurgo
879 831 939 866 est
969 825 1219 876 institutum,
1263 832 1308 867 ut
1338 826 1610 866 adolescentes

61 887 102 922 et
139 888 358 923 scommata
397 883 482 923 sine
519 895 656 922 morsu
697 882 828 922 dicere
865 889 903 922 et
948 882 996 922 ab
1038 881 1124 922 aliis
1166 882 1205 922 in
1241 882 1278 922 se
1318 882 1423 922 dicta
1459 881 1610 935 perpeti

62 936 281 978 discerent:
314 952 358 978 ae
388 939 418 979 si
447 937 536 992 quis
568 951 707 978 eorum
738 938 776 978 in
806 937 1119 990 indignationem
1152 938 1202 978 ob
1234 938 1311 977 tale
1338 938 1489 977 dictum
1518 951 1609 990 pro-

60 992 195 1047 lapsus
235 993 394 1043 fuisset,
440 993 607 1034 ulterius
648 994 682 1034 ei
722 994 760 1034 in
798 994 967 1033 alterum
1006 993 1137 1033 dicere
1171 1007 1251 1034 non
1285 993 1439 1034 licebat.
1505 992 1676 1034 Cum23

59 1062 153 1103 ergo
194 1049 349 1098 videas,
396 1050 447 1090 nii
488 1049 641 1090 Avieno
691 1049 947 1103 (instituenda
986 1054 1045 1089 est
1083 1048 1187 1089 enim
1227 1048 1494 1090 adolescentia
1528 1054 1610 1098 tua,

60 1117 164 1158 quae
193 1105 247 1146 ita
279 1105 419 1147 docilis
451 1111 580 1146 estut
609 1104 796 1146 discenda
827 1104 1079 1160 praecipiat),
1117 1118 1207 1146 cum
1236 1105 1393 1155 videas,
1431 1104 1608 1159 inquam,

70 437 328 477 consulendo.

1114 1227 1205 1260 Edd.
1233 1227 1518 1270 vieahgspdzb]

57 1282 141 1315 sius
159 1281 307 1314 vih-bP.
326 1299 365 1304 —
394 1293 433 1314 ex
461 1282 618 1314 ortulano
644 1283 766 1315 dives
790 1282 867 1315 Sar.
975 1285 1028 1314 21.
1065 1294 1147 1315 cum
1173 1284 1207 1314 in
1230 1293 1325 1325 quem
1349 1285 1403 1313 vl.
1453 1282 1487 1314 in
1513 1294 1609 1325 quem

56 1328 382 1365 (on1.eum)v3.—
408 1327 642 1367 „offundunt
668 1328 725 1358 vel
747 1327 984 1369 perfundunt
1004 1338 1133 1358 sensus
1155 1327 1477 1369 postulatf‘Zeun.
1492 1345 1535 1350 —
1553 1328 1610 1359 Sic

57 1375 88 1404 et
110 1371 294 1414 Diogenes]
321 1369 375 1402 Cf.
404 1370 500 1402 l'lur.
529 1371 553 1402 1.
572 1382 615 1407 e.,
642 1374 673 1402 7.
698 1389 740 1394 —
766 1371 990 1404 Antisthenen
1014 1372 1113 1403 Am.
1162 1371 1404 1403 Antisthenem
1431 1370 1520 1402 Edd.
1542 1371 1608 1403 PS.

56 1416 267 1448 antistitem
292 1419 390 1456 (sup.
421 1415 503 1446 add.
528 1415 727 1453 aristidem)
754 1415 820 1447 112.
848 1433 892 1439 —
920 1417 1019 1448 velat
1045 1414 1081 1446 S.
1109 1432 1148 1438 —
1180 1416 1254 1457 Ipse
1285 1416 1393 1447 enim
1422 1416 1511 1454 (om.
1538 1419 1609 1453 me)

57 1458 128 1501 i-g.
156 1476 189 1482 —
224 1470 242 1491 e
266 1460 374 1491 divite
400 1469 477 1502 v—g.
510 1477 544 1482 —
573 1460 707 1491 dicebat
730 1460 798 1492 ista
824 1460 890 1490 He
919 1478 960 1483 —
992 1461 1082 1502 qa'p
1106 1470 1158 1491 me
1186 1460 1253 1490 112.
1290 1477 1331 1482 -
1365 1459 1607 1502 philosophum

57 1514 110 1536 me
140 1514 171 1536 v.
213 1521 255 1526 —
293 1508 550 1535 consummatae
574 1505 665 1535 vite
690 1504 830 1536 virtutis
855 1504 921 1534 112.
1061 1506 1115 1534 22.
1155 1504 1373 1535 continentur
1397 1504 1431 1534 in
1455 1515 1492 1535 eo
1528 1514 1606 1544 v-g.

56 1566 100 1572 —
136 1548 284 1590 effectus
309 1547 348 1579 P.
371 1565 417 1570 —
442 1548 537 1589 apud
565 1547 870 1590 Lacedaemonios]
898 1547 954 1580 Cf.
978 1548 1076 1579 Plut.
1104 1548 1126 1579 Ι.
1155 1559 1195 1587 c.‚
1222 1550 1253 1579 4.
1281 1565 1324 1570 —
1350 1548 1512 1580 dicerent
1537 1547 1606 1579 112.

57 1608 100 1615 —
133 1592 414 1636 indignationem
438 1595 528 1629 (oin.
553 1591 605 1629 in)
632 1591 669 1623 S.
809 1594 864 1623 23.
906 1593 995 1624 enim
1022 1603 1090 1624 om.
1117 1592 1157 1623 A.
1185 1610 1225 1616 —
1253 1591 1412 1624 dicenda
1438 1591 1539 1624 Affl.
1562 1609 1606 1615 -—

60 1709 93 1738 9.
134 1706 150 1747 5
186 1708 260 1738 78.:
306 1706 509 1738 Semiramis
545 1716 591 1738 ea:
627 1706 798 1738 ancilla
910 1712 948 1740 ut
1012 1708 1243 1740 adolescentes
1425 1706 1607 1749 discerent]

57 1761 202 1794 regnum
237 1751 405 1793 apiscens.
453 1750 682 1791 Quamquam
716 1761 796 1781 cum
866 1753 1093 1793 >,Scomnuzta
1130 1753 1203 1783 sine
1237 1761 1350 1783 morsu
1387 1750 1535 1782 videtur
1571 1750 1607 1782 id

58 1795 126 1827 hac
151 1794 293 1827 ratione
319 1794 438 1826 minus
461 1798 667 1836 congruunt
689 1795 798 1826 werba
866 1807 947 1829 esse
994 1796 1087 1837 quod
1136 1796 1229 1827 dixit
1269 1795 1492 1826 Plutarchus
1536 1794 1607 1837 Ly-

60 1840 102 1872 de
125 1839 232 1872 isdem
255 1839 440 1871 seminibus
463 1850 590 1870 sumus.
868 1851 981 1881 cui-go
1009 1841 1054 1882 [c.
1082 1840 1167 1881 12.]:
1213 1838 1356 1877 Παίζειν
1387 1837 1524 1878 εἴθιζον
1547 1837 1609 1871 καὶ

105 1884 206 1925 quasi
240 1882 456 1926 degenerem]
495 1883 557 1914 Sic
593 1893 661 1914 non
699 1887 798 1914 recte
867 1883 1040 1916 σκώπτειν
1086 1880 1172 1916 ἄνευ
1217 1882 1450 1925 βωμολοχίας.
1515 1882 1606 1915 =Nam

61 1927 245 1960 redditum
273 1932 330 1958 est
356 1927 556 1959 Graecum:
588 1924 736 1966 σκώψας
761 1923 798 1958 δὲ
866 1929 934 1961 fuit
968 1929 1064 1960 alias
1093 1933 1201 1960 acuta
1233 1932 1269 1959 et
1300 1928 1468 1959 aculeata
1494 1926 1608 1958 Lace-

63 1968 130 2004 τὸν
154 1971 260 2013 φίλον
281 1971 347 2003 τοῦ
371 1967 544 2013 ἡγεμόνος
572 1969 634 2008 εἰς
659 1967 803 2012 δυσγέ-
870 1973 1145 2005 daemoniorum
1199 1971 1324 2003 dictio.
1395 1971 1472 2003 vid.
1519 1971 1608 2003 Plu-

59 2025 192 2048 νειαν.
263 2015 314 2046 De
358 2015 543 2057 particula
587 2015 688 2057 quasi
728 2014 800 2047 vid.
871 2016 984 2049 tareh.
1024 2016 1182 2058 Sympos
1231 2015 1284 2054 11,
1327 2017 1360 2054 1,
1397 2016 1430 2047 4.
1490 2015 1606 2047 Verba

61 2063 135 2091 not.
160 2059 327 2100 ad§12.
869 2061 1012 2093 Graeca
1051 2065 1150 2092 sunt:
1199 2059 1249 2091 Εἰ
1289 2056 1328 2091 δέ
1370 2070 1422 2096 τις
1464 2054 1609 2091 ἀπείποι

104 2106 159 2135 21.
196 2104 332 2136 laetitia
357 2114 432 2135 cum
458 2126 489 2134 ..
513 2102 719 2144 infundunt]
744 2101 799 2134 Cf.
870 2101 1131 2146 σκωπτόμενος,
1155 2099 1271 2141 εὐθὺς
1294 2099 1313 2134 ὁ
1337 2099 1509 2135 σκώπτων
1533 2100 1608 2135 ἐπέ-

60 2149 132 2190 54.
158 2151 194 2180 et
222 2159 251 2180 c.
277 2151 308 2179 5.
334 2149 354 2188 ἓ
382 2148 433 2178 14.
461 2147 541 2179 vino
572 2148 758 2187 infusus·
866 2159 1007 2187 παντο,
1064 2157 1158 2190 quae
1205 2148 1369 2190 pressius
1419 2147 1608 2180 intuenda.

104 2192 230 2224 salutis
256 2203 338 2224 suae
361 2190 565 2234 prodigum]
590 2191 645 2223 Ct'.
666 2192 797 2223 Horat.
866 2193 943 2225 Non
972 2192 1083 2225 aliter
1109 2204 1216 2235 quam
1247 2191 1473 2224 Meci-obium
1502 2191 1608 2232 capio

61 2236 129 2269 od.
149 2236 178 2275 l,
200 2239 253 2276 12,
271 2238 313 2268 37
334 2246 385 2277 sq.
413 2237 626 2277 Animaeque
646 2246 799 2278 magnae
867 2237 1104 2269 Heraclidem
1151 2237 1365 2269 Ponticum:
1423 2235 1609 2267 Μελετῶσι

64 2281 301 2323 Prodigum
332 2280 504 2311 Paullum.
866 2279 904 2314 δὲ
937 2278 1092 2322 ἐμμελῶς
1132 2280 1192 2313 καὶ
1225 2277 1396 2313 σκώπτειν
1427 2278 1488 2312 καὶ
1521 2277 1608 2311 σκιό-

104 2323 344 2366 philosophum
374 2328 405 2355 et
437 2328 695 2355 consummatae
723 2324 797 2355 vir-
865 2326 1060 2357 πτεσθαι.“
1077 2325 1189 2357 Poxr.
1217 2344 1260 2350 —
1288 2324 1375 2356 Vide
1403 2335 1446 2356 ne
1463 2324 1607 2356 Macro-

59 2368 145 2401 tutis
169 2367 293 2407 virum]
320 2366 375 2398 Cf.
401 2368 420 2405 ἓ
449 2369 496 2398 16.
529 2378 797 2399 consumma·
866 2370 948 2401 hius
985 2369 1083 2401 haud
1118 2373 1218 2402 recte
1254 2368 1483 2401 intellexerit
1521 2368 1607 2399 Plu-

60 2417 199 2445 tarum
243 2411 446 2443 divitiarum
484 2411 591 2442 viro.
649 2411 799 2442 Plutar-

62 2456 153 2488 chus
174 2466 203 2487 c.
221 2459 268 2493 7.,
290 2465 324 2496 p.
342 2456 418 2486 632.
436 2453 493 2485 R:
509 2449 574 2491 “Os
592 2464 635 2495 με
659 2462 706 2485 σο
719 2451 803 2496 <pov

62 2498 139 2532 καὶ
197 2495 398 2540 αὐτάρκη
453 2495 525 2529 καὶ
578 2495 799 2539 μακάριον

60 2542 213 2585 ἐποίησε.

105 2590 160 2619 22.
209 2587 299 2619 inter
322 2590 432 2618 cetera
459 2589 601 2618 exactae
626 2586 719 2618 vitae
743 2586 798 2618 in-

61 2631 197 2674 stituta]
237 2630 422 2662 Fontanus
461 2629 615 2662 contulit
650 2629 796 2661 Petron.

61 2675 138 2708 Sat.
163 2678 196 2707 5.
231 2675 327 2707 Artis
354 2684 493 2706 severae
517 2675 547 2706 si
574 2674 650 2716 quis
677 2674 798 2707 hamat

61 2720 221 2761 effectus,
259 2719 475 2760 Mentemque
507 2718 648 2762 magnis
678 2718 796 2760 appli-

62 2767 138 2802 cat,
174 2763 273 2806 prius
313 2773 428 2795 amore
469 2762 703 2805 Frugalitatis
741 2762 796 2794 le-

60 2816 152 2849 gem
173 2807 285 2849 pellat
310 2811 525 2846 exactam,
568 2806 630 2839 ubi
649 2806 796 2839 Ouden-

62 2851 164 2892 dorp.
188 2850 319 2882 habet:
345 2874 375 2883 ..
390 2874 398 2882 .
426 2860 536 2883 mores
559 2850 798 2895 Frugalitatis

64 2894 163 2937 lege
184 2893 297 2937 poliat
320 2898 489 2927 exacta.

865 2413 986 2445 tarchi
1002 2414 1112 2446 verba
1128 2425 1220 2456 quae
1239 2414 1412 2455 leguntur
1427 2424 1457 2454 p.
1473 2413 1549 2443 631.
1564 2410 1606 2443 F.

866 2461 902 2489 et
933 2457 968 2489 in
1006 2458 1062 2489 ed.
1094 2456 1350 2500 Wyttenbach.
1391 2456 1445 2487 sic
1476 2454 1606 2487 Latine

866 2500 1009 2533 reddita
1034 2505 1135 2532 sunt:
1174 2501 1265 2533 Nam
1290 2502 1320 2532 si
1349 2501 1424 2541 quis
1453 2499 1607 2541 iniquius

859 2547 988 2585 ferret,
1025 2546 1114 2578 alter
1146 2545 1263 2577 statim
1293 2543 1474 2576 mordendi
1495 2545 1605 2585 finem

860 2589 1031 2629 faciebat.

909 2640 1069 2682 ulterius]
1107 2640 1162 2673 cf.
1190 2651 1220 2673 c.
1246 2643 1283 2680 6,
1310 2642 1330 2681 §
1356 2642 1407 2680 4.;
1443 2651 1472 2675 c.
1496 2641 1556 2680 14,
1583 2642 1603 2681 §

866 2685 1017 2725 1635'1,
1041 2686 1074 2724 3,
1099 2686 1130 2717 9.
1178 2684 1317 2718 Comm.
1342 2685 1376 2725 1,
1405 2688 1464 2724 12,
1486 2687 1524 2725 13
1552 2687 1603 2725 13,

909 2794 965 2824 23.
1014 2790 1248 2824 adolescentia
1284 2789 1359 2832 tua]
1399 2787 1479 2821 Vid.
1516 2798 1601 2832 pro-

866 2836 967 2879 legg.
990 2847 1023 2878 p.
1044 2846 1123 2868 xnu
1145 2845 1198 2876 sq.

910 2899 947 2928 ut
970 2895 1133 2929 discenda
1153 2892 1361 2938 praecipiat]
1385 2891 1440 2924 Cf.
1463 2890 1480 2932 §
1509 2893 1536 2923 1.
