1843 3163
353 16 829 60 SATURNALIORUM
869 18 967 60 ΜΒ.
1005 19 1070 60 vl.
1107 19 1226 61 CAP.
1265 21 1334 62 lx.
1531 25 1614 64 541)

266 129 409 183 Nempe
437 128 540 169 lianc
568 143 728 170 currere
756 145 895 184 equum
921 146 990 172 nos
1021 140 1133 193 atque
1164 135 1337 186 equitare
1365 136 1548 175 'videmus

67 184 173 237 Ergo
210 189 250 223 ct
287 184 392 237 apud
428 184 647 234 Maronem,
679 185 747 239 qui
773 186 961 239 antiquae
990 188 1215 228 Latinitatis
1248 188 1414 243 diligens
1445 191 1531 240 suit,
1561 192 1611 232 ita
1633 193 1679 232 r.)

69 239 374 293 intellegendum
411 245 491 280 cst:

468 319 521 324 -—
551 305 664 351 atque
693 298 856 351 equitem
884 298 1049 338 (ΖΜ-ηενρ
1077 300 1146 339 snb
1178 303 1312 350 armis,

67 351 104 392 id
132 356 210 400 cst,
239 351 466 391 ‹lm-uerunt
495 365 642 404 equum
674 358 899 405 portantem
932 353 1133 393 hominem

266 407 463 447 Insultare
492 409 570 447 solo
601 416 633 449 et
661 423 815 462 pressus
839 409 1054 461 ylomerare
1082 412 1279 464 wperbos.

176 462 354 504 subiecit
387 463 584 503 Avienus:
1631 472 1676 510 13

265 541 321 547 —
353 519 447 559 Cion
478 520 556 559 inm
583 519 758 559 trabibus
785 527 986 560 contextus
1017 521 1170 560 acernis

264 575 393 615 Staret
424 590 554 628 equits.

63 629 171 669 Scire
207 629 344 670 vellem
384 629 422 668 in
465 629 557 683 equi
591 628 740 669 fabrica
779 642 929 669 casune
964 643 1012 669 an
1044 644 1090 670 ex
1130 631 1322 671 industria
1366 632 1439 671 ho«
1484 647 1609 683 genus

65 685 158 739 tigni
196 684 486 725 nominaverit?
545 686 646 726 Nam
688 684 780 725 licct
818 699 942 725 unum
984 699 1054 740 pro
1094 688 1275 740 quolibet
1313 688 1417 739 lif-gno
1463 702 1609 742 ponere

64 740 244 794 poeticae
280 740 463 781 licentiae
493 740 565 789 sit,
608 740 710 782 solet
747 746 879 781 tamen
916 741 1102 795 Virgilius
1134 744 1395 784 temeritatem
1429 744 1608 785 lieentia(—

62 810 143 837 non
172 809 325 846 muare,
350 796 420 838 sed
447 796 601 838 ratione
639 801 746 838 certa
776 797 852 838 vim
886 810 1016 838 rerum
1045 799 1102 839 vel
1131 800 1337 841 nominum
1367 800 1521 853 eligere.

724 881 749 911 *
820 905 846 937 *
917 882 942 912 *

1118 1002 1207 1035 ΕιΙιΙ.
1232 1003 1517 1046 vicahgspdzb.]

60 1061 136 1088 tare
160 1055 230 1087 ΑΡ.
279 1066 402 1098 equum
430 1060 469 1088 et
500 1055 654 1098 equitare
677 1054 823 1087 831123.
872 1067 994 1098 equum
1021 1062 1056 1090 et
1079 1069 1251 1090 currere
1274 1063 1311 1090 et
1333 1059 1489 1100 equitare
1516 1059 1607 1100 v-gb

63 1099 124 1132 P4.
164 1100 366 1140 „Melius-‘¹‘
392 1099 504 1131 Zeun.
540 1117 584 1122 —
625 1100 733 1141 Quis
761 1100 854 1132 hinc
878 1112 1013 1133 currere
1039 1101 1138 1133 Gen.
1192 1103 1319 1143 Queis
1346 1103 1447 1134 hunc
1474 1114 1609 1135 currere

61 1143 236 1176 Gerlach.
269 1162 301 1167 —
326 1149 431 1186 atquc
457 1155 537 1187 ego
564 1145 720 1186 equitare
743 1145 780 1176 Ρ.
902 1147 949 1176 12.
988 1150 1022 1177 et
1051 1157 1173 1188 equum
1201 1157 1267 1187 v-g
1294 1147 1436 1185 „Bon.‘'·
1461 1165 1502 1170 —
1524 1158 1606 1189 por-

61 1189 174 1220 tando
199 1188 266 1220 ΡΞ.
412 1190 461 1219 13.
511 1190 593 1220 Cam
623 1188 709 1230 ium]
749 1189 834 1220 Aen.
863 1188 917 1226 H,
951 1192 1021 1220 112.
1068 1208 1101 1212 —
1147 1191 1371 1222 temeritatem
1407 1192 1608 1233 poeticae

58 1232 218 1265 licentiae
253 1232 291 1263 S.
319 1251 360 1255 —
396 1233 536 1264 ratione
569 1238 668 1264 certa
707 1233 773 1264 eim
808 1244 919 1264 rernm
959 1234 1010 1265 vel
1043 1235 1218 1266 nominum
1253 1235 1384 1276 eligere
1419 1234 1551 1277 scripsi
1587 1246 1605 1265 c

58 1275 153 1308 coni.
210 1276 368 1308 rationis
393 1282 512 1307 certae
536 1277 605 1307 vim
631 1287 741 1307 rerum
768 1278 821 1308 vel
848 1278 1023 1309 nominum
1051 1279 1181 1321 eligere
1205 1290 1237 1309 v.
1285 1280 1418 1311 rationi
1446 1285 1539 1311 certe
1565 1280 1606 1310 in

57 1331 170 1352 rerum
202 1321 257 1352 vel
287 1321 461 1352 nominum
494 1321 622 1363 eligere
653 1320 769 1351 Mle&
817 1322 951 1353 rationi
983 1327 1104 1354 certae
1134 1323 1173 1354 in
1206 1334 1318 1354 rerum
1353 1324 1406 1355 vel
1430 1324 1605 1355 nominum

58 1365 187 1408 eligere
216 1365 294 1397 GR.
317 1364 356 1396 Α.
403 1365 540 1396 rationi
565 1369 683 1396 certae
709 1365 752 1396 in
776 1376 890 1396 rerum
913 1366 965 1397 vel
989 1367 1126 1398 nomine
1154 1367 1219 1398 ele.
1243 1378 1270 1398 s.
1319 1367 1454 1399 rationi
1477 1372 1605 1399 certae

57 1419 169 1441 rerum
196 1409 250 1441 oel
273 1409 448 1440 nominum
477 1409 606 1451 eligere
638 1408 698 1440 1’7.
747 1410 929 1441 rationem
963 1415 1104 1442 certam
1139 1421 1252 1442 rerum
1276 1412 1330 1442 vel
1355 1412 1527 1443 nominum
1562 1412 1604 1443 el.

58 1453 173 1493 „Rem
199 1452 264 1484 C'·‘.
311 1453 474 1485 rationis
503 1457 627 1485 certae
661 1453 705 1484 in
736 1464 846 1485 rerum
876 1455 929 1485 vel
956 1455 1130 1486 nominum
1160 1458 1250 1493 (om.
1281 1456 1429 1499 eligere)
1458 1455 1497 1487 P.
1542 1466 1603 1487 ra-

57 1498 149 1530 tioni
183 1502 279 1530 certe
316 1498 359 1529 in
388 1508 502 1528 rerum
530 1497 584 1528 vel
608 1497 791 1528 hominum
812 1498 1030 1530 electione
1055 1509 1227 1531 servare
1258 1498 1292 1531 S.
1342 1500 1500 1531 rationis
1530 1511 1602 1531 cer-

59 1546 127 1574 tae
152 1542 221 1573 vim
246 1542 285 1572 in
311 1552 424 1573 rerum
448 1542 501 1572 vel
523 1542 696 1572 nominum
720 1542 935 1573 electione
967 1553 1150 1574 servare.
1173 1543 1241 1585 i-g.
1292 1544 1449 1575 rationis
1475 1549 1599 1575 certae

58 1586 127 1617 vim
154 1586 194 1617 in
227 1596 341 1618 rerum
368 1586 421 1617 vel
445 1586 621 1616 nominum
654 1586 957 1626 positionibus
992 1597 1164 1618 servare
1199 1587 1276 1628 p-b.
1306 1604 1351 1610 —-
1383 1587 1493 1619 Nulla
1516 1587 1602 1618 sub—

58 1629 212 1670 scriptio
237 1634 294 1661 est
316 1628 352 1660 in
375 1629 547 1660 APSMm
611 1629 780 1660 Macrobii
809 1630 1033 1662 'I‘heodochii
1060 1631 1145 1661 liber
1169 1636 1285 1663 sextus
1310 1632 1460 1672 explicit,
1487 1632 1601 1672 sequi-

58 1679 114 1705 tur
145 1674 229 1705 liber
258 1674 422 1715 septimus
446 1673 610 1712 feliciter.
645 1672 705 1703 Pe.
760 1673 929 1705 Macrobii
963 1674 1148 1706 Theodosii
1181 1676 1461 1707 Saturnaliorum
1496 1676 1601 1706 liber

64 1718 160 1749 1111
184 1717 334 1759 explicit.
374 1717 537 1748 Eiusdem
562 1716 682 1757 incipit
705 1717 790 1748 liber
813 1719 993 1758 quintus
1017 1723 1047 1749 et
1073 1719 1227 1750 ultimus.
1253 1719 1313 1750 Me
1378 1719 1530 1759 Explicit
1555 1719 1599 1750 li-

59 1762 116 1793 ber
155 1766 368 1803 quartus,
410 1761 531 1802 incipit
566 1761 755 1802 quintus.
788 1760 849 1792 [²7.
910 1762 947 1793 Ιιι
983 1761 1057 1803 cing
1088 1763 1272 1794 adduntur
1305 1763 1455 1794 Arnoldi
1491 1763 1600 1793 Vesa-

59 1806 189 1837 liensis
217 1806 344 1837 verba:
388 1805 616 1845 „nolendum
644 1810 721 1836 erat
747 1805 929 1845 profecto,
955 1817 998 1837 ne
1023 1806 1119 1837 huuc
1144 1806 1289 1847 quidem
1317 1806 1450 1838 librum
1474 1806 1602 1838 haberi

58 1849 266 1892 integrum:
293 1849 323 1880 si
346 1860 439 1890 quac
464 1848 498 1879 in
526 1847 710 1890 prioribus
734 1848 839 1880 libris
862 1850 1131 1889 desiderantur,
1157 1861 1225 1882 non
1252 1850 1302 1882 ita
1329 1850 1452 1892 magni
1479 1854 1602 1882 essent

59 1895 243 1926 momenti.
292 1893 393 1925 Nunc
424 1892 729 1934 quemadmodum
765 1893 955 1934 graviores
991 1905 1242 1935 nonnunquam
1278 1895 1395 1926 morbi
1432 1905 1513 1926 esse
1542 1906 1601 1926 so-

59 1939 136 1970 lent
159 1937 194 1969 in
218 1948 351 1977 causa,
386 1942 425 1968 ut
450 1937 510 1978 qui
535 1937 665 1967 deinde
690 1937 806 1968 morbi
827 1938 1021 1977 accedunt,
1059 1950 1126 1970 non
1155 1939 1265 1970 facile
1292 1938 1512 1971 sentiantur:
1550 1939 1601 1970 ita

60 1982 357 2024 praecedentium
392 1981 568 2012 librorum
603 1981 727 2012 hiatus
756 1986 855 2013 tauto
885 1981 1057 2013 nimirum
1088 1983 1272 2014 studiosos
1303 1983 1443 2014 omneis
1475 1983 1600 2014 dolore

57 2026 242 2065 afliciunt,
269 2031 308 2057 ut
331 2025 392 2056 hic
417 2025 475 2056 vix
503 2026 601 2056 nlius
626 2036 707 2056 esse
731 2025 848 2066 possit
872 2026 990 2058 dolori
1018 2026 1159 2058 locus.“
1207 2027 1246 2058 ln
1274 2036 1293 2058 a
1321 2031 1480 2059 tantum:
1513 2026 1600 2065 „Fi-

58 2071 115 2102 nis
139 2070 281 2102 deest.“
330 2070 369 2101 ln
394 2081 410 2100 s
433 2074 636 2110 sequuntur
661 2069 695 2100 in
723 2070 849 2101 eadem
876 2070 974 2102 linea
997 2070 1167 2102 asterisci
1194 2071 1406 2108 duodecim,
1444 2075 1480 2102 et
1504 2071 1600 2103 infra

56 2119 139 2146 octo
164 2115 242 2147 alii.
291 2114 329 2145 ln
356 2114 421 2155 p-b
446 2113 694 2145 subiiciuntur
722 2113 860 2145 haecce
886 2124 906 2145 a
934 2114 1097 2146 Pontano
1125 2114 1270 2146 afficta:
1311 2117 1342 2152 ¹)
1376 2117 1431 2147 'Fu
1444 2127 1475 2146 m
1503 2117 1600 2147 Ser-

59 2159 176 2191 vius:
206 2159 298 2191 Νοη
329 2159 420 2190 sine
450 2159 624 2190 ratione
653 2158 883 2200 Vergilius
912 2159 1112 2190 hocloco
1140 2159 1321 2191 abietem
1354 2170 1599 2191 commemo-

58 2208 138 2243 rat,
163 2204 260 2236 item
288 2213 450 2234 acerem
476 2207 512 2234 et
535 2202 681 2244 pinum
708 2202 840 2244 paulo
867 2207 984 2244 post.-
1010 2214 1103 2234 nam
1127 2203 1370 2241 fulminata
1396 2204 1513 2234 abies
1536 2204 1598 2234 in-

58 2248 234 2280 teritum
268 2247 470 2278 dominae
505 2246 827 2288 significabat3
861 2251 900 2278 et
939 2247 1072 2279 Troia
1104 2258 1177 2289 per
1201 2248 1418 2287 seminam
1453 2248 1598 2288 periit.

60 2292 168 2322 Acer
202 2295 341 2322 autem
371 2292 413 2321 in
443 2291 589 2322 tutela
613 2290 821 2332 stuporis,
843 2295 879 2322 et
905 2291 999 2322 viso
1029 2301 1130 2332 equo
1156 2296 1364 2333 stupuere
1396 2291 1599 2327 'I'roiani;

59 2339 104 2366 ut
129 2333 229 2375 [Aen.
255 2333 390 2374 11‚31.]
422 2334 527 2365 Pars
554 2338 703 2374 stupet
737 2334 949 2375 innuptae
974 2335 1125 2366 «tonum
1151 2335 1333 2366 exitiale
1361 2335 1599 2366 Minervae.

63 2378 197 2410 Pinus
230 2377 400 2419 quidem
436 2377 476 2408 in
513 2377 651 2409 tutela
686 2382 744 2410 est
772 2378 931 2410 Matris
960 2378 1109 2418 Deum,
1138 2379 1274 2411 sedet
1304 2379 1528 2419 fraudium
1562 2385 1599 2410 ct.

104 2478 159 2507 13.
211 2475 306 2506 Scire
336 2474 457 2505 vellem
489 2474 523 2505 in
551 2474 629 2514 equi
655 2474 797 2514 fabrica
909 2476 1044 2508 ratione
1068 2480 1160 2507 certa
1183 2476 1252 2507 vim
1276 2501 1283 2507 .
1300 2500 1307 2507 .
1338 2475 1479 2518 eligere]
1524 2474 1599 2505 Nec

59 2519 143 2561 cet.]
180 2519 280 2550 Haec
316 2517 481 2559 quaestio
519 2517 614 2548 uude
651 2522 798 2558 sumpta
865 2519 1067 2560 genitivum
1113 2520 1261 2550 rationis
1307 2525 1439 2555 certae,
1492 2529 1599 2559 quem

60 2563 185 2602 fuerit,
213 2574 282 2594 non
314 2562 441 2603 liquet.
476 2559 567 2592 Nam
594 2561 687 2602 apud
709 2562 798 2592 Gel-
866 2562 944 2592 voci
986 2563 1053 2593 vim
1097 2562 1223 2593 deberi
1265 2562 1491 2604 putaverim,
1535 2573 1600 2592 nec

58 2607 170 2646 lium,
210 2617 231 2639 a
267 2617 336 2648 quo
374 2616 417 2638 ea
449 2615 542 2646 quae
578 2605 798 2636 antecedunt
865 2606 1027 2637 dativum
1081 2606 1212 2637 rationi
1264 2611 1376 2637 certae
1430 2605 1598 2645 equidem

59 2655 247 2683 mutuatus
297 2654 353 2681 est
406 2649 640 2687 Macrobius,
702 2648 795 2680 nihil
866 2659 1014 2690 possum
1062 2648 1317 2690 interpretari‚
1379 2653 1601 2690 quapropter

59 2694 240 2727 eiusmodi
272 2693 423 2736 legitur.
472 2693 658 2724 Pantanus
686 2703 795 2733 (μιιιιιι
865 2692 997 2733 scripsi
1021 2694 1156 2724 ratione
1180 2698 1282 2724 certa.
1332 2693 1434 2733 Quod
1457 2693 1491 2723 in
1521 2693 1598 2723 cod.

62 2739 176 2770 vellet
201 2738 351 2779 explere
377 2738 565 2776 lacunam,
595 2736 688 2769 adiit
713 2736 798 2767 Ser·
865 2737 892 2768 A
917 2735 1055 2777 legitur
1082 2736 1180 2775 GR„
1216 2736 1319 2777 quasi
1346 2740 1495 2767 secutus
1521 2737 1599 2767 fue-

61 2781 160 2813 vium
181 2782 225 2813 ad
251 2780 381 2823 virgil.
405 2781 492 2812 Aen.
516 2781 566 2821 ll,
593 2783 644 2812 16.
680 2781 798 2822 Quam
866 2779 914 2812 rit
938 2780 1040 2812 locus
1059 2780 1237 2819 Graecus,
1262 2780 1295 2811 id
1325 2790 1454 2811 censeo
1479 2784 1598 2811 ortum

61 2829 298 2866 praepostere
323 2825 392 2857 hoc
416 2825 555 2857 factum
584 2824 657 2863 sit,
692 2823 798 2857 docui
866 2835 948 2856 esse
974 2834 1015 2856 ex
1039 2822 1268 2856 antecedenti
1296 2824 1406 2856 verbo
1440 2824 1599 2867 eligere.

62 2869 98 2901 in
121 2869 288 2912 prolegg.
310 2880 344 2911 p.
369 2879 475 2908 xxxv,
499 2867 531 2899 δ.
