1865 3116
197 44 247 86 10
824 39 1100 82 MACROBII

189 156 274 196 alus
306 167 400 196 vero
429 157 469 192 et
496 149 771 205 Xanthippus,

812 152 957 206 quibus
987 152 1162 194 Pericles
1193 158 1304 207 pater
1335 153 1432 202 fuit,
1464 167 1554 194 eum
1584 153 1724 194 Prota-

189 225 284 266 gora
315 209 419 264 apud
451 208 659 248 Platonem
694 207 895 249 disserunt
929 209 1104 250 secundo
1134 209 1306 250 adventu
1333 209 1502 250 Athenis
1533 215 1725 258 morante,

190 282 291 322 quos
326 265 452 307 multo
485 269 576 305 ante
615 262 771 304 infamis
804 264 867 305 illa
898 265 1121 319 pestilentia
1150 265 1405 306 Atheniensis
1438 267 1724 320 absumpserat.

190 328 328 365 Annos
355 335 449 375 ergo
476 320 706 361 coeuntium
734 321 837 361 mitti
868 321 907 361 in
937 321 1081 375 digitos
1103 322 1283 377 exemplo
1303 322 1481 363 Platonis
1505 322 1620 362 nobis
1645 321 1724 361 suf-

152 380 365 433 Tfragmte
408 392 487 418 non
529 376 724 417 convenit.

799 377 893 428 Quo
937 383 1069 418 autem
1110 378 1261 419 facilius
1300 393 1402 433 quae
1442 379 1491 419 ab
1538 378 1724 419 omnibus

188 436 293 477 dicta
326 440 419 475 sunt
455 447 645 489 apparere
678 447 723 473 ac
760 434 911 475 secerni
948 439 1127 489 possent,
1171 434 1339 475 Decium
1368 435 1417 475 de
1448 433 1724 482 Postumiano,

187 493 349 547 quinam
386 491 450 531 ille
484 504 615 531 sermo
650 495 719 530 aut
760 490 861 530 inter
904 504 1005 544 quos
1041 490 1194 540 fuisset,
1239 491 1503 532 sciscitantem
1546 490 1723 531 fecimus.

185 550 239 590 Et
266 563 314 588 ne
343 547 493 588 diutius
520 545 679 587 lectoris
708 546 902 588 desideria
930 561 1142 596 moremur,
1171 547 1247 587 iam
1273 548 1385 588 Decii
1411 553 1450 587 et
1474 545 1723 587 Postumiani

185 619 315 646 sermo
348 604 475 659 palam
501 603 628 644 saciet
658 616 761 657 quae
797 603 915 644 huius
944 604 1133 659 colloquii
1162 604 1221 646 vel
1251 604 1361 659 origo
1391 603 1509 645 fuerit
1535 603 1595 644 vel
1624 602 1722 643 ordo

183 660 430 717 processerit.

274 806 377 849 [Mss.
403 803 555 837 ABGPS
583 804 640 846 (M
665 802 749 836 indo
775 815 794 836 a
822 815 900 847 cap.
922 805 1001 847 IL).

184 872 205 894 a
231 872 305 893 rec.
333 873 378 894 m.
407 864 507 903 qnos)
540 860 582 892 G.

183 924 226 930 -
253 907 370 939 seculo
395 906 548 938 adventa
574 904 610 936 S.
637 923 675 927 -—
711 906 909 945 pestilentia
934 906 1082 937 Athenis
1109 916 1189 947 v-g.

870 953 901 982 7.
947 950 1168 993 postumiano
1193 951 1283 992 (om.
1309 950 1368 987 dc)
1400 950 1440 981 P.
1488 949 1530 981 de
1561 949 1719 992 posthu-

182 951 265 983 add.
290 952 327 989 b)
354 950 390 982 S.
439 954 657 982 assumserat
691 948 731 980 B.

181 996 297 1028 miano
323 995 395 1034 (sie
421 995 572 1037 ubique)
599 993 740 1037 GSv-g.

180 1121 233 1153 De
276 1122 347 1153 hoc
386 1121 466 1153 loco
503 1120 699 1153 Fabricius
744 1119 780 1152 in
825 1120 917 1153 bibl.

181 1166 244 1198 Gr.
270 1167 341 1205 111,
365 1169 399 1207 1,
425 1168 480 1197 31.
511 1166 583 1197 vol.
608 1165 673 1197 111.
702 1177 736 1207 p.
768 1167 823 1197 21.
858 1166 914 1197 ed.

180 1211 313 1243 Hamb.
333 1213 437 1242 1716:
461 1210 659 1252 „Fallitur‚
685 1210 816 1252 inquit,
837 1210 917 1242 Ma.-

179 1256 340 1295 crohinm,
366 1255 396 1288 si
423 1266 549 1287 verum
575 1259 644 1293 est„
670 1256 764 1296 quod
788 1254 917 1287 Cicero

180 1301 217 1332 V.
243 1301 286 1332 de
312 1301 373 1332 fin.
399 1300 468 1342 [29‚
494 1299 566 1341 oh]
595 1304 630 1332 et
656 1300 682 1331 l.
708 1299 819 1332 Tusc.
846 1299 915 1343 [17‚

179 1348 240 1386 39,
283 1346 344 1377 ubi
373 1350 454 1387 post
485 1346 613 1377 verba:
656 1345 833 1377 Platonem
854 1346 914 1387 se-

179 1395 272 1430 runt,
296 1395 332 1422 nt
360 1390 599 1432 Pythagoreos
624 1394 854 1432 cognosceret³
879 1390 914 1421 in

182 1436 324 1467 Italiam
354 1435 485 1467 venisse
515 1434 602 1466 olim
635 1434 844 1475 legebatur:
883 1439 914 1466 et

178 1481 215 1512 in
241 1491 282 1512 ea
308 1491 382 1512 cum
412 1480 500 1511 alios
530 1480 654 1511 multos
681 1485 752 1511 tum
784 1478 914 1520 Archy-

178 1530 249 1558 tam
280 1526 524 1566 'Fimacumquc
556 1522 790 1567 cognovisse]‚
824 1523 914 1554 Hic-

178 1580 254 1602 ron.
295 1569 332 1601 iu
370 1569 473 1611 Apol.
515 1574 641 1600 contra
681 1568 802 1599 Rufin.
843 1579 912 1599 nou

176 1615 286 1656 longe
310 1615 353 1646 ah
380 1618 541 1645 extremo
565 1613 641 1655 [lib.
665 1613 730 1645 111.
752 1624 785 1654 p.
810 1612 911 1653 537];

175 1659 314 1700 aliique
352 1659 405 1700 [ut
440 1658 558 1689 Valet.
600 1657 693 1689 Max.
734 1656 832 1696 vlll,
879 1660 910 1696 7,

175 1706 196 1734 3
220 1703 305 1745 exn]
340 1707 522 1735 testantur
544 1700 740 1733 Timaeum
767 1700 863 1731 hune
890 1711 911 1732 a

175 1748 328 1780 Platone
356 1749 391 1779 in
420 1746 525 1779 ltalia
557 1745 672 1777 fuisse
697 1745 910 1783 auditum“;

174 1798 209 1825 et
234 1793 405 1835 Schweig,
395 1792 558 1823 ra'hinser.
582 1791 624 1822 ad
652 1790 782 1822 Athen.
808 1791 831 1822 1.
858 1801 887 1821 c.

175 1837 430 1878 ,,Μ.Ί(’,ι·οΙιίιι5,
463 1840 501 1868 ιιι
527 1836 663 1878 passim
689 1835 797 1874 alibi,
829 1834 910 1876 ipsa

174 1882 354 1914 Athenaei
385 1882 497 1912 urba
530 1881 574 1912 oh
605 1881 732 1911 oeulos
764 1858 911 1911 videtur

172 1927 359 1958 hahuisse.
407 1926 529 1967 Quare
554 1924 663 1956 etiam
699 1935 779 1955 cum
813 1924 908 1965 apud

172 1972 324 2003 eundem
350 1969 576 2001 Mam-obium
603 1970 775 2011 legantur
796 1969 909 2009 vulgo

173 2017 265 2048 haec
290 2016 417 2047 verba:
449 2015 619 2046 Inclntnm
644 2014 826 2055 dialogum
844 2014 908 2044 So-

172 2066 283 2093 crates
303 2060 423 2092 habita
449 2070 524 2090 cnm
551 2059 722 2090 Timaeo
748 2058 907 2099 ‹lisputa—

171 2106 263 2139 tiouc
296 2104 482 2142 consumit,
519 2114 603 2145 quos
630 2106 761 2134 constat
791 2102 906 2133 eodem

171 2150 283 2182 seculo
306 2161 373 2181 non
404 2149 531 2190 fuisse.-
560 2150 658 2179 recte
684 2145 828 2178 lousius
863 2146 906 2177 dc

172 2194 300 2236 script.
333 2193 421 2225 hist.
448 2192 582 2235 philos.
617 2203 647 2233 p.
676 2194 731 2222 36.
764 2190 905 2222 monuit

171 2250 240 2271 non
270 2240 410 2271 Timaeo
442 2237 505 2269 sed
536 2237 693 2269 Phaedro
726 2235 902 2276 5ινίιιιιιιιι

170 2283 378 2325 oportuisse
434 2285 631 2324 praeeunte
677 2281 890 2312 Athenaeo.

169 2329 271 2382 Apud
299 2339 404 2369 quem
439 2328 460 2358 1.
488 2338 517 2358 c.
548 2327 610 2367 leg·
597 2332 722 2357 untur
749 2325 902 2356 haecce:

169 2370 362 2404 Ἀδύνατον
387 2367 425 2403 δὲ
450 2369 510 2402 καὶ
537 2369 758 2422 Φαιδρον
766 2380 808 2401 ου
832 2366 902 2410 μό-

171 2428 237 2449 νον
260 2415 353 2448 κατὰ
381 2413 588 2468 Σωκράτην
605 2418 716 2455 εἰναι,
739 2410 841 2465 ἦπου
864 2424 903 2456 γε

170 2461 231 2493 καὶ
265 2458 445 2502 ἐρώμενον
472 2456 588 2492 αὐτοῦ
621 2470 674 2501 γε)
674 2455 827 2499 ονέναι,
867 2463 905 2491 ιιι

169 2518 255 2539 saue
281 2505 489 2539 Macrobius
519 2506 644 2548 lapsus
670 2516 750 2536 esse
777 2504 904 2536 videa-

171 2556 239 2584 tur.

213 2600 244 2627 6.
297 2596 447 2628 Paralus
488 2605 568 2626 vero
612 2599 643 2626 et
684 2594 904 2636 Xanthippus

171 2642 253 2683 cet]
285 2640 339 2672 Cf.
362 2640 456 2672 Plat.
482 2640 631 2682 I'rotag.
665 2650 698 2680 p.
723 2641 790 2670 310
814 2642 903 2671 extr.

171 2690 206 2717 et
232 2697 265 2727 p.
291 2687 357 2716 3le
381 2697 432 2726 sq.
459 2684 586 2726 Steph.
636 2683 736 2715 Haec
762 2695 904 2725 quoquc

171 2730 381 2761 Macrobius
423 2730 531 2762 debet
562 2729 767 2767 Athenaeo,
807 2728 902 2770 apud

171 2785 276 2815 quem
304 2774 443 2815 legitur
474 2775 496 2806 1.
524 2786 575 2806 e.:
622 2770 720 2804 Ἀλλὰ
753 2770 826 2814 μὴν
859 2770 902 2805 ου’

170 2816 347 2850 δύνανται
370 2817 583 2858 Πάραλος
608 2816 680 2850 καὶ
701 2815 901 2852 Ξάνθιπ-

170 2874 251 2900 πος
275 2861 319 2894 οὶ
354 2860 670 2904 Περικλέους
699 2861 809 2894 υἱοί
838 2873 900 2894 τε-

170 2904 512 2958 λευτησαντες
537 2907 595 2950 τῷ
616 2907 901 2961 λοιμῷΠρω-

170 2948 339 2997 ταγόρᾳ
364 2941 673 2994 διαλέγεσθαι,
694 2949 775 2984 ὅτε
799 2948 901 2984 δεύ-

720 862 751 890 6.
788 861 884 902 apml
907 860 1096 903 Platonem]
1123 860 1272 903 Protag.
1298 872 1332 902 p.
1354 861 1419 892 314
1442 871 1494 902 sq.
1519 859 1573 892 ed.
1591 858 1719 902 steph.

1222 924 1257 928 —
1293 910 1537 947 assumpserat
1563 904 1615 942 (G
1638 915 1719 946 sup.

985 1131 1134 1162 τερον
1165 1116 1451 1172 ἐπεδήμησε
1477 1120 1578 1158 ταῖς
1602 1116 1718 1162 Ἀθη-

985 1175 1105 1217 ναις,
1146 1164 1187 1197 οι
1223 1176 1287 1198 etz
1317 1161 1544 1206 πρότερον
1579 1165 1716 1196 τελευ-

983 1207 1210 1263 τήσαντες.
1266 1209 1501 1242 cas-uubanus
1539 1209 1615 1252 legi
1653 1220 1718 1241 vo-

984 1255 1053 1287 luit
1084 1252 1100 1288 έ
1133 1252 1226 1287 ἔτει
1259 1251 1481 1296 προτερόν
1511 1250 1716 1295 τελευτή-

983 1309 1111 1332 caves
1123 1300 1320 1343 ;‚zeunius
1337 1298 1522 1331 adnotavit
1536 1299 1592 1331 vel
1604 1298 1717 1330 Athe-

983 1344 1066 1377 naei
1101 1346 1219 1376 locum
1260 1355 1328 1376 non
1370 1355 1451 1376 esse
1490 1344 1715 1382 tentandum,

981 1390 1041 1421 vel
1070 1389 1298 1422 Muci-obium
1335 1389 1379 1421 ad
1414 1388 1621 1420 casauboni
1656 1399 1717 1420 ra-

982 1434 1117 1467 tionem
1152 1446 1232 1466 esse
1264 1434 1549 1476 emendandum,
1588 1432 1640 1465 ita
1677 1435 1716 1464 ut

982 1490 1046 1522 pro
1082 1491 1164 1522 quos
1197 1480 1333 1512 multo
1362 1483 1441 1511 ante
1477 1457 1715 1520 reponeretur

982 1536 1065 1566 quos
1096 1524 1251 1567 quinto
1283 1535 1390 1555 anno
1422 1529 1513 1555 ante.
1561 1524 1606 1555 At
1631 1522 1714 1554 wide

981 1580 1025 1601 ne
1056 1569 1151 1611 apud
1181 1567 1408 1600 Athenaeum
1439 1568 1635 1619 legendnm
1666 1566 1716 1599 sit

982 1610 1065 1645 oia
1098 1614 1175 1651 (vel
1208 1609 1268 1643 οἷά
1298 1616 1356 1653 γε)
1391 1610 1612 1653 πρότερον
1651 1621 1714 1643 τε-

980 1656 1294 1698 λευτήσαντες.
1362 1656 1555 1688 Perierunt
1591 1659 1713 1688 autem

980 1701 1138 1733 Pei-ielis
1176 1700 1245 1733 filii
1283 1701 1340 1733 Ol.
1376 1700 1586 1732 LXXXVII.
1619 1711 1714 1732 anno

979 1746 1128 1788 ultimo,
1164 1745 1237 1777 vid.
1261 1745 1417 1778 Casaub.
1443 1746 1487 1777 ad
1513 1745 1645 1777 Athen.
1672 1745 1713 1787 V,

978 1794 1039 1829 58,
1069 1803 1101 1833 p.
1126 1793 1191 1822 217
1217 1802 1248 1821 e
1299 1791 1348 1822 Ad
1379 1791 1489 1822 verba
1519 1794 1570 1828 (e.
1594 1793 1648 1821 59.
1677 1801 1710 1831 p.

978 1839 1046 1868 218
1075 1837 1149 1874 1ι,).
1186 1831 1281 1866 Ἀλλα
1320 1831 1392 1875 μὴν
1429 1846 1489 1866 και
1528 1829 1546 1866 ὁ
1585 1830 1623 1866 ἐν
1660 1833 1713 1877 τῷ

980 1877 1213 1923 Πρωταγόρᾳ
1243 1877 1410 1931 διάλογος
1448 1905 1455 1911 .
1477 1903 1484 1911 .
1520 1867 1711 1920 γἐνόμενος

978 1951 1009 1957 ..
1045 1924 1123 1956 τοῦ
1164 1920 1480 1976 Πρωταγόρου
1518 1934 1712 1976 παραγε-

976 1967 1172 2020 γονότος
1210 1965 1261 1999 τὸ
1296 1965 1515 2020 δεύτερον
1546 1964 1590 2000 ου’
1624 1968 1709 1999 πολ

976 2015 1055 2050 zan,-
1101 2011 1281 2054 πρότερον
1329 2007 1481 2053 ημέραις
1522 2012 1711 2045 adnotavit

974 2059 1228 2091 Casaubouus:
1272 2057 1456 2096 „Nfflosse
1483 2060 1538 2089 est
1562 2057 1711 2089 habitos

974 2115 1036 2135 eos
1067 2113 1254 2135 seimones
1282 2107 1450 2144 praetore
1475 2102 1619 2134 Aminiu
1646 2106 1710 2134 aut

973 2149 1107 2181 Alcaeo
1131 2151 1248 2183 certe.
1283 2147 1317 2178 id
1344 2151 1400 2179 cst
1431 2158 1524 2178 anno
1550 2147 1709 2179 secmido

973 2194 1031 2224 vel
1082 2193 1191 2226 tertio
1235 2191 1468 2234 Olympiadis
1512 2191 1708 2224 LXXXIX.

971 2238 1078 2270 Plato
1127 2242 1245 2269 tamen
1296 2237 1559 2278 disputationis
1604 2236 1710 2268 illius

972 2294 1104 2315 annum
1136 2282 1307 2324 designat
1338 2281 1573 2323 Olympiadi-s
1611 2281 1709 2313 inse-

971 2332 1077 2359 cutae
1104 2327 1261 2368 primum
1286 2331 1495 2369 praeturam
1521 2325 1709 2359 obtinente

970 2372 1206 2415 Astyphilof‘

1015 2428 1106 2460 mitti
1137 2428 1171 2459 in
1207 2427 1351 2470 digitos]
1384 2426 1406 2459 i.
1441 2438 1471 2458 e.
1509 2425 1708 2466 numerari,

973 2471 1176 2514 computari
1217 2472 1358 2514 digitis.
1423 2472 1502 2504 Vid-
1542 2475 1615 2503 not.
1660 2472 1706 2504 ad

972 2517 1111 2549 Comm.
1137 2517 1183 2558 11,
1214 2519 1266 2558 11,
1293 2519 1346 2548 17.

1016 2581 1047 2610 7.
1100 2578 1240 2609 Decium
1269 2578 1310 2608 de
1340 2576 1561 2609 Postumiana
1589 2576 1705 2608 scisci-

973 2628 1100 2656 tantem
1131 2621 1294 2663 secimas]
1344 2621 1422 2653 Vid.
1464 2620 1633 2663 prolegg.
1670 2632 1704 2662 p.

971 2678 1068 2701 xxxi.

1014 2728 1068 2760 vel
1092 2726 1174 2760 ordo
1197 2724 1409 2769 processerit]
1435 2723 1489 2756 Cf.
1516 2723 1653 2756 Corum.
1674 2725 1702 2765 Ι,

974 2775 1024 2812 15,
1042 2774 1074 2803 2.
1128 2772 1210 2803 Cum
1233 2771 1274 2803 dc
1299 2771 1360 2802 hoc
1381 2774 1571 2812 competens
1595 2781 1703 2802 sermo

967 2817 1242 2860 processerit.
1292 2815 1462 2846 Ceterum
1498 2814 1570 2846 huc
1605 2814 1702 2846 refe-

971 2862 1120 2893 rendum
1143 2864 1198 2892 est
1220 2870 1415 2901 pronomen
1431 2870 1531 2902 qnae,
1554 2862 1594 2891 ut
1620 2870 1702 2900 pro-

970 2907 1048 2949 prie
1072 2905 1185 2937 fuerit
1208 2905 1421 2938 dicendum:
1446 2905 1500 2937 vel
1523 2904 1595 2947 qui
1619 2904 1702 2937 ordo

968 2951 1180 2995 processerit.
