1865 3116
247 30 302 71 22
878 24 1153 68 MACROBII

209 139 463 181 Qindicatum
505 138 603 178 clam
643 137 784 178 ceteris
827 151 913 178 esse
951 137 1076 179 velis?
1142 138 1244 178 Tum
1285 138 1365 180 ille:
1412 139 1580 182 Moveor
1620 141 1781 196 quidem

248 195 485 237 auctoritate
519 193 733 242 Caecinae,
776 206 848 234 nec
889 194 1027 248 ignoro
1065 207 1239 235 errorem
1273 194 1314 235 in
1347 200 1496 236 tantam
1530 212 1610 238 non
1645 198 1785 239 cadere

248 252 488 293 doctrinam:
516 262 632 290 aures
660 256 793 291 tamen
820 264 928 291 meas
959 250 1033 290 ista
1062 250 1274 291 verborum
1306 251 1458 293 novitas
1488 254 1669 308 perculit,
1695 267 1785 294 cum

246 316 361 349 noctu
390 309 530 362 fictura
560 311 600 347 et
633 306 694 347 die
728 308 891 348 (frastim
922 306 1047 360 magis
1082 320 1200 360 quam
1228 309 1365 362 futura
1393 316 1501 350 nocte
1536 316 1575 351 et
1604 311 1666 352 die
1698 324 1784 351 cra-

209 365 344 405 3stino
377 363 524 412 dicere,
564 368 610 404 ut
638 362 782 417 regulis
812 363 955 417 placet,
995 362 1143 403 maluit.
1202 364 1300 404 Nam
1325 374 1441 405 noctu
1471 380 1551 406 non
1577 365 1787 421 appellatio

248 420 317 461 sed
352 419 582 460 adverbium
621 425 697 460 est:
742 433 862 473 porro
894 421 1050 474 fictura,
1092 419 1201 473 quod
1237 434 1383 461 nomen
1419 428 1498 471 est,
1542 436 1623 462 non
1656 427 1788 477 potest

247 490 335 517 cum
364 476 552 517 adverbio
580 475 811 517 convenire:
857 489 929 516 nec
959 476 1124 516 dubium
1157 481 1217 516 est
1244 476 1320 517 hoc
1351 477 1453 517 inter
1483 492 1525 519 se
1558 492 1644 519 esse
1671 486 1788 519 noctu

247 538 287 573 et
311 540 420 574 nocte
448 531 556 586 quod
585 533 654 573 iliu
681 537 721 572 et
752 533 832 573 die:
875 537 914 572 et
943 545 1081 572 rursus
1115 532 1176 573 die
1205 537 1245 573 et
1273 535 1438 574 crastini
1465 548 1544 575 non
1570 535 1618 574 de
1644 534 1785 575 eodem

248 602 343 629 casu
371 594 480 636 sunt,
520 593 559 629 et
582 588 657 628 nisi
686 602 800 629 casus
832 588 935 629 idem
967 588 1128 628 nomina
1158 589 1197 628 in
1225 589 1420 630 eiusmodi
1453 590 1679 631 elocutione
1706 604 1787 630 non

248 644 385 699 iungit.
444 645 765 686 Saturnaliorum
795 644 938 685 deinde
967 658 1039 685 cur
1068 645 1251 686 malimus
1277 659 1396 700 quam
1425 647 1698 688 Saturnalium
1728 646 1785 687 di-

213 704 354 750 cicere,
387 707 483 756 opto
515 701 731 741 dinoscere.
792 700 856 741 Ad
888 700 983 742 haec
1012 715 1101 741 cum
1134 701 1303 743 Caecina
1332 703 1515 743 renidens
1543 708 1711 751 taceret,
1748 708 1788 743 et

250 757 412 798 Servius
443 771 464 797 a
497 757 735 811 Symmacho
770 762 931 810 rogatus
966 763 1087 806 esset,
1132 758 1321 811 quidnam
1354 758 1402 799 dc
1435 759 1495 798 bis
1526 758 1786 799 existimaret:

248 813 377 862 Licet,
421 813 568 867 inquit,
614 813 653 854 in
688 813 763 853 hoc
801 818 919 853 coctu
953 827 1034 854 non
1062 813 1193 855 minus
1225 814 1402 854 doctrina
1433 828 1552 869 quam
1582 814 1789 855 nobilitate

250 870 466 911 reverendo
499 870 620 923 magis
650 870 744 910 mibi
775 869 1008 910 discendum
1043 870 1093 910 sit
1124 883 1243 924 quam
1278 871 1520 919 docendum,
1567 869 1789 911 famulabor

252 933 383 966 lamen
410 925 573 966 arbitrio
600 925 784 974 iubentis,
812 931 850 967 et
876 925 1085 966 insinuabo
1114 926 1285 980 primum
1312 927 1360 967 de
1378 927 1667 976 Saturnalibus,
1698 932 1790 981 post

209 984 235 1024 5
253 982 301 1023 de
331 982 489 1031 ceteris,
520 982 626 1023 unde
655 982 706 1022 sit
735 982 790 1022 sic
822 982 1033 1036 eloquendi
1067 997 1147 1022 non
1178 982 1331 1023 novitas
1361 982 1428 1023 scd
1458 988 1644 1024 vetustas.
1706 982 1789 1033 Qui

185 1038 546 1092 [mistaten-nalum
565 1038 660 1079 dicit
683 1039 816 1092 regula
839 1038 1040 1079 innititur:
1067 1039 1227 1079 nomina
1249 1039 1353 1080 enim
1382 1053 1484 1093 quac
1502 1039 1676 1080 dativum
1701 1039 1787 1093 plu—

252 1095 371 1135 ralem
400 1095 438 1135 in
468 1095 537 1136 bus
564 1095 728 1135 mittunt
756 1108 974 1149 numquam
1005 1095 1221 1148 genitivum
1250 1095 1426 1136 eiusdem
1458 1095 1614 1135 numeri
1642 1095 1789 1149 syllaba

253 1151 423 1191 crevisse
454 1151 680 1205 patiuntur,
711 1151 778 1191 sed
807 1157 876 1191 aut
904 1151 1071 1191 totidem
1106 1151 1236 1200 babet,
1266 1157 1311 1192 ut
1336 1153 1546 1193 monilibus
1571 1152 1790 1199 monilium,

253 1208 436 1248 sedilibus
463 1208 653 1256 sedilium,
672 1212 739 1247 aut
768 1221 845 1247 una
876 1207 1021 1261 syllaba
1051 1208 1181 1248 minus
1207 1213 1277 1255 est,
1305 1214 1350 1248 ut
1380 1209 1619 1249 carminibus
1648 1208 1788 1248 carmi-

341 1335 448 1378 [Edd.
474 1335 679 1368 ABGPSM.

251 1401 327 1432 sup.
352 1394 386 1429 c]
414 1391 454 1422 Β.
479 1410 522 1415 -
545 1392 706 1424 indicato
731 1391 759 1422 B
784 1392 834 1432 (G
858 1402 938 1433 sup.
967 1392 1055 1432 um).

247 1438 375 1475 sutura
400 1440 498 1468 nocte
518 1435 763 1478 ABGSv-gM.
810 1442 906 1468 nocte
923 1438 1053 1477 sutura
1080 1435 1185 1467 s-bP.
1298 1437 1329 1466 3.
1369 1436 1560 1478 appellatio
1587 1439 1686 1476 (sup.
1711 1434 1792 1466 add.

252 1482 275 1511 i.
294 1490 322 1511 e.
348 1483 488 1517 nomen]
512 1481 550 1512 A.
574 1497 613 1504 —-
639 1492 706 1512 uon
731 1481 847 1512 codem
868 1486 956 1518 (om.
982 1482 1040 1517 (le)
1062 1481 1168 1521 Sv-g.
1194 1498 1234 1502 —
1261 1481 1429 1512 eiusmodi
1451 1479 1625 1522 BGSv-g.
1662 1479 1793 1511 huius-

250 1525 345 1556 modi
366 1525 542 1556 AMs-bP.
577 1544 619 1548 —
657 1525 744 1557 imlc
767 1524 802 1557 S.
843 1543 885 1547 —-
922 1526 1136 1568 dignoscere
1163 1535 1239 1566 v-g.
1376 1526 1408 1555 4.
1445 1525 1608 1556 renitens
1629 1524 1727 1565 (sup.
1751 1524 1792 1562 d)

253 1569 296 1600 G.
333 1588 376 1593 —
413 1581 482 1601 non
505 1574 599 1601 coetu
626 1570 681 1601 dz.
722 1587 763 1592 —
802 1570 983 1601 nobilitate
1006 1581 1108 1611 quam
1134 1569 1290 1600 doctrina
1314 1569 1419 1600 s-bP.
1457 1587 1499 1591 —
1528 1569 1731 1609 famulabo
1758 1571 1795 1606 (r

251 1614 334 1645 add.
369 1624 389 1645 a
420 1625 490 1645 sec.
520 1615 573 1655 ιιι)
608 1614 651 1646 G.
707 1614 907 1654 fabulabor
937 1625 1003 1655 v-g
1034 1614 1077 1650 (h
1107 1613 1140 1644 in
1175 1624 1249 1653 mg.
1284 1613 1492 1651 famulabor.
1519 1614 1624 1652 ank).
1760 1615 1794 1643 5.

250 1658 450 1690 munilibus
476 1659 670 1690 manilium
696 1663 794 1700 (sup.
819 1662 855 1695 o)
879 1658 922 1689 G.
949 1677 992 1682 —
1027 1658 1202 1689 liminibus
1226 1658 1381 1688 liminum
1401 1657 1548 1688 ABGM.
1597 1656 1795 1689 luminibus

1193 1394 1225 1423 2.
1256 1403 1328 1422 cum
1357 1396 1453 1432 (sup.
1480 1390 1563 1422 add.
1585 1393 1663 1427 cur)
1687 1389 1726 1421 S.
1749 1406 1791 1412 —

294 1773 384 1804 clam
411 1773 529 1806 ceteris
558 1772 642 1814 esse]
679 1773 749 1804 sid.
777 1776 847 1804 not.
879 1773 922 1805 ad
958 1773 986 1814 ¹:

254 1820 283 1856 ι,
304 1820 336 1849 2.

293 1864 327 1892 ⁶2.
375 1861 443 1893 ista
465 1862 641 1894 verborum
666 1862 804 1893 novitas
826 1862 987 1904 perculit]

251 1906 329 1937 vid.
355 1907 522 1948 prolcgg.
549 1918 582 1949 p.
609 1917 698 1937 xnn.
748 1906 880 1937 Eodem
907 1917 987 1948 per-

251 1949 342 1982 tinet
371 1950 408 1982 id
441 1950 537 1992 quod
565 1950 747 1992 sequitur,
783 1955 822 1983 ut
854 1951 989 1994 regulis

249 1995 410 2037 placet.

295 2039 413 2081 magis
437 2061 444 2069 .
464 2062 470 2069 .
495 2037 634 2080 maluit]
661 2037 731 2069 Hic
755 2037 988 2079 pleonasmus

250 2082 468 2123 posterioris
491 2086 631 2114 tantum
652 2083 784 2114 aetatis
809 2087 875 2114 est.
911 2083 987 2115 Vid.

252 2128 371 2159 Hand.
398 2126 562 2158 Tursell.
588 2127 661 2168 Ill,
693 2139 727 2169 p.
754 2130 830 2159 576.

295 2174 327 2203 3.
376 2171 581 2214 appellatio]
614 2172 637 2203 i.
666 2182 696 2203 e.
733 2183 860 2203 nomen
903 2172 989 2203 sub-

252 2215 466 2256 stantivum,
491 2220 529 2248 ut
551 2216 825 2256 Connn.ll,15‚
846 2219 897 2247 12.
925 2227 988 2248 no—

252 2272 334 2292 men
359 2260 593 2292 adiectivum.
623 2260 676 2292 Cf.
695 2261 817 2303 Quint.
834 2261 920 2292 lust.
937 2272 988 2293 or.

250 2305 314 2346 lx,
340 2308 373 2343 3,
399 2308 430 2337 9.
455 2316 531 2337 cum
556 2306 692 2347 infinito
713 2307 813 2338 verbo
839 2307 882 2338 sit
906 2317 988 2337 usus

249 2361 312 2391 pro
340 2351 658 2393 appellatione,
685 2355 721 2382 et
747 2350 795 2382 ib.
824 2350 853 2390 Ι,
874 2352 907 2389 4,
929 2353 984 2382 20.

248 2396 390 2433 fuerunt
417 2395 475 2436 qui
498 2395 611 2437 ipsum
640 2395 754 2427 adhuc
783 2395 986 2427 vocabulum

252 2439 294 2470 ab
317 2439 612 2481 appellatione
635 2440 847 2480 diducerent,
873 2445 911 2471 ut
934 2451 985 2471 cs-

250 2488 300 2515 set
332 2484 536 2515 vocabulum
566 2495 688 2526 corpus
718 2485 796 2516 visu,
826 2489 987 2526 tactuque

249 2529 493 2568 ‘'nanifestum²
517 2529 653 2566 domus,
685 2529 811 2561 lectus:
841 2530 987 2571 appel-

252 2573 379 2611 latio,
419 2574 473 2604 cui
510 2574 563 2604 vel
597 2574 742 2606 alterum
778 2574 906 2607 deesset
936 2574 990 2606 vel

251 2623 444 2660 utrumque,
471 2623 603 2657 ventus,
630 2619 771 2659 coelum,
797 2619 890 2657 deus,
919 2620 989 2650 vir-

252 2667 318 2694 tus.

295 2706 430 2748 nomen]
459 2718 507 2738 sc,
541 2705 777 2739 ndiectivum.

294 2761 363 2781 uon
386 2752 524 2782 dubium
550 2751 611 2794 est]
641 2751 813 2794 Iungitur
838 2761 988 2783 accusa-

252 2794 327 2825 tivo
354 2806 434 2826 cum
462 2796 645 2829 infinitivo
673 2801 711 2829 ut
737 2797 766 2838 l,
790 2799 824 2837 2,
847 2800 900 2829 18.
924 2797 989 2829 du-

251 2839 360 2871 bitare
383 2851 449 2871 ηοη
473 2841 584 2873 debeo.

296 2888 327 2914 et
347 2884 416 2915 nisi
440 2896 539 2916 casus
565 2885 653 2917 idem
679 2886 821 2918 nomina
921 2896 989 2917 non

251 2928 381 2971 iungit]
409 2928 523 2969 „Post
554 2929 642 2962 idem
672 2929 912 2973 inter-punge,
954 2934 989 2962 et

1057 1771 1228 1813 intellige
1261 1772 1316 1803 sit.
1365 1771 1505 1803 Deinde
1529 1772 1646 1815 iungit
1674 1775 1793 1803 mute-

1057 1823 1115 1848 tur
1163 1817 1197 1847 in
1239 1817 1434 1858 iunguntur
1472 1827 1537 1848 seu
1576 1817 1680 1858 iungi
1717 1817 1795 1848 licet

1056 1872 1164 1892 seusu
1189 1862 1432 1902 postulanti&
1456 1861 1566 1893 Zffluv.
1589 1879 1628 1884 -—
1657 1860 1794 1902 Quidni

1056 1906 1150 1937 idem
1178 1916 1285 1937 casus
1309 1904 1381 1937 dici
1408 1911 1529 1947 potest
1551 1906 1704 1948 iungere
1729 1917 1793 1937 no-

1057 1948 1182 1982 mina?

1101 1996 1132 2025 4.
1181 1994 1311 2036 magis]
1349 1994 1425 2027 Vid.
1465 1998 1536 2027 not.
1574 1994 1618 2026 ad
1654 1993 1792 2026 Comm.

1056 2038 1104 2077 11,
1132 2041 1165 2078 5,
1190 2040 1244 2069 31.

1095 2083 1299 2124 famulabor
1324 2087 1438 2114 tamen
1463 2083 1606 2115 arbitrio
1632 2082 1792 2124 iubentis]

1057 2127 1079 2159 i.
1110 2138 1141 2158 e.
1173 2128 1432 2168 obtemperabo
1470 2128 1651 2160 voluntati
1686 2127 1794 2169 Sym-

1057 2171 1193 2210 machi,
1218 2175 1257 2203 ut
1284 2171 1337 2202 ait
1359 2171 1496 2203 Caesar
1514 2172 1553 2203 R.
1572 2172 1611 2204 C.
1637 2173 1665 2209 Ι,
1689 2175 1745 2211 35,
1762 2174 1793 2204 1.

1102 2215 1294 2258 insinuabo]
1309 2215 1466 2248 Salmas.
1478 2216 1517 2247 E.
1531 2217 1583 2248 Pl.
1598 2228 1629 2257 p.
1648 2219 1688 2248 19
1704 2226 1735 2247 a.
1751 2216 1792 2248 D.

1056 2261 1126 2292 hoc
1160 2261 1240 2292 loco
1278 2261 1393 2292 allato
1428 2261 1633 2293 adnotavit:
1680 2261 1795 2300 „iusi-

1060 2316 1169 2337 miare
1222 2309 1278 2337 est
1332 2301 1528 2345 διδάσκειν,
1581 2302 1795 2347 ἐμφανίζειν.

1060 2350 1148 2382 Inde
1172 2354 1334 2381 nostrum
1356 2350 1575 2393 enseigner.“
1607 2349 1687 2382 Vid.
1710 2360 1795 2392 pro-

1061 2396 1161 2436 legg.
1190 2406 1221 2436 p.
1250 2405 1347 2426 xmv.

1104 2442 1133 2470 5.
1184 2450 1271 2481 quac
1294 2438 1448 2470 dativum
1467 2438 1640 2480 pluralem
1666 2438 1701 2469 in
1721 2438 1794 2469 bus

1058 2483 1213 2525 mittunt]
1257 2483 1364 2515 Ilum:
1401 2482 1512 2514 huius
1549 2481 1651 2514 verbi
1688 2492 1794 2514 usum

1058 2529 1154 2561 alias
1174 2538 1352 2569 nusquam
1371 2526 1508 2558 inveni.
1553 2525 1709 2559 Nomina
1733 2537 1796 2558 ca-

1057 2585 1120 2605 sus
1146 2573 1292 2604 mittere
1311 2571 1493 2611 dicuntur,
1518 2574 1556 2603 ut
1582 2571 1717 2613 stirpes
1738 2571 1794 2602 fo-

1058 2618 1108 2649 lia
1134 2622 1169 2648 ct
1196 2617 1318 2655 flores,
1342 2616 1388 2646 cf.
1414 2615 1510 2647 Plin.
1534 2615 1573 2647 N.
1596 2616 1639 2647 H.
1662 2614 1793 2656 XVlll,

1056 2667 1075 2694 7
1100 2673 1129 2693 s.
1160 2664 1209 2692 10.
1244 2663 1264 2700 §
1295 2663 1340 2691 58
1369 2659 1452 2691 Sili.
1490 2660 1656 2692 Folium
1688 2670 1794 2702 quac-

1057 2707 1137 2739 ‹lam
1162 2706 1204 2737 ab
1230 2705 1349 2736 radice
1374 2705 1553 2737 mittunt
1574 2704 1746 2747 quaedam
1770 2714 1794 2736 α

1057 2751 1252 2788 cacumine,-
1275 2749 1401 2789 XXIV,
1420 2751 1440 2779 9
1462 2760 1492 2780 s.
1509 2751 1563 2779 38.
1590 2749 1606 2790 ξ
1631 2752 1686 2780 60.
1716 2749 1794 2780 Pri-

1057 2807 1114 2827 ma
1146 2794 1282 2836 (vitex)
1309 2794 1424 2826 albu-m
1457 2793 1620 2832 florem
1656 2793 1794 2826 mittit

1057 2851 1131 2872 cum
1160 2849 1345 2881 purpureo.
1376 2856 1420 2860 —
1450 2837 1503 2868 De
1537 2847 1577 2869 re
1606 2837 1686 2878 ipsa
1717 2837 1792 2869 vid.

1058 2883 1094 2916 C.
1106 2883 1144 2916 L.
1158 2883 1374 2915 Schneider.
1387 2881 1571 2914 Formenl.
1588 2893 1621 2923 p.
1637 2883 1705 2913 262
1715 2892 1792 2924 sqq.

1103 2930 1246 2961 crevisse
1268 2927 1467 2971 patiuntur]
1498 2927 1700 2969 Exspectes
1720 2937 1793 2959 cre-
