1845 3131
239 66 322 108 574
875 62 1149 105 MACROBII

235 177 350 218 tisset
394 171 631 216 animalibus
672 170 840 225 simplici
886 171 975 212 cibo
1020 172 1226 214 utentibus
1271 173 1501 217 familiarem
1549 175 1774 225 sanitatem,

235 242 463 287 aegrescere
501 232 635 268 autem
670 233 710 268 et
746 228 850 268 inter
890 227 954 268 illa
993 241 1095 281 quae
1132 228 1307 282 saginam
1344 231 1552 285 conposita
1586 231 1775 273 varietate

234 288 452 343 patiuntur,
477 284 571 338 quia
603 288 760 324 constat
785 283 823 323 id
852 296 978 336 genus
1007 284 1218 325 alimoniae
1247 298 1327 326 non
1353 286 1477 339 magis
1508 287 1622 341 copia
1652 301 1772 341 quam

194 344 420 390 6varietate
460 339 705 380 crudescere.
775 339 962 380 Fortasse
1000 339 1108 380 illum
1143 341 1396 381 attentiorem
1431 343 1610 396 exemplo
1646 344 1772 384 altero

232 398 425 445 fecissem,
454 400 499 436 ut
530 395 800 436 consideraret
830 395 981 436 nullum
1015 409 1206 449 umquam
1239 395 1360 437 fuisse
1392 397 1635 438 medicorum
1667 398 1771 439 circa

232 468 347 495 curas
375 452 690 505 aegrescentium
727 456 806 491 tam
843 451 1003 492 audacis
1037 452 1295 505 negligentiae
1326 457 1372 493 ut
1406 451 1588 493 febrienti
1617 453 1769 494 varium

231 515 271 551 et
300 523 380 550 non
409 508 627 562 simplicem
658 507 791 547 cibum
819 506 941 547 daret.
1002 507 1117 548 Adeo
1156 513 1312 549 constat
1346 521 1466 562 quam
1501 507 1625 548 facilis
1664 508 1771 563 dige-

231 571 294 607 stu
323 564 373 606 sit
399 563 608 605 uniformis
637 562 835 611 alimonia,
862 568 907 603 ut
941 562 989 612 ei,
1020 563 1078 604 vel
1110 577 1201 604 cum
1229 563 1385 604 infirma
1416 569 1476 604 est
1502 568 1658 612 natura,
1690 563 1770 604 suf-

193 621 348 667 Yficiat.
410 621 492 662 Nec
522 619 683 660 tertium
715 617 905 659 defuisset
938 619 1185 672 exemplum,
1236 620 1290 660 ita
1322 633 1407 660 esse
1430 619 1630 660 vitandam
1662 619 1771 660 cibo-

229 690 317 717 rum
358 676 588 717 varietatem
628 678 674 714 ut
710 674 817 715 varia
856 674 986 715 solent
1015 675 1104 716 vina
1137 675 1264 716 vitari.
1327 675 1429 725 Quis
1458 674 1563 715 enim
1597 674 1773 728 ambigat

229 746 320 773 eum
353 732 422 785 qui
456 731 611 771 diverso
640 729 731 770 vino
761 729 890 770 utitur
915 729 953 769 in
981 730 1228 784 repentinam
1265 744 1381 771 ruere
1412 730 1643 771 ebrietatem
1677 744 1769 771 nec-

190 788 324 834 Sdum
350 787 427 828 hoc
456 791 575 840 potus
613 785 727 839 copia
759 784 1014 838 postulante?
1073 786 1221 825 Tecum
1253 791 1408 834 autem,
1436 786 1568 835 Vetti,
1602 785 1665 826 cui
1698 785 1771 827 soli

229 842 512 898 perfectionem
554 840 853 894 disciplinarum
890 840 1069 880 omnium
1112 840 1279 893 contigit
1316 840 1516 895 optinere,
1564 855 1645 881 non
1689 846 1769 881 tam

229 898 418 952 exemplis
450 911 570 952 quam
601 896 756 937 ratione
784 896 1035 937 tractandum
1068 901 1146 944 est,
1187 909 1290 950 quae
1317 901 1357 936 et
1391 910 1454 936 me
1487 900 1644 936 tacente
1669 896 1771 936 clam

189 959 267 999 9te
301 968 388 996 esse
429 968 510 994 non
546 953 703 1007 poterit.
771 951 999 993 Cruditates
1037 951 1225 993 eveniunt
1265 956 1335 992 aut
1375 951 1567 1006 qualitate
1603 951 1687 992 suci
1730 951 1769 992 in

227 1024 347 1065 quem
376 1010 488 1050 cibus
518 1008 694 1056 vertitur,
726 1008 757 1048 si
788 1021 869 1048 non
900 1007 951 1048 sit
979 1013 1094 1062 aptus
1122 1007 1282 1048 humori
1312 1007 1379 1061 qui
1411 1021 1555 1062 corpus
1583 1006 1770 1061 optinuit,

162 1072 324 1124 [217Jaut
354 1065 478 1120 ipsius
508 1065 584 1106 cibi
612 1063 881 1113 multitudine,
906 1077 986 1103 non
1012 1063 1235 1104 sufficiente
1260 1068 1402 1104 natura
1426 1063 1474 1103 ad
1503 1062 1636 1104 omnia
1667 1075 1771 1116 quae

229 1127 418 1176 congesta
447 1125 539 1162 sunt
572 1119 874 1174 concoquenda.
934 1122 994 1160 Ac
1026 1119 1198 1173 primum
1230 1119 1278 1159 de
1306 1119 1390 1160 suci
1421 1118 1612 1173 qualitate
1636 1118 1768 1159 videa-

164 1182 214 1222 10
228 1192 329 1219 mus.
391 1177 474 1227 Qui
506 1176 722 1230 simplicem
762 1176 894 1216 cibum
932 1175 1054 1215 sumit
1091 1174 1203 1215 facile
1245 1188 1326 1228 quo
1369 1188 1465 1215 suco
1498 1188 1645 1228 corpus
1682 1173 1768 1215 eius

226 1235 284 1275 vel
317 1238 501 1287 gravetur
527 1233 587 1273 vel
619 1232 776 1272 iuvetur
804 1245 882 1271 usu
912 1230 1081 1271 docente
1111 1231 1328 1283 cognoscit.
1386 1231 1468 1272 Nec
1503 1230 1607 1271 enim
1640 1229 1766 1270 ambi-

226 1290 283 1343 git
308 1289 422 1330 cuius
453 1288 529 1329 cibi
557 1288 749 1341 qualitate
776 1300 983 1341 possessus
1013 1286 1076 1335 sit,
1107 1300 1197 1326 cum
1232 1299 1356 1325 unum
1386 1285 1617 1338 sumpserit,
1646 1290 1684 1325 et
1711 1284 1766 1325 ita

163 1346 270 1388 lllit
295 1350 342 1386 ut
369 1358 488 1392 noxa,
537 1344 650 1384 cuius
676 1356 794 1383 causa
825 1341 1070 1395 deprehensa
1099 1342 1170 1390 sit,
1212 1340 1324 1381 facile
1354 1341 1512 1381 vitetur.
1573 1340 1658 1390 Qui
1692 1353 1762 1380 au-

225 1407 305 1442 tem
339 1398 548 1454 multiplici
579 1399 667 1439 cibo
698 1398 817 1438 alitur
844 1397 1016 1438 diversas
1046 1397 1194 1450 patitur
1221 1396 1431 1450 qualitates
1459 1409 1506 1435 ex
1537 1395 1766 1436 diversitate

226 1468 437 1497 sucorum:
484 1468 555 1494 nec
591 1453 836 1495 concordant
867 1452 1056 1493 humores
1088 1465 1135 1492 ex
1166 1450 1354 1492 materiae
1384 1451 1572 1492 varietate
1601 1464 1765 1491 nascen-

224 1518 301 1561 tes,
340 1525 412 1552 nec
439 1510 617 1551 efficiunt
646 1509 840 1563 liquidum
879 1521 1072 1562 purumve
1105 1507 1361 1560 sanguinem,
1403 1506 1442 1546 in
1473 1519 1591 1559 quem
1623 1505 1766 1546 iecoris

224 1567 444 1608 ministerio
484 1570 715 1614 vertuntur,
763 1569 802 1605 et
844 1563 884 1603 in
926 1577 1045 1604 venas
1084 1576 1174 1603 cum
1214 1562 1393 1602 tumultu
1431 1575 1504 1602 suo
1545 1566 1765 1602 transeunt.

224 1623 329 1664 Hinc
365 1622 597 1664 morborum
638 1620 860 1675 scaturigo,
906 1618 974 1672 qui
1013 1632 1060 1659 ex
1100 1617 1406 1672 repugnantium
1443 1616 1517 1658 sibi
1548 1616 1764 1658 humorum

314 1734 419 1776 [uss.
444 1732 627 1764 Apsum.

222 1792 276 1821 vl.
414 1790 447 1819 5.
491 1792 521 1819 et
545 1787 633 1818 inter
657 1785 720 1816 illa
757 1784 1020 1816 APSH1M123.
1069 1794 1137 1815 oin.
1166 1793 1238 1815 v-a.
1287 1784 1375 1815 inter
1395 1783 1458 1814 illa
1483 1785 1572 1819 (om.
1598 1784 1647 1819 et)
1683 1782 1765 1814 h-b.

222 1839 253 1867 et
278 1833 434 1865 interire
460 1832 523 1863 illa
552 1831 618 1861 HQ.
667 1830 788 1861 etiam
815 1829 877 1860 illa
903 1829 1062 1861 interire
1089 1827 1130 1858 E.
1158 1845 1197 1850 —
1224 1827 1363 1870 saginr*
1390 1827 1486 1858 Mi2.
1515 1844 1553 1849 --
1578 1827 1765 1868 patiuntur

301 1878 470 1909 varietate
494 1886 564 1906 om.
581 1874 879 1906 AH12v-a31123.
895 1891 935 1896 —-
961 1873 1178 1904 crudesceret
1206 1872 1274 1903 ΗΖ.
1367 1874 1398 1903 6.
1424 1870 1640 1903 attentiorem
1666 1871 1764 1903 illum

222 1922 289 1953 H2.
318 1940 359 1944 -
383 1921 588 1952 medicorum
613 1919 725 1959 fuisse
751 1918 817 1948 152.
844 1935 884 1940 —-
908 1917 1162 1956 febricitanti
1183 1915 1250 1946 H2.
1279 1933 1310 1938 -
1342 1916 1480 1956 infirma
1505 1915 1562 1947 sit
1589 1925 1668 1956 v-g.

220 1970 253 1998 7.
280 1966 483 1998 varietatem
508 1965 658 1995 ciborum
685 1972 755 1993 esse
779 1962 960 1994 vitandam
983 1961 1051 1991 H2.
1072 1979 1114 1983 -
1136 1959 1272 1992 mutari
1295 1959 1322 1991 P
1347 1959 1418 1996 (Hi
1443 1959 1476 1990 in
1500 1970 1572 2001 mg.
1600 1958 1682 1990 add.
1707 1959 1762 1990 vi·

221 2010 322 2047 tari).
459 2011 492 2039 8.
547 2007 658 2039 I'ecti
683 2017 760 2048 v—g.
788 2023 827 2029 —
850 2010 1001 2048 poterat
1026 2005 1099 2036 c-b.
1235 2007 1266 2035 9.
1315 2004 1512 2035 Cruditates
1535 2003 1677 2035 veniunt
1704 2027 1712 2034 .
1729 2025 1736 2034 .
1753 2027 1761 2034 .

220 2059 411 2085 nascuntur
435 2053 473 2092 (ἓ
505 2052 588 2093 11.)]
624 2051 718 2082 Plut.
747 2050 770 2081 l.
796 2061 825 2081 c.
966 2052 1016 2080 10.
1057 2048 1110 2080 vel
1136 2058 1257 2090 corpus
1284 2048 1356 2078 eius
1381 2058 1413 2078 v.
1463 2048 1535 2078 eius
1561 2057 1683 2089 corpus
1708 2046 1763 2078 vel

221 2098 291 2139 i-g.
325 2116 365 2120 -—-
405 2098 540 2128 iuvetur
562 2095 614 2127 vel
639 2099 808 2137 gravetur
834 2093 922 2124 Edd.
948 2092 988 2124 P.
1023 2109 1067 2115 —-
1104 2092 1200 2123 cuius
1223 2092 1293 2123 sibi
1315 2091 1372 2122 ch.
1395 2109 1433 2114 -
1465 2091 1674 2132 deprehensa
1697 2095 1761 2122 est

222 2152 300 2183 v-g.
441 2142 493 2171 11.
530 2138 745 2180 scaturrigo
771 2137 836 2168 Hi.
885 2137 1064 2178 scaturigo
1090 2140 1152 2167 est
1182 2135 1247 2166 H2.
1282 2153 1326 2157 —-
1362 2145 1401 2165 ex
1423 2134 1665 2176 pugnantium
1691 2133 1760 2165 Hi.

220 2184 511 2228 expugnantium
536 2183 571 2215 S.
611 2200 643 2204 -
682 2192 818 2213 morum
842 2180 880 2212 P.
1025 2182 1071 2213 12.
1109 2190 1176 2211 non
1201 2179 1322 2210 omnia
1348 2188 1436 2220 quae
1459 2177 1499 2209 P.
1523 2196 1561 2200 —
1587 2177 1661 2209 alia
1684 2181 1759 2210 tar-

219 2294 284 2326 Hic
309 2295 437 2334 sarta
465 2292 633 2335 premitur
662 2290 825 2334 angulo
854 2290 953 2322 Ceres
1065 2290 1097 2319 8.
1146 2287 1233 2319 clam
1258 2292 1290 2318 te
1312 2286 1396 2328 esse]
1422 2285 1500 2318 Vid.
1525 2289 1598 2318 not·
1623 2286 1668 2318 ad
1693 2285 1759 2319 lib.

218 2337 344 2370 omni.
1022 2331 1050 2371 l,
1077 2331 1204 2372 praefi,
1229 2332 1249 2370 ἓ
1270 2333 1302 2361 2.

261 2385 293 2413 5.
354 2380 561 2421 crudescere]
603 2378 626 2410 i.
666 2389 696 2410 e.
734 2377 951 2410 cruditatem
1067 2378 1119 2407 10.
1166 2375 1263 2407 cuius
1288 2375 1354 2406 cibi
1387 2374 1557 2416 qualitate
1582 2384 1760 2416 possessus

217 2425 365 2458 afferre.
1020 2419 1077 2461 sit]
1113 2417 1322 2461 Singularis
1349 2422 1405 2450 est
1430 2417 1492 2449 hie
1518 2417 1628 2449 huius
1654 2417 1757 2449 verbi

261 2473 293 2502 6.
339 2468 473 2501 nullum
493 2477 655 2508 umquam
675 2466 785 2507 fuisse
803 2466 951 2497 meclico-
1022 2474 1128 2502 usuS,
1168 2462 1385 2505 praesertim
1417 2473 1527 2504 quum
1557 2461 1606 2493 sit
1640 2471 1757 2503 genus

216 2524 291 2545 rum
328 2538 359 2545 ..
398 2518 468 2544 tam
506 2510 652 2543 audacis
693 2509 950 2553 negligentiae]
1022 2508 1222 2549 passivum.

217 2556 538 2589 Plutarchusl.c.:
569 2550 701 2591 Οὐδεὶς
724 2552 864 2596 γέγονεν
889 2549 954 2585 οὕ-
1067 2554 1119 2582 11.
1166 2550 1287 2583 iecoris
1320 2547 1524 2590 ministerio]
1559 2546 1614 2578 Cf.
1642 2558 1671 2578 c.
1703 2549 1755 2585 15,

215 2611 265 2632 τω
307 2601 379 2633 τῶν
421 2599 555 2642 ἰατρῶν
590 2595 878 2640 παράτολμος
910 2593 954 2629 ἐν
1021 2596 1041 2634 §
1066 2598 1117 2627 18.
1159 2595 1206 2627 ad
1229 2593 1371 2636 aliquod
1395 2592 1533 2624 vivendi
1556 2591 1753 2623 ministe-

215 2644 488 2688 καινοτομίᾳ
519 2641 593 2674 καὶ
620 2638 842 2683 ἀνδρεῖος.
1019 2640 1138 2672 rium.
1186 2639 1323 2670 Comm.
1346 2637 1373 2676 1,
1399 2639 1433 2677 6,
1456 2637 1512 2666 81.
1540 2635 1668 2667 Sensus
1695 2645 1752 2667 eo-

255 2690 432 2732 febrienti]
468 2688 524 2720 Cf.
559 2687 655 2718 Cels.
693 2686 750 2725 lv,
782 2687 815 2723 4,
840 2687 891 2723 2..
913 2684 953 2716 Si
1020 2693 1162 2725 rumque
1185 2680 1449 2714 ministeria.

217 2743 284 2764 uon
319 2735 471 2773 febrit,
511 2735 547 2763 et
582 2731 722 2763 Colum.
757 2729 816 2769 Vl,
841 2730 952 2768 38,1.
1065 2739 1140 2759 cum
1176 2725 1324 2758 tumultu
1358 2722 1431 2763 suo]
1468 2720 1522 2752 Cf.
1554 2732 1584 2752 e.
1608 2723 1640 2752 6.
1677 2722 1696 2760 §
1720 2724 1752 2753 9.

221 2776 446 2810 Febrienti
478 2776 603 2808 mulae.
660 2774 763 2806 Alias
789 2772 863 2805 dici
890 2783 947 2805 so·
984 2788 996 2796 -
1020 2767 1432 2803 saltatumultuantis
1450 2765 1601 2807 spiritus.
1615 2764 1753 2797 Comm.

218 2818 269 2850 let
286 2821 498 2860 febricitare.
1020 2814 1048 2853 1,
1074 2815 1125 2853 12,
1149 2816 1181 2844 7.
1217 2811 1343 2843 Anima
1375 2811 1563 2841 silvestrem
1595 2809 1751 2841 tumul-

261 2865 295 2892 7·
342 2864 499 2905 necdum]
521 2862 596 2895 Vid.
623 2861 791 2904 prolegg.
818 2871 850 2902 p.
876 2870 950 2893 xm.
1019 2862 1121 2895 tum,
1162 2856 1199 2888 z'd
1233 2859 1282 2887 cst
1314 2854 1415 2896 hylen
1447 2854 1647 2894 influentem
1674 2852 1769 2892 sibu,

219 2906 313 2937 med.
1018 2900 1138 2942 incipit
1173 2898 1336 2941 experiri,
1375 2900 1409 2930 et
1432 2899 1494 2936 22,
1519 2898 1551 2928 6.
1588 2896 1631 2929 de
1660 2896 1752 2929 omni
