1845 3126
210 36 264 78 96
841 30 1117 73 MACROBII

208 145 412 187 Kalendae
439 142 488 184 ad
519 140 624 182 diem
654 141 867 195 septimum
895 141 1118 192 decimum,
1156 155 1295 184 verum
1318 142 1556 186 habentibus
1587 144 1744 199 quinta-

171 206 281 247 5nas
321 201 369 243 ad
406 203 591 240 octavum
628 196 826 238 decimum
859 200 1064 240 remeabat
1099 198 1256 240 initium
1285 199 1570 241 Kalendarum.
1640 201 1749 241 Hace

210 258 285 299 suit
320 254 481 297 Romuli
525 252 744 303 ordinatio,
793 253 863 307 qui
902 255 1075 309 primum
1114 255 1206 296 anni
1244 269 1421 296 mensem
1462 256 1631 310 genitori
1676 270 1750 297 suo

209 313 328 355 Marti
359 310 522 352 dic-avit:
555 324 673 365 quem
706 324 883 351 mensem
915 311 1008 352 anni
1039 311 1211 365 primum
1243 310 1363 352 fuisse
1392 311 1451 352 vel
1484 326 1531 353 ex
1560 312 1635 353 hoe
1668 326 1749 353 ma-

211 370 315 410 xime
346 368 557 423 probatur,
605 366 713 420 quod
745 367 794 407 ab
826 366 912 421 ipso
945 366 1135 418 Quintilis
1168 367 1330 421 quintus
1362 372 1443 415 est,
1493 374 1532 408 et
1565 368 1751 422 deinceps

173 427 285 480 [ipro
323 437 490 466 numero
529 423 851 464 nominabantur.
911 423 1042 464 Huius
1083 423 1201 464 etiam
1235 423 1361 478 prima
1400 423 1463 464 die
1507 424 1639 477 ignem
1680 438 1751 465 no-

214 495 306 523 vum
338 482 486 522 Vestae
510 479 587 520 aris
615 478 900 528 accendebant,
929 485 974 521 ut
1004 479 1218 533 incipiente
1248 493 1352 520 anno
1382 493 1476 520 cura
1508 480 1639 520 denuo
1671 494 1752 520 ser-

147 537 355 593 [256]vandi
392 536 527 578 novati
561 535 662 589 ignis
700 535 908 590 inciperet:
957 536 1097 576 codem
1138 549 1301 590 quoque
1339 535 1585 589 ingrediente
1619 549 1754 577 mense

212 599 293 635 tam
330 593 370 634 in
406 592 515 646 regia
550 591 750 645 curiisque
790 597 912 647 atque
948 592 1153 633 flaminum
1187 591 1372 632 domibus
1413 592 1570 633 laureae
1602 597 1754 633 veteres

214 649 327 691 novis
370 648 514 689 laureis
553 648 832 689 mutabantur:
880 647 1021 689 eodem
1059 661 1223 702 quoque
1264 661 1399 688 mense
1441 653 1481 688 et
1522 648 1681 702 publice
1717 653 1756 689 et

215 704 397 761 privatim
430 704 479 746 ad
503 707 662 745 Annam
690 704 914 745 Perennam
944 704 1210 746 sacrificatum
1243 704 1334 752 itur,
1363 709 1408 744 ut
1437 717 1585 744 aunare
1615 717 1754 758 peren-

179 762 394 816 7nareque
426 760 635 801 commode
670 759 797 801 liceat.
864 761 953 801 Hoc
992 774 1128 802 mense
1165 760 1368 801 mercedes
1406 760 1641 801 exolvebaut
1674 775 1755 802 ma-

217 818 349 873 gistris
380 830 479 871 quas
508 816 717 871 conpletus
747 829 874 857 annus
906 816 1041 857 deberi
1074 816 1187 866 fecit,
1234 816 1394 857 comitia
1434 816 1757 871 auspicabantur,

218 873 424 928 vectigalia
452 873 657 923 locabant,
688 877 727 913 et
756 872 876 914 servis
902 886 1046 914 coenas
1076 872 1331 928 adponebant
1358 877 1583 922 matronae,
1610 878 1657 914 ut
1688 873 1759 914 do-

308 1010 411 1053 [Mss.
437 1009 605 1043 ABGPS.

218 1066 429 1098 vertebatur
455 1067 510 1097 vl.
647 1067 679 1096 4.
719 1077 751 1097 a.
788 1066 820 1098 (Ι.
852 1066 1201 1108 septivnumclecimum
1235 1063 1335 1096 s-bS.
1374 1082 1416 1087 ——
1457 1076 1489 1096 a.
1519 1065 1549 1096 cl.
1586 1069 1762 1096 octavum-

219 1111 384 1142 decimum
418 1109 518 1142 s-hS.
566 1109 613 1141 ad
647 1110 814 1142 decimum
845 1117 1001 1143 octavum
1035 1110 1119 1152 chg.
1260 1111 1291 1140 5.
1337 1110 1492 1151 quintilis
1523 1110 1592 1152 qui
1622 1110 1761 1152 quintus

220 1155 305 1186 Bar.
346 1171 389 1177 ——
430 1154 677 1186 nominabatur
708 1157 763 1187 vl.
810 1155 1122 1187 numerabantur
1153 1158 1252 1196 (sup.
1280 1154 1429 1195 nomin.)
1459 1153 1495 1186 S.
1632 1157 1664 1185 6.
1709 1153 1764 1185 die

219 1199 333 1241 prima
370 1208 450 1241 v-g.
487 1215 528 1221 —
568 1199 897 1241 quamflaminum
931 1199 1015 1232 Bar.
1053 1218 1096 1223 —
1137 1204 1168 1231 et
1199 1199 1365 1241 privatim
1405 1203 1436 1230 et
1467 1198 1603 1240 publice
1639 1198 1682 1230 G.
1721 1216 1760 1221 —

221 1253 495 1286 perannareque
519 1242 596 1274 Avi.
645 1248 682 1277 et
704 1255 895 1287 perennare
921 1244 956 1276 S.
1000 1262 1042 1267 -—
1080 1243 1255 1276 commodi
1279 1242 1316 1275 S.
1365 1244 1547 1276 commodo
1569 1243 1612 1275 B.
1668 1253 1715 1285 qu
1728 1254 1764 1275 o-

269 1367 300 1398 4.
347 1365 390 1398 ab
432 1366 550 1398 Idibus
590 1367 842 1400 revertebantur
888 1368 961 1400 Ka-

224 1410 348 1442 lendae
369 1411 452 1452 cce]
479 1411 502 1442 i.
527 1422 557 1443 e.
584 1413 891 1454 computabantur
916 1414 961 1444 ab

225 1454 350 1487 Idibus
391 1455 436 1486 ad
475 1455 663 1489 Kalendas
702 1457 809 1489 modo
852 1457 963 1489 xm.

1030 1367 1111 1400 sell.
1144 1368 1180 1408 Ι,
1216 1379 1249 1409 p.
1277 1369 1341 1399 469
1366 1379 1418 1409 sq.
1467 1367 1666 1400 Fateamur
1703 1377 1766 1408 po·

1031 1412 1103 1446 tius
1135 1412 1384 1453 Muci-obium,
1416 1412 1445 1443 si
1477 1412 1532 1444 sic
1564 1411 1768 1454 scripserit,

1032 1456 1227 1490 admisisse
1254 1457 1534 1489 barbarismum.
1565 1476 1608 1481 —
1644 1457 1768 1489 Curiae

225 1499 331 1532 modo
360 1498 490 1531 xvnl.
525 1500 622 1532 dies:
664 1501 834 1542 quoniam
864 1513 965 1533 nien-

225 1555 284 1576 ses
310 1543 371 1584 qui
398 1543 594 1584 quintanas
621 1545 807 1578 habebant
831 1545 965 1585 Nonas„

225 1589 418 1625 tricenum,
439 1589 501 1629 qui
525 1589 761 1630 septimanas,
787 1590 966 1623 tricenum

225 1636 262 1664 et
296 1632 527 1672 singulorum
564 1634 705 1666 dierum
745 1640 860 1667 erant.
907 1635 963 1666 Cf.

226 1688 257 1708 c.
286 1679 340 1716 13,
367 1676 382 1717 §
411 1679 442 1708 6.
467 1689 507 1709 ac
536 1684 634 1720 post
667 1679 769 1711 Idus
794 1680 828 1711 in
857 1680 965 1711 omni-

225 1723 286 1753 bus
305 1732 337 1752 a.
355 1721 388 1752 d.
407 1722 635 1763 septimum
662 1724 863 1755 decimum
884 1724 964 1756 Ka-

227 1765 380 1797 lendas
413 1767 682 1808 conputnbatur,
725 1772 761 1799 et
782 1768 920 1800 similia
946 1770 966 1808 §

226 1814 258 1842 7.
306 1809 424 1841 Verba
451 1813 709 1843 revertebantur
738 1816 773 1844 et
795 1813 969 1846 remeabat

226 1853 399 1885 videntur
427 1859 596 1895 spectare
629 1856 672 1888 ad
711 1856 789 1888 dies
826 1856 910 1889 iude
948 1867 969 1889 a

227 1896 406 1930 Kalendis
432 1903 529 1931 retro
549 1906 768 1934 numeratos.
793 1900 848 1933 Cf.
874 1903 968 1933 c.14.

230 1944 272 1983 gg
300 1945 321 1972 8
346 1946 381 1974 et
407 1945 457 1974 10.

274 1989 306 2016 5.
354 1997 452 2027 quem
496 1999 642 2020 mensem
689 1989 775 2021 anni
820 1989 970 2032 primum

225 2029 350 2072 fuisse]
372 2029 424 2062 Cf.
446 2031 561 2063 Solin.
587 2037 623 2063 et
646 2032 833 2065 Censorin.
859 2034 898 2065 ll.
918 2045 969 2065 cc.

233 2074 339 2106 Ovid.
364 2073 461 2106 Fast.
485 2076 559 2114 ΙΙΙ,
585 2080 627 2107 97
655 2088 733 2118 sqq.
781 2078 970 2109 Plutarch.

232 2118 338 2150 Num.
364 2130 394 2149 c.
423 2122 472 2151 19.
513 2120 616 2152 SerV.
638 2123 681 2152 ad
709 2122 806 2161 virg.
833 2122 968 2164 Georg.

234 2163 262 2201 Ι,
289 2164 343 2194 43.
380 2162 511 2195 Isidor.
543 2164 646 2207 Orig.
670 2165 708 2205 V,
732 2162 787 2204 33.
810 2169 841 2198 5.
878 2166 972 2198 Lau-

234 2210 326 2282 i'ent.
359 2206 450 2249 Lyd.
480 2209 524 2240 (le
553 2220 665 2242 mens.
701 2211 735 2250 Ι,
770 2212 811 2242 14
843 2214 878 2243 et
910 2213 971 2252 163

280 2296 369 2337 quod
391 2296 432 2327 ab
457 2296 530 2338 ipso
557 2297 721 2338 Quintilis
747 2299 887 2340 quintus
912 2298 974 2341 est]

234 2338 291 2370 Cf.
316 2339 432 2372 Sulin.
465 2341 616 2373 Servius
642 2343 680 2374 ΙΙ.
707 2354 775 2381 cc.,
817 2343 923 2375 Ovid.
952 2344 974 2374 l.

236 2394 266 2415 c.
301 2385 397 2425 149„
436 2384 543 2417 Laur.
574 2385 662 2428 Lyd.
690 2387 751 2427 lv,
777 2390 849 2426 63.‚
888 2388 974 2419 Plu-

235 2428 352 2460 tarch.
380 2430 403 2461 1.
426 2440 453 2460 c.
482 2434 518 2461 et
541 2431 694 2471 Quaest.
722 2432 825 2463 [ium.
856 2434 906 2464 19.

280 2475 311 2503 6.
361 2474 474 2516 ignem
501 2486 628 2506 novum
658 2477 781 2508 Vestae
811 2477 883 2508 aris
914 2488 973 2508 ac-

235 2517 438 2559 cendebant]
480 2519 537 2550 Cf.
572 2519 685 2551 Solin.
724 2521 748 2552 I.
785 2532 814 2552 c.
869 2520 975 2554 Ovid.

236 2561 259 2592 l.
288 2572 316 2591 c.
347 2564 409 2593 143
434 2573 486 2603 sq.

281 2610 351 2638 tam
378 2607 413 2638 in
432 2607 534 2650 regia
560 2608 732 2650 curiisque
757 2613 859 2651 atque
888 2609 972 2641 Fla-

235 2649 364 2681 mz'num
401 2650 569 2693 domibus]
615 2652 724 2692 „Noti
761 2654 976 2686 existimare

239 2704 303 2733 pro
342 2699 411 2726 tam
450 2696 645 2737 legendum
686 2701 755 2728 tum
795 2702 858 2730 aut
894 2699 975 2729 iam.

238 2736 328 2768 Nam
353 2744 455 2781 atque
480 2740 667 2781 significat
689 2741 751 2772 hic
776 2753 899 2784 quam,
938 2745 977 2773 ut

239 2780 359 2812 Plaut.
390 2784 569 2825 Amphitr.
608 2785 645 2826 Ι,
684 2787 721 2826 1,
757 2789 835 2817 287.
891 2787 975 2818 Tam

239 2826 411 2857 consimile
435 2834 482 2860 est
510 2834 642 2871 atque
667 2831 770 2872 ego.“
796 2830 906 2862 Zmin.
932 2846 972 2852 —-

240 2867 283 2898 At
313 2868 362 2899 ihi
391 2876 493 2913 atque
528 2884 596 2904 nou
628 2874 672 2905 ad
702 2880 772 2906 tam
803 2873 974 2915 pertinet,

239 2911 303 2941 sed
339 2913 381 2944 nd
417 2917 599 2949 consimile.
649 2918 706 2949 Cf.
734 2918 852 2950 Hand.
877 2917 974 2950 Tur—

1033 1506 1117 1534 sunt
1147 1502 1271 1533 Curiae
1299 1507 1442 1541 veteres,
1468 1502 1512 1533 de
1536 1501 1668 1544 quibus
1694 1501 1768 1533 vid.

1035 1547 1183 1578 Vax-ron.
1213 1545 1250 1576 L.
1273 1545 1312 1576 L.
1334 1546 1374 1586 V,
1396 1548 1450 1585 32,
1478 1549 1566 1588 155„
1588 1546 1684 1578 Fest.
1710 1556 1768 1587 ap.

1034 1591 1138 1623 Paul.
1173 1590 1235 1621 lib.
1265 1590 1339 1628 ΙΙΙ,
1378 1602 1412 1632 p.
1446 1592 1499 1622 49.
1542 1596 1577 1623 et
1613 1590 1767 1622 Becker.

1032 1635 1179 1667 llandb.
1201 1635 1227 1666 I.
1253 1645 1286 1676 p.
1311 1637 1374 1666 100
1396 1646 1449 1676 sq.
1504 1636 1679 1667 Flamines
1704 1645 1770 1676 pu-

1035 1679 1189 1711 taverim
1238 1690 1319 1710 esse
1370 1679 1510 1711 Dialem
1563 1679 1770 1712 Martialem

1033 1723 1279 1766 Quirinalem,
1294 1725 1353 1765 qui
1369 1724 1585 1756 dicebantur
1601 1724 1770 1756 maiores.

1080 1769 1222 1800 laureae
1247 1793 1275 1800 ..
1302 1769 1541 1811 mutabantur]
1575 1768 1630 1801 Cf.
1657 1768 1771 1801 Soliu.

1036 1813 1058 1844 Ι.
1085 1824 1115 1844 c.
1148 1812 1254 1845 Ovid.
1282 1813 1305 1844 Ι.
1331 1824 1358 1843 e⁴
1386 1816 1449 1844 137
1473 1825 1550 1855 sqq.

1081 1858 1128 1889 ad
1156 1858 1294 1888 Annam
1330 1858 1535 1899 Perennam]
1574 1856 1628 1888 Cf.
1665 1856 1774 1888 Ovid.

1039 1902 1063 1933 l.
1089 1913 1118 1933 c.
1155 1903 1217 1932 145
1244 1913 1295 1943 sq.
1320 1905 1356 1933 et
1379 1904 1454 1933 523.
1488 1902 1635 1934 Caleud.
1659 1901 1773 1933 Vatia.

1039 1946 1152 1978 Orell.
1181 1946 1295 1977 Inser.
1327 1946 1376 1986 11,
1401 1949 1477 1978 387.
1522 1945 1685 1978 Martial.
1714 1945 1773 1985 IV,

1037 1992 1092 2028 64,
1122 1993 1172 2021 17.
1201 1990 1377 2022 Klausen.
1404 1991 1451 2031 ll,
1478 2003 1512 2033 p.
1538 1994 1604 2022 717
1628 2001 1705 2031 sqq.

1083 2039 1121 2066 ut
1148 2046 1281 2066 annare
1311 2046 1568 2077 perennat-eque
1602 2034 1775 2067 commode

1039 2079 1154 2121 liceat]
1189 2078 1244 2110 Cf.
1269 2079 1443 2111 Laureut.
1468 2079 1557 2121 Lyd.
1582 2080 1626 2111 de
1658 2090 1774 2110 mens.

1039 2123 1103 2159 lv.
1130 2125 1206 2154 36.:
1245 2121 1306 2154 καὶ
1346 2120 1448 2165 εὐχαὶ
1484 2123 1652 2165 δημοσίαι
1684 2119 1775 2164 ’ὑπὲρ

1038 2167 1103 2198 τοῦ
1127 2162 1282 2209 ὑγιεινὸν
1312 2166 1480 2208 γενέσθαι
1503 2166 1567 2199 τὸν
1600 2164 1776 2199 ἐνιαυτόν.

1040 2212 1214 2243 Creuzer.
1242 2211 1306 2251 ΙΙΙ,
1338 2223 1369 2253 p.
1395 2214 1472 2243 683.

1086 2258 1117 2287 7.
1163 2256 1332 2287 mercedes
1350 2278 1357 2286 .
1375 2279 1382 2286 .
1408 2267 1495 2297 quas
1518 2255 1694 2297 conpletus
1713 2266 1777 2286 an-

1039 2311 1105 2331 nus
1140 2300 1253 2331 deberi
1279 2300 1381 2341 fecit]
1420 2300 1603 2331 Pantanus
1636 2299 1779 2331 confert

1042 2344 1204 2376 Iuvenal.
1231 2343 1330 2384 ΠΗ,
1355 2346 1421 2375 2⁴2
1447 2344 1535 2386 sq.]:
1576 2344 1690 2384 Haec,
1723 2344 1778 2375 in-

1043 2389 1134 2430 quit,
1173 2399 1286 2427 cures,
1323 2393 1354 2420 et
1385 2400 1460 2420 cum
1491 2399 1526 2421 se
1549 2388 1687 2420 verterit
1711 2399 1777 2419 an-

1042 2444 1127 2471 nus,
1169 2432 1308 2474 Accipe,
1346 2433 1468 2465 victori
1504 2432 1653 2474 populus
1688 2432 1779 2474 quod

1041 2477 1216 2519 postulat,
1255 2488 1395 2517 aurum,
1437 2488 1516 2508 cum
1545 2476 1688 2507 scholio
1717 2486 1780 2506 ve-

1044 2526 1142 2553 tere:
1189 2526 1226 2553 ut
1268 2522 1303 2553 in
1343 2521 1477 2553 theatro
1518 2521 1626 2552 solent
1667 2525 1782 2562 petere

1044 2566 1232 2607 quinque
1258 2575 1422 2597 aureos.
1457 2564 1547 2596 Nam
1567 2576 1635 2596 non
1657 2564 1779 2597 licebat

1043 2610 1193 2652 amplius
1221 2609 1315 2640 (lare.
1345 2625 1386 2632 —
1425 2609 1476 2639 De
1511 2608 1781 2640 constructione

1043 2654 1236 2685 verborum
1259 2653 1372 2685 deberi
1392 2653 1490 2693 fecit,
1511 2652 1584 2684 vid.
1611 2653 1780 2696 prolegg.

1056 2710 1078 2729 1.
1106 2709 1164 2729 xx..

1045 2709 1058 2739 l
1088 2741 1225 2773 comitia
1256 2739 1542 2782 auspicabantur]
1582 2738 1637 2771 Cf.
1665 2738 1780 2772 Solin.

1045 2786 1066 2817 Ι.
1090 2797 1119 2816 e.
1144 2786 1230 2816 adeo
1254 2789 1292 2815 ut
1318 2784 1391 2815 cius
1413 2784 1468 2815 die
1485 2784 1598 2826 prima
1621 2805 1652 2814 ..
1680 2795 1782 2816 sena-

1043 2835 1097 2862 tus
1121 2834 1152 2861 et
1173 2828 1323 2870 populus
1346 2828 1483 2859 comitia
1510 2832 1665 2870 agerent.

1086 2872 1277 2916 vectigalia
1321 2871 1495 2912 locabant]
1545 2872 1600 2904 Cf.
1627 2871 1782 2904 Becker.

1042 2917 1185 2949 Handl).
1212 2916 1259 2956 ΙΙ,
1289 2918 1321 2947 2.
1352 2927 1385 2957 p.
1410 2918 1483 2947 233.
1514 2920 1549 2948 et
1572 2927 1604 2958 p.
1630 2918 1691 2948 2—11
1717 2928 1782 2957 sq..
