1871 3126
202 38 285 81 218
821 32 1096 74 MACROBII

199 150 261 190 nis
294 146 480 202 inpudica
515 148 555 185 et
589 146 833 198 praetextata
868 142 988 184 verba
1019 141 1196 183 iacientis
1225 140 1274 182 ad
1306 141 1497 195 pudorem
1529 154 1574 182 ac
1604 141 1739 182 mode-

138 207 188 248 10
201 206 313 247 stiam
347 215 481 244 versus
514 199 677 240 imitata.
736 199 845 239 Hace
874 211 935 238 res
965 202 1005 238 et
1031 210 1126 238 cura
1154 201 1193 237 et
1224 197 1357 238 studio
1390 197 1507 251 digna
1539 197 1740 239 veteribus

199 262 283 303 visa
315 262 393 299 cst:
435 261 474 297 ct
511 255 587 296 iam
626 254 798 310 primum
830 253 1102 294 animadverto
1134 252 1235 293 duos
1261 266 1362 305 quos
1391 253 1740 307 eloquentissimos

201 315 364 368 antiqua
395 318 502 353 aetas
528 311 638 360 tulit,
683 310 881 351 comicum
910 310 1099 350 Plautum
1135 313 1175 349 et
1202 313 1401 348 oratorem
1432 309 1628 357 Tullium,
1671 322 1739 349 cos

137 375 183 414 ll
202 372 340 412 ambos
369 369 487 410 ctiam
520 368 569 409 ad
601 367 778 407 iocorum
808 370 1058 407 venustatem
1088 364 1230 405 ceteris
1260 363 1514 417 praestitisse.
1572 365 1740 405 Plautus

199 427 360 481 quidem
390 438 435 465 ea
465 438 507 464 re
537 424 664 464 clarus
699 422 788 470 fuit,
830 427 875 462 ut
912 426 1002 475 post
1033 426 1200 461 mortem
1231 419 1315 460 eius
1351 419 1600 468 comoediae,
1638 433 1741 473 quae

200 483 370 524 incertae
402 481 641 527 serebantur,
666 478 873 519 Plautinae
898 483 1030 518 tamen
1059 490 1144 517 esse
1172 475 1220 516 de
1249 475 1427 516 iocorum
1457 475 1571 529 copia
1601 488 1740 515 nosce-

138 541 348 582 terantur.
409 537 550 578 Cicero
579 540 712 575 autem
741 539 934 588 quantun]
965 533 1004 573 in
1034 546 1078 573 ea
1106 546 1149 572 re
1175 531 1343 573 valuerit
1367 530 1456 585 quis
1487 531 1644 584 ignorat
1672 530 1741 584 qui

198 595 259 637 vel
296 593 425 635 liberti
458 593 543 633 cius
581 591 704 632 libros
744 604 846 645 quos
885 590 917 630 is
948 589 997 631 de
1034 588 1131 630 iocis
1167 587 1324 642 patroni
1361 587 1595 642 conposuit,
1639 599 1740 641 quos

288 705 392 748 [Mss.
418 702 615 736 ABGPSV.

198 780 240 786 —
278 765 465 803 praetexta
488 757 613 790 ABGV
637 759 685 797 „2
710 755 855 797 Angl.“.
892 773 936 778 —-

973 760 1014 788 at
1042 756 1208 796 pudorem
1232 754 1346 797 Avag.

197 811 235 838 et
257 806 423 849 pudorem
449 806 495 843 „2
520 801 666 843 Angla&
693 818 734 824 -
759 800 960 831 modestiam
985 800 1090 831 risus

1398 765 1418 786 a
1429 765 1444 786 c
1473 754 1638 796 pudorem
1665 751 1739 784 ich.

1115 810 1140 841 g
1166 799 1200 830 in
1226 810 1299 840 mg.
1439 801 1490 830 10.
1526 799 1665 840 digna
1691 801 1741 829 est

199 851 300 892 (sup.
326 850 419 884 visa)
456 847 494 878 B.
523 865 565 870 -—
593 846 720 878 etiam
746 844 897 886 primum
929 843 1035 875 ASvi.
1083 848 1113 875 et
1146 843 1217 875 iam
1250 843 1369 884 primo
1400 842 1510 884 cnbg.
1551 843 1738 883 „lneptam

198 894 319 926 reddit
345 892 547 924 orationem
573 889 740 922 immissa
764 899 831 919 vox
856 888 938 926 iam,
960 886 1183 919 eliminanda
1205 886 1275 918 fide
1302 885 1542 918 libri.“Pont.
1566 905 1605 909 —
1631 885 1741 917 dahas

199 942 243 977 (a
267 949 286 971 e
311 940 424 975 corr)
451 936 493 967 B.
633 936 683 966 12.
726 933 768 965 de
801 932 942 975 patroni
975 932 1058 964 iocis
1087 942 1166 974 v-g.
1207 948 1249 954 —
1289 942 1352 963 sua
1382 931 1484 963 etiam
1511 930 1549 962 A.
1686 931 1740 960 13.

201 1037 328 1069 Latine
347 1034 553 1078 planipes
576 1033 700 1069 dictus,
724 1031 815 1073 quod
836 1036 931 1063 acto-

197 1092 251 1113 res
273 1081 391 1123 planis
413 1079 576 1121 pedibus,
608 1077 645 1108 id
672 1081 721 1108 est
743 1076 865 1114 audis,
898 1076 933 1106 in

195 1125 410 1168 proscenium
433 1123 626 1161 introirent,
647 1132 726 1160 non,
746 1124 784 1152 ut
806 1120 935 1161 tragici

200 1174 330 1201 actores
354 1179 427 1200 cum
453 1166 649 1204 cothurnis,
681 1175 789 1206 neque
811 1169 849 1196 ut
875 1175 933 1195 co-

197 1214 277 1245 mici
304 1224 378 1245 cum
408 1211 532 1243 soccis:
558 1210 628 1241 sive
647 1210 737 1251 qnod
763 1209 842 1240 olim
866 1219 933 1239 aon

197 1258 232 1289 ‘in
257 1261 428 1300 suggestu
454 1265 586 1294 scenae,
609 1255 668 1285 sed
692 1254 727 1285 in
748 1253 854 1295 plano
879 1263 935 1283 or-

200 1302 352 1333 chestrae
382 1300 504 1342 positis
530 1298 765 1330 instrumentis
790 1297 935 1328 mimicis

196 1346 401 1378 actitabant.
465 1344 570 1376 Cuius
608 1341 807 1384 planipedis
850 1341 935 1372 Atta

199 1395 400 1433 togatarum
433 1389 577 1430 scriptor
611 1387 661 1418 ita
696 1387 730 1417 in
771 1385 936 1416 aedilicia

195 1435 322 1475 sabula
347 1433 517 1464 meminit:
562 1431 722 1462 Daturin’
754 1429 834 1460 estis
868 1440 933 1460 au-

198 1477 300 1510 rum?
336 1477 485 1509 exsultat
512 1475 710 1518 planipes.“
744 1473 856 1504 ZEUN.
892 1490 936 1496 —-

198 1523 299 1554 ldem
344 1521 467 1552 valere
513 1520 657 1552 videtur
703 1518 831 1560 planus
876 1527 934 1558 ap.

199 1567 276 1599 Cic.
302 1578 336 1607 p.
358 1565 499 1597 Cluent.
521 1567 577 1601 26ἢ
598 1566 665 1599 72,
686 1563 833 1594 Petron.
852 1560 930 1593 Sat.

198 1614 266 1650 82„
293 1610 388 1642 Plin.
410 1609 451 1642 N.
478 1609 521 1640 11.
548 1607 689 1647 xXXV,
715 1609 756 1638 10
781 1617 810 1637 s.
834 1608 889 1637 36.
910 1606 930 1645 §

196 1659 250 1686 89.
277 1655 361 1687 Sill.
390 1672 430 1676 —
466 1653 615 1692 Subulo,
652 1651 683 1683 si
716 1650 929 1693 genuinum,

197 1703 254 1731 est
278 1695 375 1738 ἅπαξ
403 1693 609 1739 λεγόμενον,
640 1696 797 1727 fortasse
822 1705 843 1726 a
872 1704 931 1725 sa-

197 1745 284 1776 bulo
314 1743 540 1781 derivatum,
579 1745 618 1772 ut
650 1740 784 1771 nebulo
816 1750 837 1771 a
869 1749 931 1770 ne-

197 1789 303 1827 bula,
341 1787 434 1829 quod
458 1785 604 1827 quidem
635 1788 746 1826 negat
770 1783 931 1815 Doeder-

198 1833 295 1864 linus
322 1832 457 1874 Synon.
483 1830 541 1870 Vl,
564 1841 597 1871 p.
623 1830 701 1861 234.
725 1832 760 1860 et
786 1828 930 1859 Handb.

197 1877 367 1919 ‹LEt-ym.
392 1887 425 1917 p.
444 1877 518 1906 119.
551 1874 624 1905 Eos
649 1876 746 1904 certe
770 1873 847 1904 sere
873 1883 933 1903 eo-

198 1922 279 1953 dem
316 1931 424 1952 sensu
463 1919 638 1951 dicimus:
677 1918 783 1949 einem
813 1916 933 1948 Sand

199 1967 234 1997 in
259 1966 315 1997 die
334 1966 458 2006 Augen
483 1969 617 1995 strenen
642 1966 678 1993 et
702 1962 809 1993 ciuem
834 1961 932 1993 einen

198 2011 351 2042 blauen
381 2009 518 2039 Dunst
543 2006 756 2038 vormachen.

242 2053 408 2095 inpudica
463 2056 494 2083 et
544 2054 764 2092 praetextata
815 2047 931 2089 verba]

198 2098 452 2138 „Praetextata
475 2095 577 2126 verba
605 2094 690 2135 quid
723 2092 816 2132 sint,
852 2102 933 2123 eum

200 2153 242 2173 ex
276 2141 346 2172 hoc
383 2141 461 2171 loco
497 2137 660 2179 intelligi
693 2141 832 2178 potest,
870 2135 933 2166 ubi

200 2188 451 2228 permutantur
485 2194 565 2214 eum
603 2181 814 2222 impudicis,
857 2184 932 2212 tum

200 2242 243 2262 ex
271 2230 368 2261 Gell.
393 2228 461 2267 lx,
489 2230 541 2259 10.
566 2226 599 2267 [ἓ
624 2226 691 2268 4.],
736 2225 797 2256 ubi
821 2235 934 2266 oppo-

199 2278 334 2306 nuntur
353 2272 454 2315 puris
480 2276 515 2303 et
539 2270 716 2302 honestis.
749 2269 819 2301 Sed
840 2269 934 2300 unde

200 2319 254 2351 sie
279 2318 468 2355 dicantur,
500 2316 595 2347 inter
618 2315 837 2356 interpretes
864 2323 933 2344 non

200 2362 381 2395 convenit.
412 2360 543 2392 Festus
566 2360 710 2402 quidem
736 2358 815 2399 [lib.
841 2357 933 2396 XVI,

200 2420 235 2450 p.
259 2407 353 2448 245.]
392 2405 445 2437 sic
487 2404 586 2436 dieta
619 2414 700 2435 esse
734 2401 932 2440 contendit,

200 2451 292 2493 quod
321 2449 542 2482 nubentibus
566 2447 743 2490 depositis
767 2450 933 2489 praetex-

200 2496 247 2528 tis
271 2496 430 2528 clamata
459 2494 533 2525 sint
557 2494 737 2525 obscoena
763 2502 782 2523 a
807 2490 932 2522 multi-

200 2540 324 2573 tudine
359 2549 566 2581 puerorum.
616 2537 686 2569 Sed
723 2535 806 2567 vide
841 2545 933 2576 quae

199 2589 324 2616 eontra
348 2584 446 2615 dicat
471 2581 678 2615 Gronovius
701 2581 745 2613 ad
770 2579 931 2611 Gellium

198 2630 223 2660 l.
250 2630 300 2660 1.“
325 2629 435 2660 ΖΕυΝ.
469 2646 503 2650 -
534 2626 667 2658 Festus
700 2626 724 2657 l.
755 2636 785 2656 c.
820 2623 932 2656 aliam

199 2673 403 2715 praemittit
441 2670 800 2713 interpretationem:
843 2668 934 2710 quod

197 2718 424 2759 praetextatis
446 2718 547 2757 nefas
573 2716 617 2748 sit
645 2716 806 2746 obscoeno
833 2712 933 2744 verbo

198 2762 261 2793 uti.
308 2761 399 2800 Alii,
438 2764 477 2792 ut
502 2759 707 2791 Freuudius
737 2758 773 2790 in
801 2756 934 2795 lexico,

200 2805 326 2837 dicunt
348 2808 575 2846 praetextata
598 2814 679 2835 esse
706 2803 829 2835 velata
853 2811 935 2832 ver-

199 2849 263 2881 ba:
304 2850 516 2888 „verbliimte
548 2849 703 2881 lVorte“·
752 2844 934 2878 Forcelli-

201 2903 268 2925 nus
319 2904 400 2925 esse
453 2893 565 2925 verba
612 2891 744 2933 quibus
792 2888 934 2931 aliquid

1002 1028 1189 1072 praemitti
1211 1029 1268 1062 vel
1293 1027 1455 1070 praetexi
1481 1028 1609 1060 debeat
1624 1027 1740 1058 hono-

1002 1074 1053 1106 ris
1090 1084 1211 1105 causa.
1278 1074 1382 1115 Quae
1422 1073 1533 1104 verba
1570 1072 1741 1104 dieantur

998 1123 1222 1162 praetextata
1264 1118 1389 1159 (quam
1435 1117 1658 1158 scripturam
1703 1115 1738 1147 in

1003 1167 1104 1194 tanto
1131 1173 1309 1194 consensu
1333 1161 1489 1194 aliorum
1516 1161 1738 1203 scriptorum

1003 1206 1103 1238 nolui
1136 1210 1300 1246 mutare,
1329 1205 1494 1248 quumvis
1524 1206 1641 1237 maior
1678 1215 1738 1235 co-

1003 1252 1124 1282 dicum
1147 1262 1318 1282 numerus
1346 1251 1479 1282 habeat
1506 1251 1734 1293 praetexta),

1003 1296 1108 1327 docet
1135 1295 1245 1327 etiam
1269 1294 1480 1334 Suetonius,
1506 1295 1566 1336 qui
1587 1295 1738 1334 Vespas.

1003 1351 1032 1372 e.
1054 1342 1108 1370 22.
1137 1341 1223 1371 Erat
1249 1340 1358 1379 enim,
1382 1339 1515 1380 inquit,
1541 1338 1738 1370 dicacitatis

999 1385 1173 1427 plurimae
1198 1389 1227 1415 et
1253 1385 1300 1415 sic
1324 1384 1478 1415 scurrilis
1503 1395 1542 1415 ae
1564 1382 1738 1419 sordidae,

1002 1434 1038 1460 vt
1065 1439 1107 1459 ne
1130 1429 1418 1470 praetextatis
1439 1427 1575 1469 quidem
1597 1426 1738 1458 verbis

1004 1473 1201 1505 abstineret.

1050 1519 1101 1548 10.
1149 1515 1268 1548 ceteris
1287 1514 1515 1558 praestitisse]
1537 1512 1636 1545 Alias
1657 1512 1737 1545 Ma-

999 1560 1146 1593 crobius
1186 1561 1256 1591 hoe
1294 1560 1444 1590 verbum
1481 1558 1603 1601 iungit
1653 1568 1735 1588 eum

999 1604 1220 1638 accusativo.
1255 1603 1332 1635 Yid.
1359 1611 1430 1635 not.
1458 1603 1502 1635 ad
1528 1605 1555 1643 l,
1582 1603 1638 1642 23,
1658 1603 1678 1641 g
1704 1604 1736 1633 6.

1046 1652 1098 1680 11.
1149 1649 1335 1680 Plautinae
1357 1658 1428 1679 esse
1450 1671 1458 1679 .
1472 1671 1481 1679 .
1503 1644 1733 1687 noscerentur]

998 1693 1166 1726 Notanda
1203 1696 1259 1724 est
1300 1693 1495 1724 verborum
1535 1695 1733 1728 structura,

999 1738 1102 1770 ‹tuins
1140 1748 1205 1779 par
1239 1736 1385 1768 omnino
1423 1736 1629 1777 exemplunm
1665 1745 1735 1765 non

999 1781 1120 1815 inveni
1165 1781 1259 1823 apud
1302 1780 1543 1812 Macrobium.
1604 1779 1657 1810 De
1697 1789 1736 1810 re

1000 1827 1072 1859 vid.
1098 1826 1192 1858 Gell.
1218 1824 1260 1857 N.
1282 1825 1319 1856 Α.
1347 1825 1414 1864 Ill,
1436 1828 1456 1856 3
1481 1836 1557 1866 sqq.

1044 1874 1097 1902 12.
1138 1871 1191 1902 vel
1217 1870 1329 1901 liberti
1356 1870 1429 1901 eins
1452 1868 1568 1910 libros]
1593 1866 1737 1909 „Quin-

1001 1915 1153 1947 tilianus
1179 1914 1357 1946 lnstitutt.
1390 1914 1456 1951 H,
1485 1915 1515 1944 4.
1552 1912 1675 1954 [immo
1702 1914 1736 1950 3,

1000 1959 1063 2001 5.]:
1103 1960 1253 1997 Utinam,
1281 1957 1410 1999 inquit,
1437 1958 1617 1989 libertus
1647 1956 1736 1988 eius

1006 2005 1122 2042 Tiro,
1159 2008 1220 2035 aut
1259 2003 1350 2033 alius
1379 2002 1533 2044 quisquis
1566 2001 1641 2041 suit
1676 2000 1735 2041 qui

1001 2048 1042 2079 de
1066 2048 1130 2078 hac
1154 2058 1190 2078 re
1221 2046 1386 2084 (facetiis
1412 2050 1447 2077 et
1473 2045 1562 2076 iocis
1588 2043 1734 2075 Cicero-

1002 2092 1076 2132 nis)
1109 2091 1211 2122 libros
1237 2091 1362 2128 edidit,
1397 2090 1538 2132 parcius
1567 2089 1734 2120 dictorum

1000 2146 1141 2167 numero
1162 2135 1383 2166 indulsissent
1405 2139 1436 2166 et
1456 2134 1536 2175 plus
1558 2133 1679 2164 iudicii
1698 2133 1734 2163 in

1001 2180 1173 2222 eligendis
1194 2190 1296 2220 quam
1321 2180 1355 2209 in
1383 2178 1608 2220 congerendis
1628 2177 1736 2208 studii

1001 2224 1251 2256 ablzibuissent:
1288 2224 1402 2254 minas
1434 2223 1581 2254 obiectus
1606 2221 1736 2253 calum-

1000 2268 1178 2300 niantibus
1207 2268 1301 2306 soret
1337 2268 1438 2306 (nam
1476 2266 1604 2297 Cicero
1640 2275 1660 2297 a
1694 2264 1733 2296 L.

1002 2312 1149 2354 Papirio
1179 2311 1290 2343 Paeto
1324 2322 1465 2352 quoque
1494 2321 1613 2342 scurra
1644 2309 1735 2342 veles

1002 2357 1121 2388 (lictus
1142 2357 1229 2394 est),
1255 2357 1313 2398 qui
1338 2361 1452 2388 tamen
1475 2366 1565 2386 viane
1590 2364 1733 2396 quoque,

1000 2407 1038 2434 ut
1059 2402 1093 2432 in
1114 2401 1205 2432 omni
1226 2401 1299 2432 eius
1324 2400 1466 2443 ingenio
1484 2400 1632 2440 facilius
1651 2398 1734 2441 quid

1000 2446 1096 2477 reiici
1121 2456 1223 2487 quam
1250 2445 1332 2487 qnid
1355 2445 1462 2476 adiici
1485 2444 1611 2486 possit,
1637 2443 1734 2474 inve-

999 2491 1105 2522 nient.
1136 2488 1239 2521 conf.
1260 2488 1413 2520 Corradi
1440 2488 1591 2529 Qnaest-
1621 2498 1653 2528 p.
1677 2487 1733 2516 41.

1001 2535 1055 2566 ed.
1082 2533 1200 2575 Lips.,
1237 2533 1297 2565 ubi
1325 2532 1454 2564 Cicero
1487 2535 1522 2563 et
1556 2531 1733 2563 adversus

999 2577 1192 2610 Plutarchi
1239 2576 1515 2609 criminationes
1567 2573 1734 2606 defendi-

999 2624 1096 2655 tur.“
1123 2622 1235 2653 me.

1045 2668 1087 2698 de
1111 2666 1193 2698 iocis
1216 2663 1369 2705 patroni]
1398 2661 1613 2702 „Eiusmodi
1637 2660 1730 2693 anti--

1000 2711 1123 2752 quitus
1175 2708 1296 2740 libelli
1351 2708 1502 2749 ineptiae
1549 2704 1730 2747 inscripti.

1000 2752 1240 2795 Tranquillus
1277 2752 1335 2793 [de
1371 2751 1424 2782 ill.
1457 2761 1613 2792 gramm.
1639 2749 1728 2790 21.]:

1001 2800 1113 2840 Atque
1138 2821 1166 2829 ..
1193 2796 1324 2828 libellos
1352 2795 1633 2836 ineptiarum,
1672 2794 1730 2835 qui

1000 2854 1091 2875 nunc
1115 2842 1297 2873 iocorum
1323 2840 1570 2879 inscribuntur,
1595 2849 1730 2881 compo-

1000 2897 1080 2920 nere
1100 2885 1290 2920 instituit.“
1315 2883 1428 2917 Pon'r.
