1844 3168
376 42 851 87 SATURNALIORUM
894 41 992 84 Lllss.
1030 43 1058 83 l.
1099 40 1216 83 CAP.
1250 41 1343 82 xli.
1551 40 1628 81 105

86 170 174 198 vum
217 157 337 198 boves
369 157 565 212 Geryonis
598 170 667 212 per
700 169 815 209 agros
850 155 986 196 ltaliae
1020 155 1204 203 duceret,
1248 152 1395 194 sitienti
1428 151 1631 206 respondit

86 213 226 254 mulier
257 227 400 267 aquam
440 227 481 253 se
512 227 591 253 non
621 227 738 268 posse.
769 219 986 267 praestare,
1035 211 1142 266 qnod
1175 210 1408 251 seminarum
1441 208 1538 249 deae
1569 222 1630 248 ce-

87 270 306 310 lebraretur
336 270 420 310 dies
451 284 520 309 nec
550 284 595 309 ex
626 284 673 310 eo
705 275 896 324 apparatu
923 268 1014 309 siris
1043 274 1201 319 gustare
1233 268 1288 307 sas
1318 271 1439 306 esset:
1471 270 1633 319 propter

85 326 192 381 quod
226 327 415 366 llercules
446 327 620 367 liu-turus
651 340 807 366 sacrum
840 326 1059 365 detestatus
1087 329 1147 364 est
1178 323 1440 377 praesentiam
1470 322 1631 362 semina-

84 397 194 431 rum,
224 388 261 422 et
292 383 442 423 Potitio
479 398 523 423 ae
556 382 714 423 l’inario
745 396 948 423 sacrorum
981 380 1215 421 custodibus
1252 379 1365 419 iussit
1407 393 1454 419 ne
1492 378 1631 419 mulie-

86 453 166 479 rem
197 439 386 479 interesse
414 440 698 493 permitterent.
758 440 864 478 Ecce
885 437 1042 478 occasio
1068 436 1251 483 nominis,
1277 435 1464 489 quoniam
1483 435 1698 475 Malana-20

85 496 249 535 eandem
292 510 377 536 esse
414 501 452 535 et
488 502 629 536 terram
668 501 705 536 et
739 496 888 535 Bonam
920 495 1046 534 Deam
1087 492 1274 540 diximus,
1319 491 1447 540 coegit
1482 506 1552 531 nos
1584 491 1632 530 de

85 552 194 592 Bona
234 553 316 593 Dca
349 566 626 606 quaecumque
655 551 909 605 conperimus
941 549 1164 604 protulisse.
1224 547 1364 588 lunius
1390 547 1540 587 Maium
1573 548 1700 588 so-:JO

86 608 236 661 quitur,
270 613 338 648 aut,
366 622 411 648 ex
440 614 549 662 parte
579 608 727 663 populi,
757 613 801 648 ut
833 620 951 660 supra
983 606 1167 654 diximus,
1199 604 1447 653 nominatus,
1481 609 1560 652 aut,
1591 609 1634 643 ut

87 664 252 718 (jingius
292 664 527 713 arbitratur,
577 664 684 718 quod
728 663 922 704 Iunonius
964 662 1069 717 apud
1106 661 1270 702 Latinos
1310 666 1400 701 ante
1436 660 1632 701 vocitatus

86 721 235 774 dinque
270 721 375 774 apud
416 721 600 762 Aricinos
634 720 999 773 l'raenestinosque
1038 719 1111 759 hae
1147 717 1411 772 appellatione
1443 717 1481 757 in
1511 716 1633 756 fastos

88 777 236 817 relatus
264 777 336 825 sit,
376 777 476 817 adeo
508 783 568 826 ut,
614 777 717 818 sicut
748 777 867 819 Nisus
900 776 938 816 in
969 774 1277 817 Commentariis
1307 774 1500 814 fastorum
1527 773 1635 821 dicit,

87 834 192 887 apud
223 833 392 874 maiores
424 847 588 888 quoque
626 840 785 874 nostros
822 833 918 873 haec
955 831 1166 887 appellatio
1201 831 1346 872 mensis
1378 830 1445 871 diu
1478 843 1632 870 manse-

87 890 156 939 rit,
188 890 253 930 sed
291 895 380 944 post
410 890 563 931 detritis
600 890 839 944 quibusdam
878 889 1017 929 litteris
1054 902 1100 928 ex
1131 887 1302 928 lunonio
1339 887 1475 927 lunius
1505 886 1634 927 dictus

87 946 148 987 sit.
209 947 309 988 Nam
350 952 388 987 et
426 947 542 987 aedes
577 947 721 987 Iunoni
756 947 943 987 Monetae
978 944 1146 986 Kalend.
1183 944 1310 985 Iuniis
1348 943 1525 984 dedicata
1563 948 1633 983 est.

87 1003 277 1046 Nonnulli
318 1008 557 1058 putaxcrunt
595 1003 754 1045 Iunium
795 1016 971 1044 mensem
1005 1016 1028 1042 a
1059 1000 1176 1043 lunio
1214 1001 1340 1042 Bruto
1376 999 1444 1054 qui
1483 999 1695 1055 primus31

1141 1114 1232 1146 Edd.
1258 1112 1542 1157 vicahgspdzb]

89 1170 231 1203 Herculi
263 1171 349 1204 Edd.
379 1171 417 1204 P.
444 1189 485 1195 —-
508 1183 570 1214 per
598 1172 722 1204 Italiae
748 1183 854 1213 agros
878 1182 957 1214 v-g.
984 1189 1027 1194 —
1057 1181 1157 1213 posse
1182 1181 1251 1202 om.
1275 1170 1354 1202 add.
1380 1180 1400 1202 a
1426 1180 1497 1201 sec.
1526 1180 1572 1201 m.
1594 1168 1634 1200 A·

86 1235 129 1239 —
158 1216 268 1258 potio
290 1216 329 1248 Ρ.
464 1219 518 1248 29.
563 1218 725 1259 quoniam
752 1217 883 1248 Maiam
911 1215 1043 1257 scripsi
1075 1227 1093 1246 e
1122 1214 1214 1246 coni.
1263 1215 1426 1257 quoniam
1451 1217 1566 1253 (corr.
1598 1213 1633 1245 in

88 1272 187 1302 quom
214 1261 301 1301 iam,
339 1272 408 1292 om.
440 1262 590 1299 Maiam)
620 1262 660 1292 Β.
710 1274 781 1304 quo
813 1262 943 1293 Maiam
978 1260 1040 1292 AG
1066 1259 1274 1291 E‹1‹¹.1'Sv.
1313 1278 1356 1283 —
1394 1270 1464 1291 esse
1490 1259 1634 1291 eundem

87 1314 165 1346 v-g.
188 1323 231 1328 —
257 1307 377 1338 bonam
404 1307 503 1338 deam
528 1310 618 1344 (οιιι.
642 1310 690 1343 et)
713 1306 775 1338 AG
803 1306 851 1347 (B
876 1317 895 1338 a
923 1318 954 1348 p.
981 1306 1060 1345 ιη).
1084 1324 1128 1328 —
1153 1304 1317 1347 diximus]
1343 1305 1362 1344 §
1385 1307 1439 1335 21.
1470 1323 1508 1327 —
1541 1313 1635 1336 esse

88 1350 238 1382 diximus
264 1352 300 1382 Α.
323 1369 362 1374 -
391 1352 645 1393 quodcumque
665 1351 708 1383 G.
846 1353 898 1382 30.
936 1352 1019 1393 Cap.
1047 1350 1109 1382 IX.
1143 1351 1264 1382 Iunius
1289 1361 1307 1380 v
1333 1350 1364 1390 (i
1392 1350 1475 1392 Cap.
1502 1349 1635 1386 ΓΗΒ).

86 1411 128 1418 —-
156 1395 276 1437 supra]
303 1397 323 1434 ,ὃ
353 1398 402 1427 16.
428 1413 468 1419 -
495 1396 672 1439 cingnius
698 1395 737 1427 Α.
790 1396 941 1428 Cincius
967 1395 1041 1427 s-l».
1072 1413 1113 1417 —
1152 1395 1297 1427 Iunonis
1323 1404 1353 1426 v.
1390 1413 1434 1417 —
1472 1394 1635 1425 dedicata

89 1445 137 1472 est
247 1440 417 1472 Kalendis
445 1442 554 1473 Iuniis
583 1443 622 1481 (ἓ
653 1441 726 1481 31.)
759 1451 829 1472 om.
854 1440 936 1473 add.
962 1440 997 1472 in
1025 1451 1098 1483 mg.
1126 1440 1167 1472 G.
1307 1442 1362 1470 31.
1401 1439 1490 1481 quod
1523 1449 1637 1470 mense

133 1551 206 1572 cum
230 1540 329 1572 boves
351 1541 517 1583 Geryonis

90 1596 122 1615 c.
153 1587 202 1616 11.
228 1587 248 1625 ,ὃ
273 1587 326 1617 47.

141 1630 265 1662 Potitio
305 1641 344 1662 ac
385 1629 542 1671 Pinario]

96 1676 134 1705 12
161 1686 238 1716 sqq.

136 1718 331 1751 custodibus
367 1718 465 1750 iussit
501 1729 544 1750 ne
585 1741 617 1749 ..

93 1764 183 1805 rent]
211 1763 289 1794 vid.
319 1763 487 1805 prolegg.
512 1774 543 1804 p.
571 1773 628 1794 n..

135 1812 191 1840 29.
230 1809 315 1840 Ecce
335 1809 467 1839 occasio
488 1808 646 1845 nominis,
669 1808 831 1850 quoniam

541 1564 571 1573 ..
595 1541 746 1584 duceret]
772 1540 828 1573 Cf.
895 1543 938 1572 59
962 1552 1040 1582 sqq.
1068 1540 1202 1582 Inspice
1227 1551 1310 1582 quos
1330 1539 1454 1572 habeat
1478 1548 1636 1571 nemora-

897 1586 939 1618 lis
966 1585 1119 1618 Aricia
1137 1587 1273 1624 fastos.-
1301 1585 1344 1617 Et
1366 1584 1517 1627 populus
1538 1583 1635 1615 Lau-

898 1642 991 1671 rens,
1023 1630 1284 1672 Lanuviumque
1308 1641 1438 1661 meum.-
1475 1630 1539 1661 Est
1565 1629 1637 1659 illic

898 1675 1054 1708 mensis
1084 1675 1306 1706 Iunonius.
1357 1674 1490 1716 Inspice
1519 1673 1636 1712 Tibur,

900 1721 946 1752 Et
989 1719 1321 1752 Praenestinae
1358 1719 1494 1750 moenia
1535 1728 1638 1749 sacra

900 1766 1002 1797 deae:
1026 1763 1238 1795 Iunonale
1263 1764 1357 1805 leges
1376 1768 1518 1805 tempus.
1567 1761 1638 1793 Fe-

901 1815 978 1841 stus
1011 1809 1104 1850 apud
1143 1808 1245 1839 Paul.
1289 1808 1352 1839 lib.
1386 1807 1455 1846 lx,
1500 1818 1532 1849 p.
1565 1808 1637 1839 103.

588 1629 643 1662 cr.
688 1629 761 1671 ln,
795 1632 826 1669 6,

652 1718 829 1761 permitte-

96 1854 227 1885 Maiam
247 1853 390 1884 eandem
411 1863 504 1884 esse.
522 1876 551 1884 ..
573 1852 736 1894 diximus]
762 1852 831 1883 Pro

92 1899 254 1941 quoniam
292 1898 403 1938 vulgo
439 1897 577 1939 iegitur
617 1909 694 1939 quo.
743 1897 832 1929 Pro-

93 1954 222 1974 nomen
250 1942 292 1974 ad
320 1943 538 1983 antecedens
561 1943 710 1973 nominis
737 1942 831 1973 refe-

93 1989 241 2019 rendum
283 1986 372 2018 ferri
413 1987 557 2029 nequit;
596 1987 830 2028 ‹pianiobrem

92 2032 256 2075 Symbol.
290 2043 322 2073 p.
353 2034 386 2063 8.
418 2032 558 2063 conieci
596 2031 830 2063 scribendum

93 2089 174 2110 esse
217 2077 400 2119 quoniam
444 2077 620 2115 Maiam,
674 2077 828 2109 eandem.

93 2123 207 2154 verae.
237 2126 271 2153 et
299 2122 430 2163 plenae
457 2121 664 2164 scripturae
687 2122 833 2153 videtur

94 2168 210 2200 altera
235 2176 317 2208 pars
341 2172 488 2198 servata
512 2177 592 2198 esse
616 2166 651 2198 in
674 2167 752 2198 cod.
773 2166 830 2198 B.:

94 2212 270 2255 quoniam
298 2212 451 2251 eandem,
471 2211 588 2243 altera
614 2211 649 2243 in
679 2211 831 2243 ceteris:

95 2269 161 2300 quo
211 2257 367 2288 Maiam
417 2257 573 2288 eandem.
642 2256 831 2288 Particula

95 2301 257 2343 quoniam
291 2301 383 2332 bene
421 2312 460 2332 se
500 2301 610 2332 habet
650 2301 684 2332 in
722 2311 832 2333 cansa

96 2345 260 2377 fortuita.
341 2344 419 2376 Vid.
470 2345 736 2388 Stuerenburg.
786 2346 830 2377 ad

96 2390 174 2422 Cic.
201 2390 245 2420 «le
272 2388 367 2419 offic.
391 2389 417 2427 l,
443 2391 480 2427 3,
507 2393 555 2429 8.,
586 2395 621 2421 et
647 2390 691 2422 de
718 2391 832 2432 parti-

96 2434 180 2466 cula.
205 2444 278 2465 ecce
303 2433 470 2476 prolegg.
500 2444 530 2474 p.
558 2444 632 2465 xm.

140 2479 253 2521 coegit
276 2489 336 2509 nos
370 2500 405 2508 ..
437 2478 638 2520 protulisse]
675 2477 834 2510 Infiniti-

99 2535 162 2556 vus
189 2522 340 2564 perfecti
371 2533 433 2563 pro
461 2522 644 2564 praesenti
674 2522 832 2563 ponitur,

97 2579 177 2600 eum
200 2579 268 2599 uon
293 2568 336 2598 ad
361 2567 457 2599 idem
479 2573 634 2608 tempus,
658 2579 727 2609 qno
753 2578 834 2599 ver-

97 2614 181 2645 bum
205 2612 336 2655 coegit,
376 2612 438 2644 sed
466 2612 509 2644 ad
536 2612 571 2644 id
596 2612 715 2654 ipsum
742 2616 833 2644 tem-

97 2669 164 2700 pus
202 2657 402 2698 referatur,
450 2668 519 2699 quo
558 2657 652 2690 haec
694 2656 834 2699 scripta

97 2706 192 2734 sunt.
256 2700 358 2733 Conf.
403 2703 572 2744 prolegg.
616 2714 648 2744 p.
694 2712 752 2734 xm.
799 2706 835 2733 et

99 2745 228 2778 nausii
271 2751 344 2777 not.
383 2748 461 2777 453.
501 2747 545 2779 ad
583 2746 728 2789 Reisig.
771 2746 833 2778 lat.

98 2790 460 2833 Spraehwissensch.

143 2838 197 2867 30.
247 2835 427 2878 Iunonius]
456 2835 511 2867 Cf.
537 2834 642 2868 Ovid.
662 2834 835 2874 Fastwl,

99 2881 172 2918 26.‚
212 2880 275 2912 ubi
314 2880 403 2912 luno
441 2880 622 2922 loquitur:
668 2881 788 2913 Iunius
815 2891 837 2912 α

100 2929 214 2957 nostro
252 2925 385 2957 nomine
419 2936 539 2958 nomen
573 2925 694 2963 habet,
743 2929 836 2957 etv.

902 1854 1029 1886 Muell.
1057 1853 1222 1885 Iunium
1245 1863 1390 1884 mensem
1417 1852 1546 1884 dictum
1567 1863 1637 1894 pu-

900 1904 976 1932 tant
1003 1910 1023 1930 a
1054 1898 1098 1929 Iu
1110 1909 1130 1928 n
1142 1909 1224 1929 one.
1277 1898 1382 1929 Iidem
1409 1898 1520 1939 ipsum
1547 1898 1639 1929 (licc-

900 1945 983 1976 bant
1012 1943 1194 1975 Iunonium
1226 1947 1257 1974 et
1288 1943 1497 1974 lunonalem.
1545 1940 1640 1973 Ceu-

901 1988 1013 2021 sorin.
1039 1990 1094 2023 22,
1125 1989 1176 2018 12.
1207 1988 1341 2019 Iunium
1368 1997 1500 2029 quoque
1525 1998 1545 2018 a
1575 1987 1639 2018 Iu-

900 2044 1004 2066 none
1027 2033 1165 2075 potius,
1191 2043 1293 2074 quam
1318 2032 1523 2070 iunioribus,
1549 2031 1639 2074 quod

901 2078 961 2110 illo
1001 2088 1114 2110 mense
1151 2078 1299 2109 maxime
1338 2077 1462 2109 Iunoni
1495 2077 1640 2109 honores

901 2123 1080 2155 habentur.

947 2168 1049 2199 aedes
1089 2166 1214 2198 Iunoni
1251 2166 1412 2198 Monetae
1447 2165 1528 2197 Kal.
1563 2166 1639 2198 Iun.

902 2212 1064 2244 dedicata
1084 2210 1145 2253 est]
1172 2221 1202 2243 a.
1232 2221 1263 2242 u.
1293 2221 1321 2242 c.
1346 2209 1559 2242 cccxm‘l.
1598 2210 1638 2242 L.

899 2256 1011 2288 Furio
1047 2256 1223 2294 Camillo,
1263 2255 1326 2297 qui
1356 2265 1434 2287 eam
1460 2255 1557 2287 inter
1584 2254 1641 2297 ip-

900 2313 978 2334 sam
1018 2300 1294 2333 dimicationem
1342 2311 1422 2332 cum
1461 2300 1641 2332 Auruncis

900 2351 1051 2379 voverat
1079 2345 1220 2377 Iunoni.
1268 2345 1385 2377 Locus
1411 2345 1445 2377 in
1468 2355 1551 2377 arce
1578 2345 1640 2376 de-

901 2390 1059 2423 stinatus
1085 2395 1160 2429 est,
1186 2400 1277 2432 quae
1304 2400 1389 2421 area
1416 2390 1561 2422 aedium
1588 2389 1639 2421 M.

902 2435 1031 2467 Manlii
1062 2435 1263 2477 Capitolini
1290 2435 1421 2466 suerat.
1470 2435 1528 2467 Cf.
1561 2433 1639 2466 Liv.

901 2480 959 2518 ΥΙ,
982 2483 1039 2518 20,
1066 2483 1116 2511 13.
1141 2484 1176 2512 et
1195 2480 1272 2518 Vll,
1295 2483 1350 2519 28,
1375 2481 1422 2517 4.,
1448 2478 1640 2511 Plutarch.

902 2524 1053 2556 Camill-
1077 2527 1143 2562 36..
1172 2525 1238 2556 Dio
1253 2524 1352 2556 Cass.
1373 2524 1416 2555 fr.
1440 2526 1506 2559 31..
1534 2523 1640 2556 Ovid.

902 2568 1000 2601 Fast.
1025 2569 1083 2609 vl,
1113 2572 1174 2600 183
1200 2580 1296 2611 sqq.,
1341 2568 1460 2600 Valet.
1489 2568 1586 2599 Max.
1610 2567 1641 2609 1,

900 2616 934 2651 8,
959 2615 1013 2652 3.‚
1052 2613 1216 2645 Lactant.
1244 2614 1290 2653 11,
1316 2617 1348 2654 7,
1373 2615 1446 2651 il.‚
1484 2612 1641 2645 Becker.

901 2657 1045 2689 Handb.
1069 2658 1096 2688 Ι.
1122 2669 1155 2699 p.
1179 2660 1246 2689 392
1271 2669 1343 2699 sq..
1383 2657 1566 2698 Hartung.
1594 2656 1642 2688 11.

903 2714 934 2744 p.
950 2705 1018 2741 69.,
1045 2701 1262 2734 Schwenck.
1281 2701 1438 2744 Mythol.
1464 2702 1496 2733 d.
1514 2702 1641 2734 Roem.

903 2759 936 2788 p.
957 2748 1031 2785 41..
1072 2746 1277 2788 Boettiger.
1304 2747 1356 2777 ld.
1384 2746 1431 2786 11,
1458 2758 1491 2788 p.
1516 2748 1582 2777 226
1606 2750 1642 2778 et

902 2794 979 2823 291.
1027 2790 1136 2822 haur.
1166 2791 1256 2833 Lyd.
1292 2790 1356 2829 IV,
1385 2793 1440 2822 57.
1480 2787 1642 2822 Καλέν-

905 2835 1006 2872 δαις
1035 2831 1240 2873 Ἰουνίαις
1274 2832 1403 2877 ἑορτὴ
1426 2830 1559 2877 “Ηρας
1581 2833 1643 2868 καὶ

906 2876 1009 2922 εὐχαὶ
1031 2876 1068 2913 ἐν
1091 2879 1140 2924 τῷ
1164 2879 1395 2923 Καπετωλίῳ.

949 2926 1003 2955 31.
1053 2936 1075 2957 a
1104 2925 1202 2958 lunio
1231 2924 1356 2966 Bruto]
1396 2924 1499 2958 Hanc
1530 2923 1642 2956 huius
