1845 3131
238 150 297 189 tis.
356 146 457 186 Erat
485 146 618 183 autem
647 141 873 194 Antigonus
901 154 983 182 uno
1007 141 1172 182 orbatus
1201 144 1329 184 oculo.
1387 145 1442 186 Et
1468 146 1682 201 inportuna
1709 161 1777 189 ur-

176 205 224 246 13
237 202 392 244 banitas
426 198 527 239 male
562 196 737 238 dicacem
777 197 865 237 luce
900 197 1079 251 privavit.
1145 198 1228 239 Nec
1260 201 1482 253 negaverim
1519 202 1777 258 philosophos

240 269 405 313 quoque
446 252 660 294 incurrisse
707 265 1009 306 nonnumquam
1061 265 1131 306 per
1173 253 1480 307 indignationem
1530 258 1606 299 hoc
1652 273 1778 312 genus

238 309 479 354 scommatis.
539 309 640 350 Nam
667 322 757 349 cum
790 307 892 360 regis
920 308 1085 348 libertus
1112 307 1161 348 ad
1189 323 1310 350 novas
1338 310 1492 352 divitias
1515 327 1644 367 nuper
1670 328 1776 355 erec-

235 374 300 408 tus
337 363 597 420 philosophos
633 364 681 404 ad
717 363 941 404 convivium
976 370 1254 417 congregasset
1303 371 1342 406 et
1382 366 1590 409 inridendo
1634 383 1773 410 eorum

235 422 452 463 minutulas
484 419 739 474 quaestiones
769 419 870 459 scire
904 432 945 459 se
974 419 1072 460 velle
1105 419 1273 461 dixisset
1308 434 1379 461 cur
1418 435 1465 461 ex
1500 423 1612 476 nigra
1650 431 1690 465 et
1729 436 1777 466 ex

236 478 326 519 alba
357 477 446 517 faba
475 476 725 529 pulmentum
755 475 876 515 unius
911 474 1056 515 coloris
1089 475 1251 525 edatur,
1295 476 1477 518 Aridices
1512 478 1774 533 philosophus

238 533 400 587 indigne
431 531 578 572 ferens:
610 532 669 572 Tu
695 532 822 580 nobis,
849 530 996 584 inquit,
1025 531 1193 580 absolve,
1224 546 1295 572 cur
1325 540 1357 573 et
1384 533 1430 573 de
1457 534 1553 574 albis
1582 541 1615 574 et
1643 535 1689 576 de
1715 537 1778 576 ni-

174 590 223 629 14
232 591 316 644 qre's
343 589 439 629 loris
465 587 609 628 similes
638 587 812 627 maculae
836 587 1064 641 ,qimandan
1125 587 1229 628 Sunt
1255 593 1473 628 scommata
1504 602 1607 642 quae
1637 590 1678 630 in
1710 604 1776 631 su-

236 643 399 699 perficie
435 642 585 683 habent
621 642 793 695 speciem
834 642 1115 690 contumeliae,
1165 643 1232 683 sed
1264 643 1462 684 interdum
1495 658 1575 684 non
1610 650 1781 699 tangunt

236 699 461 747 audientes,
495 711 584 738 cum
613 697 768 745 cadem,
805 697 836 736 si
866 697 1040 738 obnoxio
1072 697 1272 748 dieantur,
1310 699 1525 752 exagitant:
1566 706 1613 741 ut
1642 706 1780 741 eontra

237 760 332 796 sunt
362 767 465 808 quae
497 752 669 807 speciem
700 752 828 793 laudis
855 752 1016 802 habent,
1045 758 1084 793 et
1111 766 1280 807 persona
1309 755 1506 795 audientis
1536 754 1654 797 eflicit
1684 770 1777 797 con-

324 865 430 907 [Mss.
457 863 640 896 APSHl‘z.

327 923 379 951 13.
410 931 485 952 cum
508 918 604 962 regis
629 918 770 950 libertus
797 918 878 960 cet]
905 917 961 949 Οἳ.
987 918 1084 950 Plut.
1112 919 1133 950 Ι.
1159 930 1209 959 (3.,
1239 921 1291 950 12.
1330 939 1372 943 —
1412 931 1518 952 nunc
1539 931 1601 963 per
1628 921 1693 952 112.
1735 939 1776 946 -

233 965 426 997 minutilas
441 963 477 995 S.
526 963 684 994 inutiles
708 962 785 993 Sar.
806 980 842 986 —·
870 963 956 994 scire
980 974 1014 994 sc
1038 964 1224 994 ncne112.
1243 982 1286 985 —
1310 969 1345 995 et
1373 975 1412 996 ex
1439 965 1546 1006 nigra
1573 971 1603 997 et
1630 977 1670 998 cx
1696 967 1777 998 alba

234 1009 302 1040 Avi
316 1008 398 1040 Sar.
447 1018 487 1039 ex
510 1007 618 1050 nigra
644 1011 674 1038 et
700 1007 781 1038 alba
807 1017 882 1048 c-g.
923 1025 965 1030 -——
1003 1008 1217 1049 pulmentum
1235 1008 1417 1047 sidclna
1445 1009 1513 1040 112.
1549 1026 1590 1031 --
1632 1011 1694 1041 col.
1720 1022 1778 1042 un.

235 1053 324 1085 edat
347 1050 442 1083 Hlvi
458 1051 539 1083 Sar.
586 1050 667 1082 edat
691 1051 811 1082 coloris
835 1050 937 1082 unius
965 1051 1033 1082 112.
1059 1069 1097 1074 -
1135 1052 1306 1083 absolvas
1328 1052 1430 1084 s-bP.
1474 1069 1507 1075 ·—
1546 1064 1606 1084 cur
1628 1054 1669 1085 de
1689 1054 1780 1094 (om.

240 1099 291 1133 et)
319 1107 401 1137 v-g.
424 1113 465 1119 -—
493 1099 524 1127 et
551 1095 667 1137 nigris
693 1098 782 1132 (om.
806 1095 864 1132 de)
885 1094 974 1125 Edd.
1002 1095 1040 1127 P.
1062 1114 1105 1119 —
1140 1097 1249 1127 moris
1272 1096 1339 1126 112.
1366 1114 1406 1119 —
1435 1097 1636 1138 gignantur
1659 1108 1779 1129 macu-

236 1141 292 1171 lae
313 1140 382 1170 fl2.
524 1139 573 1169 14.
617 1140 706 1170 Sunt
730 1149 800 1170 om.
832 1141 886 1170 vl.
920 1156 963 1162 —-
1003 1150 1091 1181 quae
1116 1140 1149 1171 in
1174 1141 1353 1181 superficie
1380 1140 1504 1172 habent
1529 1142 1670 1182 speciem
1698 1153 1779 1173 con-

236 1184 400 1216 tumeliae
428 1181 508 1224 cet.]
532 1181 588 1214 cf.
612 1182 709 1213 Plut.
734 1183 860 1224 Symp.
884 1182 933 1221 11,
960 1185 990 1224 1,
1009 1187 1041 1215 5.
1066 1202 1107 1207 -—-
1132 1185 1217 1224 „sed
1247 1184 1403 1216 interim
1430 1184 1552 1225 lego.“
1579 1185 1714 1216 Meurs.
1735 1203 1781 1209 ——

237 1228 425 1270 exagitant
446 1225 714 1269 AH12Svichg.
761 1227 955 1270 exagitent
981 1228 1085 1259 s-bP.
1118 1245 1149 1250 -—
1181 1239 1268 1269 quae
1290 1239 1376 1270 spec.
1404 1227 1499 1259 laud.
1523 1228 1659 1270 habent]
1682 1229 1778 1261 Plut.

236 1272 261 1303 l.
288 1283 333 1309 c.‚
354 1273 387 1303 6.
412 1288 457 1294 —-
488 1281 637 1312 persona
663 1293 694 1301 ..
718 1270 824 1313 plena
851 1270 984 1312 scripsi
1012 1283 1030 1303 e
1053 1270 1146 1302 coni.
1193 1283 1381 1314 personam
1405 1297 1413 1305 .
1430 1294 1437 1302 .
1458 1273 1604 1314 plenam
1629 1273 1718 1305 Mss.
1743 1277 1780 1305 et

236 1315 328 1348 Edd.
364 1332 409 1338 —
444 1315 551 1356 efficit
575 1313 733 1347 APSHI.
782 1315 959 1357 efficiunt
986 1316 1052 1347 ΗΞ.
1079 1316 1167 1346 Edd.
1309 1318 1359 1347 15.
1405 1316 1455 1347 De
1478 1316 1595 1358 priore
1621 1327 1779 1360 genere

282 1424 371 1456 Erat
396 1446 428 1455 ..
461 1434 529 1455 uno
558 1423 698 1456 orbatus
732 1423 842 1465 oculo]
874 1424 973 1466 Ergo
1042 1424 1122 1462 tiis)
1148 1424 1293 1456 obnoxii.
1339 1423 1559 1456 Plutarchus
1585 1424 1779 1468 Symp.11‚

234 1468 278 1500 ad
305 1467 445 1500 oculum
472 1470 634 1506 tantum,
671 1478 739 1499 non
770 1468 813 1500 ad
839 1468 973 1508 oculos,

235 1511 314 1544 eius
338 1511 404 1543 ille
428 1511 547 1552 potuit
569 1510 705 1543 venire.

285 1558 335 1587 13.
371 1556 556 1587 incurrisse
584 1578 591 1585 .
607 1579 614 1586 .
642 1556 702 1587 Ιιοο
727 1565 840 1598 genus
865 1566 974 1586 scom-

234 1599 352 1640 matis]
377 1598 399 1629 i.
427 1610 456 1630 e.
483 1597 692 1630 admisisse.
741 1599 796 1630 Of.
828 1598 975 1640 Ulpian.

235 1642 533 1685 Ingaunum)
547 1645 598 1673 13.
622 1643 747 1674 Nihil
772 1643 876 1674 vitii
898 1653 974 1673 mu-

236 1687 301 1718 lier
336 1687 544 1725 incurrit,
582 1690 618 1717 et
655 1686 840 1728 Lamprid.
871 1686 972 1717 Alex.

235 1730 319 1761 Sev.
341 1732 390 1761 12.
419 1731 458 1762 In
479 1731 606 1761 milites
632 1735 744 1762 autem
767 1730 976 1772 gravissime

235 1774 482 1806 animadvertit
502 1774 560 1816 qui
578 1776 671 1815 forte
696 1775 975 1806 incurrerunt

236 1818 412 1859 aliquid
449 1819 559 1860 quod
595 1818 827 1850 videret-ur
864 1818 974 1849 iniu-

236 1866 363 1894 stum.

281 1905 376 1947 regis
400 1904 555 1945 libertus]
583 1903 802 1944 Cuiusnam,
835 1916 904 1936 non
932 1904 976 1935 li-

235 1953 332 1989 quet.
381 1948 574 1980 Plutarchi
610 1950 721 1980 verba
757 1960 789 1989 p.
825 1951 901 1980 634.
939 1948 976 1979 C.

236 1988 481 2033 ἀπελεύθερον
504 1992 569 2023 τοῦ
595 1989 766 2034 βασιλέως
789 1993 977 2038 Xylzinder

236 2035 398 2067 reddidit
435 2035 575 2067 verbis:
610 2037 893 2078 imperatoris
929 2038 972 2067 li—

235 2080 360 2110 bertus.
408 2078 482 2110 Nec
519 2079 636 2110 lucem
676 2079 785 2111 affert
822 2081 978 2112 Aridices

234 2123 484 2164 philosophus.-
505 2133 586 2154 nam
613 2123 683 2154 hoc
706 2134 836 2154 nomen
862 2124 976 2155 semel

238 2176 297 2197 me
344 2166 471 2206 legere
515 2166 682 2205 memini,
727 2168 820 2208 apud
865 2168 977 2198 Athe-

235 2219 366 2241 naeum
392 2209 434 2247 X,
457 2212 510 2240 16.
537 2221 571 2250 p.
595 2211 672 2241 420.
696 2210 737 2251 d,
766 2210 827 2241 nbi
850 2210 885 2242 in
910 2211 976 2241 Ar-

235 2252 366 2284 cesilai
415 2253 607 2284 cuiusdam
659 2254 828 2285 convivio
881 2254 976 2285 inter

237 2296 409 2328 convivas
434 2296 643 2328 nominatur
663 2293 840 2339 Ἀριδίκης.

282 2341 328 2372 acl
361 2351 469 2372 novas
506 2341 649 2372 divitias
683 2352 792 2382 nuper
831 2340 974 2382 erectus]

235 2383 260 2415 i.
285 2395 316 2415 e.
342 2384 400 2425 qni
430 2389 611 2416 emerserat
636 2395 652 2416 e
676 2385 914 2423 mendicitate,
937 2391 976 2416 ut

235 2427 289 2459 ait
312 2427 441 2459 Cicero
470 2427 505 2458 in
532 2427 651 2459 Vatin.
673 2430 714 2466 9,
736 2431 791 2459 23.
830 2429 975 2460 Plutar-

235 2471 327 2503 chus
349 2471 369 2502 Ι.
397 2482 444 2503 c.:
469 2467 684 2503 νεόπλουτον
713 2467 814 2503 ὄντα.

280 2514 419 2556 edatur]
463 2515 488 2546 i.
525 2526 555 2547 e.
599 2514 685 2556 fiat,
729 2515 973 2548 Plutarchus:

235 2556 403 2600 γίγνεται.

281 2600 430 2642 absolve]
447 2600 522 2632 vid.
545 2601 711 2643 prolegg.
728 2612 869 2643 p.X1.111
884 2605 975 2634 extr.

282 2646 324 2676 de
349 2646 439 2676 albis
471 2650 501 2677 et
532 2645 648 2688 nigris
679 2646 776 2687 loris]
811 2646 974 2684 „Servos

236 2688 397 2720 lon-orum
433 2688 511 2720 sive
542 2689 741 2730 flagrorum
776 2691 972 2731 gymnasia

235 2743 315 2763 esse
342 2732 518 2764 scimus.“
545 2733 659 2764 PoNT.

282 2778 334 2806 14.
382 2787 455 2807 cum
489 2798 520 2808 ..
552 2776 751 2818 exagitant]
790 2775 846 2808 Cf.
873 2776 912 2817 I,
938 2778 971 2818 4,

237 2820 291 2848 16.
320 2830 394 2850 cum
420 2819 600 2859 defendit,
624 2819 685 2851 ubi
707 2819 780 2851 vid.
806 2823 880 2851 not.

281 2862 438 2903 obnoxio]
475 2862 530 2895 Cf.
560 2873 590 2894 c.
623 2865 653 2902 1,
683 2864 704 2901 S
729 2865 783 2895 23.
816 2864 870 2897 his
897 2863 971 2902 (νί-

1048 1472 1074 1508 1,
1100 1471 1132 1499 5.
1160 1466 1246 1505 τοὺς
1270 1465 1426 1508 ἐνόχους.

1087 1517 1117 1543 et
1139 1522 1288 1553 persona
1317 1511 1490 1543 audientis
1521 1513 1630 1553 efficit
1656 1518 1778 1545 contu-

1042 1556 1164 1588 meliae
1199 1554 1318 1597 plena]
1363 1554 1425 1586 Sic
1464 1555 1659 1597 legendum
1698 1568 1780 1589 esse

1044 1610 1196 1637 censeo,
1234 1609 1342 1639 quum
1368 1609 1554 1640 personam
1578 1622 1607 1631 ..
1632 1601 1779 1642 plenam

1043 1644 1132 1675 ferri
1158 1653 1227 1673 non
1257 1641 1372 1683 possit
1398 1653 1478 1673 cum
1506 1642 1688 1685 singulari
1715 1655 1782 1676 nu-

1044 1698 1143 1719 mero
1171 1687 1310 1727 efficit,
1347 1690 1382 1717 et
1409 1687 1563 1727 pluralis
1593 1689 1780 1729 efficiunt,

1043 1731 1104 1773 qui
1138 1735 1193 1761 est
1226 1729 1260 1761 in
1294 1740 1363 1761 uno
1395 1730 1520 1762 codice
1550 1735 1586 1763 et
1616 1732 1650 1763 in
1684 1732 1779 1772 edd„

1044 1779 1171 1816 aperte
1199 1774 1247 1805 sit
1272 1775 1406 1805 misera
1435 1775 1578 1807 medela
1603 1786 1673 1816 qua
1697 1787 1780 1808 sen-

1045 1831 1106 1851 sus
1127 1823 1393 1859 cmrumpatur.
1425 1818 1515 1850 Nam
1541 1830 1610 1850 non
1633 1831 1781 1862 persona

1045 1863 1221 1895 audientis
1269 1867 1388 1903 potest
1432 1862 1512 1894 fieri
1555 1864 1781 1896 contumeliae

1044 1908 1168 1949 plena,
1208 1906 1277 1937 hoc
1309 1917 1417 1938 sensu
1443 1911 1542 1938 certe
1571 1907 1780 1939 Macrobius

1046 1950 1200 1982 dixisset
1230 1961 1377 1992 persona
1404 1952 1566 1991 audiens,
1605 1956 1643 1983 ut
1672 1951 1780 1991 infra,

1046 1996 1061 2035 ᾗ
1089 1998 1139 2026 18.
1172 1996 1406 2035 praesentium
1435 2005 1677 2037 personarum,
1715 1996 1778 2027 sed

1045 2044 1250 2077 scommata,
1291 2043 1329 2070 ut
1359 2049 1469 2079 supra
1495 2039 1650 2081 legitur:
1691 2040 1781 2071 Sunt

1044 2087 1231 2113 scommata
1263 2093 1351 2122 qnae
1382 2083 1417 2112 in
1448 2084 1627 2124 superficie
1654 2083 1780 2115 habent

1043 2127 1185 2166 speciem
1221 2126 1467 2157 contumeliae:
1506 2126 1540 2157 id
1568 2130 1688 2157 autem
1724 2129 1779 2167 ef·-

1043 2170 1115 2207 sicit
1150 2179 1297 2208 persona
1335 2170 1528 2208 audientis,
1568 2169 1591 2201 i.
1628 2180 1658 2202 e.
1699 2170 1779 2202 eius

1045 2212 1229 2251 condicio,
1254 2212 1312 2243 vel
1339 2212 1416 2243 eius
1441 2224 1578 2252 mores,
1604 2218 1643 2244 ut
1668 2224 1779 2255 supra

1044 2256 1195 2287 dicitur:
1238 2257 1267 2287 si
1304 2257 1489 2288 obnoxio
1527 2258 1706 2296 dicuntur,
1742 2263 1779 2290 et

1044 2299 1140 2331 infra
1172 2301 1192 2338 ἓ
1229 2301 1280 2330 15.
1313 2300 1342 2330 si
1374 2300 1435 2331 hoc
1468 2301 1638 2332 diceretur
1666 2302 1779 2333 male

1043 2344 1129 2375 sibi
1164 2343 1334 2374 conscio
1369 2348 1408 2375 et
1444 2354 1523 2375 sua
1548 2346 1678 2384 furta
1715 2356 1777 2378 re-

1043 2387 1228 2426 colenti,
1254 2390 1290 2417 et
1315 2388 1334 2426 ἓ
1361 2389 1413 2418 17.
1438 2387 1467 2419 si
1493 2388 1778 2421 timidissimo

1044 2431 1174 2468 dixero,
1200 2453 1232 2462 ..
1254 2435 1317 2462 aut
1337 2432 1538 2470 famosae
1563 2432 1776 2473 iniquita-

1043 2475 1104 2506 tis
1132 2474 1246 2513 viro,
1278 2497 1285 2506 .
1302 2498 1309 2505 .
1344 2474 1418 2506 sine
1444 2475 1546 2506 dubio
1570 2476 1672 2506 verba
1698 2475 1778 2507 lau-

1043 2518 1118 2549 dem
1153 2518 1317 2549 sonantia
1350 2518 1397 2549 ad
1430 2522 1571 2549 notam
1607 2519 1777 2560 vitupe-

1040 2562 1233 2593 rationis
1276 2572 1381 2592 suae
1422 2566 1563 2602 uterque
1602 2566 1776 2594 tracturus

1042 2610 1105 2645 est,
1128 2608 1164 2636 et
1189 2605 1282 2646 apud
1309 2604 1547 2635 Plutarchum
1573 2615 1605 2645 p.
1631 2607 1708 2636 632.
1734 2606 1775 2638 B.

1041 2646 1204 2690 κλέπτῃ
1232 2646 1269 2679 δὲ
1295 2644 1543 2690 ἀνθυπάτῳ
1577 2645 1776 2690 λοιδόρημα

1042 2690 1103 2723 καὶ
1145 2687 1282 2728 ὄνειδος
1324 2689 1389 2731 ἠν,
1431 2695 1467 2722 et
1516 2691 1565 2722 ib.
1609 2692 1652 2722 D.
1701 2693 1776 2726 Καὶ

1041 2733 1109 2777 γὰρ
1151 2731 1321 2766 δάκνουσι
1358 2733 1492 2773 μᾶλλον
1531 2732 1565 2765 οἱ
1604 2731 1664 2767 διά
1702 2737 1776 2770 τῶν

1040 2774 1211 2819 εὐφήμων
1235 2773 1483 2818 ὀνειδίζοντες,
1518 2774 1567 2816 ὥς
1598 2777 1633 2810 οἱ
1667 2779 1776 2819 τοὺς

1039 2818 1269 2861 πονηροὺς
1310 2817 1519 2861 Ἀριστείδας
1563 2821 1623 2854 καὶ
1666 2822 1774 2863 τοὺς

1040 2861 1214 2900 δειλοὺς
1244 2860 1400 2905 Ἀχιλλεῖς
1431 2865 1633 2904 καλοῦντες.
1679 2867 1773 2909 cf.§
