1845 3131
202 19 286 60 622

837 18 1113 62 MACROBII

142 128 340 178 moerim,
370 132 410 168 et
437 127 601 180 insuper
633 125 681 166 de
710 139 878 168 numero
911 130 979 182 qui
1013 142 1084 183 per
1108 129 1236 183 ipsum
1267 131 1524 185 significatur.
1584 131 1745 185 Conpli-

205 190 317 225 catus
345 184 449 224 enim
479 181 677 223 senarium
710 196 921 223 numerum
954 184 1098 237 digitus
1130 185 1203 225 iste
1231 186 1489 236 demonstrat,
1520 187 1588 242 qui
1619 187 1746 227 onini-

204 240 341 281 fariam
381 239 520 292 plenus
559 236 757 292 perfectus
793 244 915 292 atque
945 240 1103 281 divinus
1140 247 1210 282 est.

1269 242 1521 297 Censusque,
1566 257 1637 284 cur
1668 243 1747 296 ple-

206 310 282 336 nus
313 295 364 335 sit
393 294 455 333 hic
485 307 697 342 numerus,
727 294 791 335 ille
824 295 958 336 multis
986 296 1183 337 adseruit:
1213 311 1286 350 ego
1320 312 1424 338 nune
1454 305 1500 339 ut
1531 299 1747 353 praesenti-

207 353 281 391 bus
319 349 464 390 fabulis
498 349 630 390 minus
664 355 776 403 aptas
810 352 1007 406 relinquo.

1066 354 1175 393 Haec
1215 359 1308 394 sunt
1342 367 1445 407 quae
1485 355 1523 394 in
1563 358 1748 408 Aegypto

207 406 431 447 divinarum
464 405 644 446 omnium
672 406 969 462 disciplinarum
999 414 1198 462 compote,
1231 423 1302 449 eur
1329 410 1471 450 anulus
1502 410 1594 450 huie
1625 411 1748 464 digito

144 468 189 507 ll
208 462 332 517 magis
363 461 573 511 inseratur,
614 463 768 515 agnovi.

829 465 938 504 Inter
966 464 1062 505 haec
1090 464 1261 506 Caecina
1292 465 1483 506 Albinus:
1516 466 1556 506 Si
1585 466 1750 507 volenti-

207 519 281 559 bus
316 517 429 559 vobis
467 518 564 567 erit,
611 517 760 572 inquit,
806 519 844 560 in
882 520 1057 560 medium
1091 520 1249 574 profero
1281 535 1384 575 quae
1419 521 1468 562 de
1504 521 1576 562 hae
1610 521 1749 562 eadem

207 588 325 615 eausa
360 573 465 628 apud
496 574 657 615 Ateium
691 574 926 629 Capitonem
966 577 1159 631 pontificii
1195 576 1293 618 iuris
1326 577 1429 617 inter
1464 577 1613 631 primos
1648 577 1750 631 peri-

205 636 291 671 tum
326 630 466 683 legisse
505 629 689 670 memini:
727 631 795 684 qui
828 646 916 673 eum
950 632 1057 673 nefas
1088 647 1173 673 esse
1204 633 1376 674 sanciret
1407 633 1572 673 deorum
1604 632 1750 673 formas

207 686 376 739 insculpi
408 686 554 733 anulis,
598 699 645 725 eo
672 700 801 740 usque
830 688 1025 741 processit
1051 694 1097 729 ut
1123 695 1163 730 et
1190 703 1261 729 eur
1292 689 1331 729 in
1357 689 1433 729 hoe
1466 689 1589 742 digito
1619 689 1678 729 vel
1711 688 1750 729 in

143 744 194 784 12
206 742 279 783 hac
305 755 425 782 manu
453 746 675 794 gestaretur
704 743 847 783 anulus
876 758 955 784 non
985 749 1145 785 taceret.

205 807 321 838 natus
349 798 414 837 sed
441 798 631 851 sz'ynandz'
658 812 777 838 eausa
804 800 966 840 nitidum
995 815 1122 840 seeum
1151 801 1483 854 circumferebant.

1211 746 1365 793 Veteres,
1398 745 1542 798 inquit,
1570 760 1651 786 non
1685 759 1748 786 or-

1547 801 1654 841 Unde
1681 816 1750 841 nec

198 855 293 909 plus
316 854 456 894 habere
482 868 599 908 quom
629 868 753 894 unum
785 855 934 903 licebat,
967 870 1037 896 nee
1066 857 1249 911 cuiquam
1279 857 1361 896 nisi
1388 857 1529 904 libero,
1565 872 1660 911 quos
1689 872 1750 897 so—

140 911 288 965 [2611los
313 909 409 964 fides
437 909 583 950 deceret
608 924 706 965 quae
735 911 937 965 siqnoculo
969 913 1212 953 continetur:
1244 912 1330 952 ideo
1360 912 1423 952 ius
1452 912 1662 953 anulorum
1688 914 1751 967 sa-

297 1000 401 1042 [mss.
434 999 569 1032 APSH.

258 1058 306 1087 10.
344 1055 483 1086 divinus
508 1059 598 1093 (oin.
619 1056 686 1094 est)
715 1054 750 1087 h.
774 1073 816 1079 ·—
840 1058 1039 1099 composite
1068 1056 1104 1089 S.

207 1102 298 1140 (om.
328 1100 439 1139 vobis)
458 1098 497 1131 Α.
523 1116 563 1122 -
590 1110 648 1130 cnr
671 1100 732 1131 hoc
757 1101 848 1140 (oin.
876 1102 930 1141 in)
954 1101 1091 1142 ASv—g.

791 1145 1008 1178 decerneret
1042 1146 1067 1176 A
1101 1156 1120 1177 a
1148 1157 1179 1187 p.
1208 1156 1273 1184 ηις
1311 1146 1504 1186 Ξι-μ1112.
1544 1149 1753 1186 „Servosne

205 1145 266 1175 s-b
290 1144 363 1186 (hg
389 1143 424 1174 in
451 1144 545 1185 ing)
573 1143 742 1175 Plfflnss.

1245 1059 1296 1089 ll.
1336 1057 1399 1089 crit
1421 1057 1514 1089 vobis
1534 1056 1639 1099 Sv—g.
1690 1057 1753 1089 erit

1235 1104 1283 1132 12.
1323 1102 1452 1133 deceret
1479 1102 1523 1139 (Α
1547 1112 1567 1133 a
1592 1113 1663 1132 sec.
1687 1106 1752 1139 ιιι.)

204 1188 297 1220 fides
326 1188 503 1219 dedecet?
554 1187 680 1220 Putem
708 1188 830 1220 verius
857 1189 950 1230 quod
980 1191 1014 1221 in
1041 1189 1179 1231 scripto
1206 1196 1241 1221 et
1264 1190 1488 1221 editionibus
1516 1191 1667 1232 priscis:
1691 1192 1751 1221 de-

204 1237 365 1265 cerneret.

205 1277 313 1309 liberi
343 1276 527 1317 signaculi
562 1281 742 1318 potestate
773 1283 807 1309 et
841 1278 1085 1319 possessione.

204 1322 451 1353 Romanorum
486 1321 571 1352 luxu
607 1321 717 1352 aliter
750 1321 921 1354 obtinuit.
969 1323 1130 1354 Plinium
1169 1324 1289 1355 videto
1323 1328 1358 1355 vt
1392 1324 1527 1355 auos.·‘

252 1411 303 1439 10.
357 1408 578 1450 Conplicatus
609 1432 638 1440 ..
667 1410 839 1441 senarium
876 1421 944 1441 nu-

203 1464 332 1485 merum
367 1453 502 1494 digitus
535 1454 598 1484 iste
628 1453 852 1495 demonstrat]
890 1453 943 1485 Cf.

206 1496 434 1529 Venerabilis
463 1497 583 1528 Bedae
611 1497 654 1528 de
683 1497 944 1539 indigitatione

206 1541 270 1573 lib.
298 1542 388 1582 Opp.
424 1553 456 1582 p.
488 1544 557 1572 132.
595 1543 649 1573 ed.
683 1542 810 1573 Colon.
848 1545 944 1581 1612,

204 1585 247 1618 N.
280 1586 401 1618 lnbrb.
436 1586 460 1616 t'.
488 1586 585 1617 Phil.
613 1597 645 1617 u.
671 1587 781 1618 Pued.
816 1586 943 1629 Suppl.

205 1630 274 1661 XV.
311 1641 341 1671 p.
374 1632 451 1660 512.
489 1631 598 1670 Quum
632 1631 719 1662 dicis
748 1642 838 1671 ses,
875 1638 943 1664 ter-

204 1675 289 1706 tium
314 1674 537 1706 nihilominus
561 1676 709 1706 elevabis
734 1676 845 1707 medio
871 1676 945 1713 (in-

204 1723 260 1750 ter
286 1718 433 1750 tertium
460 1724 494 1750 ‹et
528 1718 737 1757 minimum)
774 1721 945 1752 duntaxat

206 1764 288 1803 solo,
316 1765 388 1805 qui
411 1764 605 1795 medicus
629 1765 887 1806 appellatur
910 1765 945 1796 in

205 1808 353 1840 medium
387 1808 528 1850 palmae
555 1809 644 1848 fixo.
694 1808 770 1839 vid.
799 1815 869 1840 not.
900 1809 943 1840 nd

208 1852 243 1891 Ι,
267 1855 305 1889 9,
338 1855 409 1890 10.,
437 1851 498 1883 ubi
524 1852 705 1894 adscripsi
738 1864 780 1884 ea
808 1864 900 1894 quae
927 1865 946 1884 e

207 1896 327 1928 Bedae
366 1896 492 1927 libello
528 1897 685 1938 sumpsit
722 1898 946 1938 ΙΙιιιιΙυίιιιιε,

207 1946 245 1972 ut
271 1952 364 1972 nnnc
398 1941 542 1972 demum
572 1941 696 1980 video,
740 1942 860 1974 ininns
884 1953 945 1974 ac-

207 1990 344 2016 mirate.
414 1984 502 2016 Νιιιιι
552 1985 690 2027 legitur
736 1987 831 2028 apud
876 1987 944 2017 Be-

207 2030 308 2060 dain:
350 2029 460 2069 Quum
492 2030 577 2061 dicis
603 2031 792 2072 quinque
823 2042 943 2063 seeun-

206 2074 287 2104 dum
313 2084 333 2103 ιι
359 2074 498 2105 minimo
523 2075 681 2107 similiter
709 2077 840 2117 eriges‚·
879 2075 941 2106 sed

206 2128 248 2148 ea
288 2126 379 2157 qnae
418 2119 654 2150 antecedunt:
708 2120 819 2160 Quum
861 2130 944 2161 ergo

206 2162 292 2192 dicis
323 2172 469 2201 unum,
510 2164 686 2194 minimum
710 2164 860 2205 digitum
888 2165 942 2194 in-

198 2207 360 2246 flectens,
402 2206 435 2236 iu
472 2208 621 2238 medium
653 2207 794 2248 palmae
830 2213 944 2239 artum

205 2250 342 2291 infiges.
396 2249 508 2289 Quum
534 2252 620 2282 dicis
643 2251 733 2289 duo⁷
759 2253 944 2282 secundnm

206 2305 228 2325 α
268 2293 407 2324 minimo
446 2295 577 2334 flexum
617 2296 742 2326 ibidem
781 2295 944 2337 impones.

211 2338 322 2378 Quum
357 2337 441 2368 dicis
478 2339 582 2378 triu,
620 2340 755 2371 tertium
787 2341 946 2371 similiter

207 2382 375 2422 afflectes·
440 2382 550 2421 Quum
596 2384 681 2414 dicis
728 2389 943 2425 quattuor,

208 2426 325 2457 itidem
352 2425 528 2457 minimum
556 2428 706 2465 levabis,
748 2433 785 2459 ut
818 2428 945 2459 tabula

210 2469 321 2511 picta,
338 2470 467 2502 docent
484 2471 599 2503 fuisse
615 2471 826 2503 dicendum:
841 2473 943 2515 quin-

210 2525 272 2555 que
296 2514 475 2556 significat
504 2515 537 2547 in
567 2517 683 2547 eadem
715 2528 820 2547 manu
846 2517 942 2559 digi-

210 2563 264 2589 tus
298 2560 418 2591 tertius
453 2560 487 2591 iu
523 2561 669 2592 mediam
701 2562 855 2603 palmam
888 2562 942 2592 in-

202 2603 329 2643 flexus.

256 2646 314 2688 qui
345 2671 375 2678 ..
401 2648 539 2680 divinus
563 2649 626 2690 est]
665 2647 767 2679 conf.
806 2647 945 2680 Comm.

211 2690 241 2730 Ι,
268 2693 301 2729 6,
330 2693 370 2722 12
395 2703 473 2733 sqq,

255 2735 493 2778 omnifariam]
522 2735 688 2778 iungitur
712 2747 792 2767 euni
818 2735 947 2767 adver-

211 2777 271 2808 bio
317 2780 602 2821 undiqueversum
643 2781 735 2823 apud
782 2780 944 2812 Gellium

215 2821 293 2859 xli,
318 2825 370 2862 13,
389 2827 445 2855 20.

252 2867 397 2909 sabulis]
426 2868 534 2909 Off-‘e
565 2871 595 2910 l,
623 2870 643 2907 S
671 2871 726 2900 24.

422 1232 721 1264 De‹:e1·ne1›antur
756 1234 868 1274 (p2dz
902 1234 924 1264 d
936 1234 948 1265 i
958 1246 971 1264 s
982 1240 1142 1267 cerneret.

1192 1235 1541 1275 Discernebantm)
1579 1246 1599 1266 a
1633 1235 1752 1265 servis

1135 1279 1267 1310 Postea
1295 1284 1413 1310 tomen
1442 1284 1478 1310 et
1504 1280 1752 1310 invalescente

1568 1324 1670 1354 Pont.
1707 1339 1752 1346 ·--

1058 1411 1093 1441 ἱη
1141 1411 1301 1453 Aegypto
1354 1411 1551 1442 divinarum
1601 1411 1750 1442 omnium

1014 1455 1273 1496 disciplinarum
1301 1455 1465 1497 compote]
1492 1455 1546 1486 Cf.
1575 1454 1608 1490 Ι,
1633 1459 1672 1493 7,
1702 1456 1752 1486 14.

1015 1500 1064 1530 Ab
1102 1500 1352 1542 Aegyptiorum
1398 1500 1750 1542 religiosissima

1012 1548 1128 1586 gente.

1057 1586 1184 1629 magis]
1209 1597 1316 1628 quani
1338 1587 1485 1627 ceteris,
1510 1592 1548 1619 ut
1565 1588 1603 1619 h.
1624 1588 1635 1619 l
1675 1598 1751 1619 iiia-

1014 1631 1072 1672 gis
1100 1643 1165 1662 non
1194 1637 1284 1669 tnui,
1311 1637 1349 1662 ut
1377 1632 1471 1663 alins
1497 1632 1554 1673 (cf
1592 1643 1620 1663 c.
1653 1635 1707 1671 12,
1733 1633 1750 1674 §

1013 1676 1109 1715 δα),
1147 1675 1304 1717 positum
1332 1676 1380 1708 sit
1408 1688 1471 1718 pro
1501 1677 1619 1720 potius
1644 1687 1751 1718 quani

1015 1731 1078 1762 pro
1104 1721 1329 1762 potissimum.

1062 1766 1112 1794 11.
1165 1765 1203 1795 Si
1229 1765 1417 1797 volenlIbus
1443 1765 1537 1797 vobis
1563 1764 1640 1806 erit]
1672 1764 1751 1796 Yid.

1014 1813 1076 1839 not
1112 1809 1153 1839 ud
1184 1808 1209 1844 Ι,
1234 1812 1267 1847 7,
1293 1813 1326 1840 9.

1056 1853 1209 1894 profero]
1239 1854 1436 1884 Dicendum
1465 1857 1542 1884 erat
1563 1855 1751 1895 proferam.

1059 1909 1147 1939 quae
1174 1921 1205 1928 ..
1238 1899 1364 1940 legisse
1387 1897 1538 1940 memini]
1565 1897 1641 1929 tid.
1668 1908 1751 1939 pro-

1015 1941 1117 1982 legg.
1145 1954 1176 1983 p.
1198 1953 1255 1974 Χῑ..
1284 1953 1377 1973 vers.
1402 1941 1462 1972 fin.

1060 1997 1132 2017 cum
1169 1988 1271 2023 nefas
1305 1997 1376 2018 esse
1416 1985 1578 2026 sanciret]
1619 1985 1750 2017 Dicen-

1014 2030 1097 2060 dum
1123 2036 1202 2062 erat
1229 2035 1308 2062 unt:
1335 2041 1409 2062 eum
1439 2032 1539 2070 nefas
1564 2041 1634 2061 esse
1658 2031 1750 2061 dece-

1013 2079 1075 2112 ret,
1103 2078 1184 2105 aut:
1212 2086 1286 2106 cum
1311 2075 1389 2117 lege
1418 2079 1573 2105 sanctum
1601 2084 1672 2105 esse
1695 2074 1749 2105 di—

1013 2123 1110 2149 ceret.

1058 2163 1194 2192 deorum
1241 2162 1374 2200 formas
1425 2160 1572 2202 insculpi
1618 2160 1749 2201 anulis]

1013 2204 1175 2246 Recepta
1212 2210 1330 2236 tamen
1368 2209 1451 2236 sunt
1488 2204 1749 2246 imperatorum

1012 2254 1133 2281 aetute-
1159 2249 1303 2280 numina·
1328 2248 1521 2291 Aegyptia.
1568 2248 1623 2280 Cf.
1653 2249 1748 2280 Plin.

1012 2293 1054 2325 N.
1081 2293 1122 2324 Η,
1149 2293 1325 2332 ΧΧΧΙΙΙ,
1347 2295 1380 2330 2,
1407 2305 1435 2324 s.
1465 2295 1513 2323 12.
1539 2294 1559 2332 ἓ
1586 2294 1640 2324 41.
1675 2293 1748 2324 Iam

1014 2349 1092 2369 vero
1118 2338 1220 2369 etiam
1247 2338 1562 2379 Harpocratem
1594 2342 1749 2369 statuas-

1014 2393 1077 2424 que
1110 2382 1430 2424 Aegyptiorum
1463 2382 1680 2413 numinum
1714 2381 1749 2412 in

1013 2427 1138 2468 digitis
1163 2426 1229 2457 viri
1251 2437 1382 2468 quoque
1404 2431 1542 2467 portare
1569 2425 1750 2467 incipiunt.

1012 2470 1065 2502 De
1101 2471 1169 2501 hac
1207 2481 1244 2501 re
1279 2471 1357 2512 egit
1387 2469 1611 2501 Plutarchus
1642 2468 1749 2510 Sym·

1014 2526 1089 2556 pos.
1129 2514 1189 2553 lV,
1223 2517 1277 2553 8.,
1316 2524 1408 2555 quae
1448 2513 1614 2555 quaestio
1656 2523 1749 2543 nunc

1012 2559 1256 2590 desideratur.

1063 2606 1113 2635 12.
1175 2614 1242 2634 non
1289 2607 1431 2634 ornatus
1475 2601 1534 2632 sed
1580 2598 1749 2639 signandi

1014 2647 1131 2690 causa]
1170 2647 1304 2678 Contra
1338 2646 1382 2677 de
1423 2643 1566 2675 luxuria
1605 2642 1748 2675 Plinius

1014 2692 1055 2724 N.
1075 2693 1118 2722 Η.
1148 2690 1314 2728 xxxin,
1344 2692 1370 2728 1,
1396 2700 1425 2720 s.
1451 2691 1481 2719 6.
1509 2689 1528 2727 §
1546 2690 1618 2718 22.;
1649 2688 1749 2719 Alias

1014 2737 1137 2768 deinde
1160 2745 1334 2777 gemmas,
1370 2731 1506 2773 inquit,
1533 2732 1660 2763 violari
1687 2742 1747 2762 ue-

1009 2782 1070 2820 fas
1092 2779 1240 2820 putavit,
1264 2788 1304 2808 ac
1333 2787 1380 2807 ne
1410 2776 1506 2817 quis
1534 2776 1747 2818 signandi

1014 2833 1183 2854 causam
1209 2822 1251 2851 in
1278 2820 1423 2852 anulis
1453 2831 1543 2852 esse
1573 2820 1747 2852 intelli-

1012 2870 1150 2910 geret,
1177 2865 1306 2897 solidas
1333 2864 1459 2897 induit.
