1845 3131
234 21 316 65 594
869 15 1145 58 MACROBII

201 133 225 172 3
244 143 316 184 ego
346 127 571 169 calidiorem
602 123 728 174 virili,
769 124 800 163 si
828 124 898 165 tibi
927 125 1074 166 volenti
1105 126 1197 175 erit,
1232 126 1344 168 facile
1371 128 1562 182 probabo.
1620 129 1778 171 Humor

237 184 428 226 naturalis
455 182 495 221 in
526 192 711 234 corpore,
747 180 908 233 quando
936 186 1045 221 aetas
1076 181 1219 222 transit
1242 183 1473 236 pueritiam,
1501 185 1545 225 fit
1573 184 1711 226 durior
1738 190 1779 226 et

238 241 396 281 acuitur
426 239 465 277 in
494 236 607 290 pilos,
667 235 763 275 Ideo
789 241 884 276 tunc
908 241 947 277 et
970 237 1095 290 pubes
1122 242 1161 277 et
1184 251 1307 290 genae
1339 244 1378 279 et
1404 240 1502 281 aliae
1532 246 1663 294 partes
1690 254 1775 281 cor-

171 296 370 353 123311wsls
404 293 639 334 vestiuntur.
708 290 784 332 Sed
821 291 860 332 in
894 292 1079 333 muliebri
1116 307 1284 346 corpore
1320 293 1426 334 hunc
1468 295 1675 337 humorem
1714 309 1777 336 ca·

238 353 320 392 lore
355 350 528 390 siccante
572 347 614 387 lit
647 346 779 400 inopia
819 348 1011 401 pilorum,
1058 352 1097 388 et
1127 349 1216 389 ideo
1245 348 1285 388 in
1316 363 1482 403 corpore
1512 365 1628 392 sexus
1656 352 1775 392 huius

200 413 223 449 Al
238 411 371 448 manet
409 405 622 445 continuus
664 403 851 457 splendor
894 409 932 444 et
970 404 1117 444 levitas.
1183 405 1258 444 Est
1299 410 1337 445 et
1376 405 1450 446 hoc
1486 405 1525 446 in
1561 407 1635 447 illis
1674 407 1774 448 indi-

239 463 343 503 cium
379 461 539 509 caloris,
569 458 813 500 abundantia
848 460 1073 513 sanguinis,
1116 460 1228 500 cuius
1259 466 1400 501 natura
1430 460 1560 502 fervor
1589 468 1668 502 est:
1707 463 1775 517 qui

238 533 288 559 ne
321 522 408 558 urat
439 529 602 570 corpus,
645 515 677 556 si
708 515 875 564 insidat,
915 517 1050 556 crebra
1086 516 1322 569 purgatione
1353 517 1612 557 subtrahitur.
1674 518 1776 568 Quis

238 588 332 628 ergo
364 573 469 613 dicat
499 571 682 623 frigidas,
716 584 815 624 quas
846 585 963 612 nemo
995 577 1127 625 potest
1154 586 1299 626 negare
1328 573 1463 626 plenas
1490 573 1654 621 caloris,
1684 573 1776 627 quia

200 635 225 675 ἵ)
238 628 441 683 sanguinis
470 628 610 681 plenae
640 628 760 666 sunt?
820 627 987 676 Deinde,
1015 627 1108 667 licet
1136 628 1277 668 urendi
1305 642 1472 682 corpora
1498 628 1774 669 defunctorum

239 700 334 727 usus
364 689 503 725 nostro
533 681 667 722 seculo
696 681 828 722 nullus
859 682 921 730 sit,
950 682 1066 723 lectio
1098 688 1230 724 tamen
1262 684 1379 725 docet
1405 698 1451 724 eo
1487 690 1668 738 tempore
1695 698 1776 738 quo

238 741 319 794 igni
352 740 435 780 dari
467 739 597 779 honor
634 737 802 777 mortuis
838 737 1081 787 habebatur,
1122 739 1154 779 si
1191 740 1352 792 quando
1382 754 1458 780 usu
1494 740 1687 787 venisset,
1730 745 1777 780 ut

238 797 351 850 plura
388 807 554 848 corpora
593 792 708 833 simul
751 792 1079 842 incenderentur,
1127 794 1266 835 solitos
1294 795 1415 835 fuisse
1445 795 1628 836 funerum
1659 795 1775 836 mini—

238 857 341 892 stros
371 850 482 891 denis
507 849 681 890 virorum
712 848 948 902 corporibus
973 848 1129 890 adicere
1157 850 1311 903 singula
1339 850 1566 891 muliebria:
1591 856 1631 891 et
1655 851 1775 892 unius

236 907 388 956 adiutu‚
414 905 527 960 quasi
557 909 698 945 natura
728 904 898 945 flammei
928 910 967 945 et
998 904 1087 946 ideo
1119 906 1300 946 celeriter
1329 905 1516 955 ardentis,
1546 911 1676 947 cetera
1706 906 1775 947 ssa-

198 964 413 1016 tigrabant.
477 962 537 1001 Ita
573 974 644 1000 nec
681 960 879 1001 veteribus
912 961 1019 1000 calor
1048 961 1258 1001 mulierum
1289 961 1510 1002 habebatur
1536 961 1774 1015 incognitus.

236 1020 316 1061 Nec
347 1018 423 1058 hoc
447 1016 610 1064 tacebo,
649 1016 776 1069 quod,
819 1030 910 1056 cuin
942 1016 1049 1056 calor
1080 1030 1237 1071 semper
1266 1017 1532 1070 generationis
1564 1031 1682 1057 causa
1712 1017 1775 1067 sit,

236 1074 404 1115 feminae
437 1073 526 1113 ideo
563 1071 727 1111 celerius
758 1085 878 1124 quam
914 1071 1026 1125 pueri
1060 1072 1162 1113 fiunt
1204 1072 1371 1113 idoneae
1408 1073 1457 1113 ad
1492 1073 1775 1126 generandum,

237 1130 330 1184 quia
358 1129 487 1169 calent
515 1126 696 1181 amplius.
756 1128 858 1168 Nam
892 1133 930 1167 et
960 1128 1177 1168 secundum
1214 1128 1301 1168 iura
1327 1128 1484 1182 publica
1515 1128 1776 1169 duodecimus

235 1199 364 1226 annus
395 1184 435 1223 in
471 1182 617 1223 femina
653 1188 691 1223 et
726 1188 891 1235 quartus
927 1183 1105 1224 decimus
1142 1183 1181 1223 in
1219 1197 1342 1237 puero
1383 1183 1522 1224 delinit
1556 1184 1774 1238 pubertatis

199 1243 218 1281 'i
236 1246 420 1282 aetatem.
472 1238 582 1289 Quid
614 1239 757 1291 plura?
798 1252 931 1279 nonne
963 1239 1141 1279 videmus
1172 1239 1378 1287 mulieres,
1414 1239 1575 1293 quando
1605 1239 1775 1280 nimium

236 1297 359 1350 frigus
389 1300 467 1344 est,
518 1294 707 1334 mediocri
737 1300 844 1334 veste
882 1299 1089 1335 contentas
1124 1309 1196 1335 neo
1224 1295 1277 1335 ita
1308 1295 1565 1348 operimentis
1594 1294 1774 1348 plurimis

237 1353 447 1398 involutam,
475 1355 521 1390 ut
546 1349 616 1390 viri
643 1349 782 1397 solent,
811 1350 961 1390 scilicet
985 1350 1153 1390 naturali
1184 1351 1314 1390 calore
1343 1355 1481 1390 contra
1510 1349 1633 1403 frigus
1665 1350 1774 1404 quod

199 1409 304 1449 Saer
331 1405 473 1460 ingerit
500 1406 774 1459 repugnante?
831 1405 895 1446 Ad
926 1405 1022 1446 haec
1049 1406 1233 1447 renidens
1264 1405 1541 1460 Symmachus:
1568 1406 1688 1455 Bene,
1713 1405 1772 1445 in-

325 1518 429 1560 [Mss.
453 1515 591 1548 APSH.

231 1574 317 1605 'ralis
341 1572 424 1613 cet]
449 1570 500 1602 Cf.
526 1570 623 1601 Plut.
647 1568 772 1611 Symp.
797 1569 864 1609 Ill,
887 1573 920 1610 4,
944 1572 976 1602 2.
1010 1590 1050 1594 —
1084 1576 1116 1602 et
1139 1570 1264 1602 levitas
1290 1576 1362 1603 est.
1401 1572 1464 1603 Est
1490 1576 1521 1603 et
1552 1571 1693 1603 v3M12.
1741 1576 1773 1605 et

233 1618 370 1649 lenitas
394 1621 463 1647 cst.
494 1615 558 1646 Est
583 1619 612 1645 et
637 1614 750 1644 ASvl.
887 1616 918 1645 4.
950 1615 1105 1647 insidiae
1129 1614 1167 1646 A.
1306 1618 1338 1646 6.
1372 1616 1513 1647 celerius
1534 1626 1602 1647 om.
1632 1616 1668 1646 P.
1717 1626 1771 1647 ce-

233 1662 368 1694 leriter
392 1660 429 1691 A.
454 1677 498 1682 —
528 1658 883 1700 quattuortlccimus
906 1658 954 1690 vi.

277 1762 308 1791 2.
360 1759 389 1790 si
421 1758 481 1790 tibi
506 1758 635 1790 volenti
667 1755 744 1797 erit]
783 1755 861 1788 tid.
898 1759 971 1788 not.

233 1805 276 1835 ud
304 1804 331 1843 I,
357 1807 389 1843 7,
414 1806 447 1833 9.

276 1851 307 1879 3.
356 1853 386 1879 ct
414 1846 520 1888 pubes
547 1849 577 1876 ct
610 1854 723 1886 genae
753 1868 783 1875 ..
817 1845 969 1876 vestiun-

233 1893 300 1932 tur]
338 1891 393 1922 (Jf.
425 1892 443 1929 θ’
481 1893 512 1920 8.
549 1889 632 1920 illae
671 1893 789 1929 partes
822 1890 970 1920 maxime

235 1936 501 1968 vcstiuntur.
572 1931 622 1963 ni
682 1932 753 1963 loci
810 1932 969 1964 addendi

232 1984 336 2011 emat
373 1979 416 2011 ad
451 1981 526 2008 not.
561 1975 606 2007 nd
639 1975 706 2014 III,
731 1979 765 2016 8,
790 1980 822 2007 7.
870 1977 970 2008 Inest

232 2021 408 2063 πρόληψις
432 2020 629 2062 quaedam,
655 2020 749 2060 quud
777 2021 889 2061 pubes
912 2020 967 2051 di-

231 2069 327 2098 citur
352 2065 498 2101 vestiri,
541 2074 623 2094 nain
657 2063 749 2095 alias
782 2068 840 2102 (ut
866 2065 967 2105 Yirg.

230 2113 317 2141 Aen.
342 2110 406 2147 111,
430 2111 519 2145 427„
544 2107 651 2139 ovid.
677 2107 798 2139 Amor.
825 2109 889 2147 III,
915 2111 966 2147 12,

230 2158 284 2185 22.
311 2154 404 2185 l’lin.
430 2152 471 2183 N.
490 2152 536 2182 11.
563 2151 625 2190 xl,
642 2152 697 2189 37,
715 2153 779 2189 833
804 2152 966 2190 xxvnl,

236 2201 283 2229 Κ).
317 2209 343 2228 s.
377 2200 430 2228 60.
467 2198 575 2230 extr.)
612 2195 779 2235 pudenda
814 2195 868 2226 sic
904 2206 966 2227 vo-

231 2246 361 2273 cantur
385 2239 471 2281 pilis
496 2237 642 2269 vestita.

274 2287 305 2315 4.
341 2283 556 2316 abundantia
579 2280 778 2323 sanguinis]
805 2281 966 2312 referen-

231 2330 314 2360 dum
340 2333 394 2359 est
421 2327 463 2359 ad
491 2327 551 2358 hoc
576 2325 763 2364 indicium,
791 2329 829 2356 ut
854 2325 965 2357 fuerit

230 2373 435 2410 dicendum,
461 2371 550 2413 quod
577 2370 750 2411 sangnine
773 2369 964 2402 abundant.

231 2418 280 2448 De
307 2428 345 2447 re
370 2417 463 2447 (tons.
493 2415 519 2453 I,
548 2417 600 2453 17,
619 2416 674 2444 53.

272 2464 304 2492 5.
352 2461 428 2492 licet
453 2483 483 2490 ..
507 2469 589 2489 usus
613 2456 724 2489 seculo
748 2460 863 2487 nostro
885 2456 964 2487 nul-

228 2506 281 2536 Ins
318 2505 373 2545 sit]
411 2502 664 2544 „Signaudum
696 2500 765 2530 hoc
800 2504 835 2531 et
869 2501 964 2541 quod

227 2549 392 2590 seqnitur
416 2558 538 2591 porro:
567 2546 694 2578 Solitos
713 2546 877 2583 funerum
900 2545 965 2576 mi-

225 2595 351 2625 nistros
381 2617 388 2623 .
403 2618 409 2623 .
426 2616 432 2623 .
455 2589 826 2632 ccte1·aflagraba11t.⁸'·
850 2588 964 2621 Pom.

226 2656 269 2659 —-
300 2636 534 2676 Boettigerus
561 2634 670 2666 ldeen
696 2633 729 2670 Ι,
757 2643 789 2673 p.
815 2634 871 2663 36.
909 2632 964 2663 di-

226 2681 277 2712 cit
326 2680 504 2712 incertum
555 2688 637 2710 esse
691 2676 832 2718 quando
884 2687 962 2708 mes

226 2728 450 2756 mortuorum
500 2722 680 2754 cadavera
725 2720 963 2752 comburendi

225 2768 370 2799 niunino
409 2766 571 2798 desierit.
633 2766 685 2796 Ex
725 2764 884 2796 seeundo
927 2769 962 2796 et

226 2812 332 2843 tertio
364 2811 487 2843 seculo
514 2812 734 2851 argumenta
763 2808 962 2849 collegisse

222 2855 496 2895 Schoepssinuni
530 2854 564 2886 in
595 2852 740 2885 Alsatia
772 2851 962 2883 illustrata

1092 1662 1126 1690 8.
1164 1660 1355 1702 Responsio
1380 1660 1426 1691 ad
1447 1660 1642 1702 praedicta.
1685 1660 1771 1702 Cap.

1038 1759 1066 1798 l,
1093 1770 1126 1800 p.
1150 1760 1216 1789 512
1241 1769 1293 1798 sq.
1331 1757 1554 1790 Plutarchus
1580 1770 1614 1799 p.
1637 1757 1770 1790 651.B.

1038 1814 1113 1834 rein
1148 1803 1192 1833 de
1227 1812 1293 1833 sua
1325 1806 1447 1833 aetate
1481 1802 1610 1835 tradit:
1649 1798 1772 1844 Λέγε-

1036 1858 1107 1878 ται
1142 1844 1211 1888 γὰρ
1249 1842 1321 1877 ὑπὸ
1361 1845 1433 1876 τῶν
1474 1843 1773 1888 σκευωρουμένων

1037 1890 1337 1922 συντίθεσθαι
1367 1885 1467 1929 παρὰ
1505 1888 1591 1923 δέκα
1623 1888 1773 1932 νεκροὺς

1035 1931 1179 1976 ἀνδρῶν
1204 1930 1268 1965 ἕνα
1291 1931 1469 1975 γυναικός.

1071 1988 1297 2031 flagrabant]
1346 1988 1547 2020 Dicendum
1590 1991 1671 2020 erat
1696 1989 1773 2031 fla-

1034 2044 1175 2076 grasse,
1215 2036 1253 2063 ut
1284 2032 1376 2063 haec
1408 2042 1549 2073 quoque
1574 2032 1774 2073 penderent

1035 2088 1056 2108 a
1083 2076 1205 2107 verbis
1235 2076 1335 2107 lectio
1361 2076 1465 2107 docet.

1079 2132 1111 2161 6.
1169 2130 1354 2161 secundum
1397 2129 1476 2159 iura
1519 2127 1670 2170 publica]
1714 2127 1770 2160 Cf.

1034 2172 1179 2215 Ulpian.
1216 2172 1358 2215 Digest.
1396 2172 1566 2211 xxvm,
1601 2175 1637 2211 l,
1672 2174 1704 2204 5.
1739 2174 1771 2204 Α

1034 2229 1103 2259 qua
1136 2222 1250 2249 aetate
1277 2221 1516 2249 testamentum
1542 2217 1596 2248 vel
1624 2216 1772 2248 masculi

1033 2262 1088 2292 vel
1113 2262 1270 2301 feminae
1299 2262 1419 2301 facere
1449 2265 1611 2302 possunt,
1645 2261 1769 2293 videa—

1033 2317 1117 2337 mus.
1171 2305 1291 2336 Verius
1318 2309 1367 2336 est
1399 2305 1433 2335 in
1460 2305 1667 2337 masculis
1690 2305 1769 2347 qui-

1033 2350 1108 2381 dem
1145 2353 1355 2390 quartum
1395 2349 1600 2380 decimum
1640 2360 1770 2381 annum

1032 2394 1275 2435 spectandum,
1300 2394 1335 2424 in
1355 2393 1536 2432 feminis
1563 2404 1643 2425 vero
1668 2394 1769 2424 duo-

1033 2438 1233 2469 decimum
1257 2437 1471 2478 completum,
1497 2439 1532 2468 et
1549 2436 1652 2469 Paul.
1680 2435 1769 2468 ibid.

1033 2481 1168 2519 xxlll,
1191 2484 1224 2521 2,
1252 2483 1284 2512 4.
1323 2482 1489 2513 Minorem
1515 2481 1642 2511 annis
1666 2480 1767 2512 duo-

1033 2526 1163 2557 decim
1187 2530 1332 2567 nuptam
1359 2530 1438 2557 tunc
1461 2525 1655 2566 legitimam
1678 2535 1767 2556 uxo-

1031 2580 1100 2601 rem
1121 2571 1219 2609 sore,
1246 2580 1320 2601 cum
1342 2569 1436 2610 apud
1465 2569 1576 2599 virum
1602 2568 1768 2610 explesset

1032 2614 1259 2645 duodecim
1285 2623 1430 2644 annos.

1075 2670 1107 2698 7.
1154 2665 1310 2708 nimium]
1344 2665 1367 2697 i.
1393 2676 1424 2696 e.
1452 2663 1660 2696 vehemens.
1708 2664 1764 2698 Cf.

1031 2712 1051 2750 ἓ
1081 2713 1111 2742 1.
1159 2711 1220 2742 Sic
1246 2710 1354 2741 etiam
1380 2709 1460 2751 plus
1488 2709 1593 2740 nimio
1618 2708 1766 2749 ponitur

1031 2766 1061 2786 c.
1087 2757 1118 2793 1,
1145 2756 1164 2793 ἓ
1189 2757 1219 2785 2.
1240 2754 1302 2791 al„
1328 2756 1364 2783 et
1392 2752 1493 2783 nimis
1517 2763 1676 2795 asperam
1699 2764 1764 2796 pro

1031 2796 1257 2839 superlativo
1284 2808 1315 2828 c.
1342 2799 1395 2834 15,
1422 2795 1438 2836 §
1464 2798 1495 2827 9.

1073 2854 1104 2882 Β.
1153 2850 1323 2892 renidens]
1349 2849 1404 2881 Cf.
1424 2849 1452 2890 1,
1473 2851 1505 2890 4,
1530 2852 1563 2882 4.
