<?xml version="1.0" encoding="UTF-8"?>
<!DOCTYPE html PUBLIC "-//W3C//DTD XHTML 1.0 Transitional//EN"
    "http://www.w3.org/TR/xhtml1/DTD/xhtml1-transitional.dtd">
<html xmlns="http://www.w3.org/1999/xhtml" xml:lang="en" lang="en">
 <head>
  <title>
</title>
<meta http-equiv="Content-Type" content="text/html;charset=utf-8" />
  <meta name='ocr-system' content='tesseract 3.04.00' />
  <meta name='ocr-capabilities' content='ocr_page ocr_carea ocr_par ocr_line ocrx_word'/>
</head>
<body>
  <div class='ocr_page' id='page_1' title='image "./operaquaesupersu02macruoft/operaquaesupersu02macruoft_0639.png"; bbox 0 0 1843 3163; ppageno 0'>
   <div class='ocr_carea' id='block_1_1' title="bbox 104 61 1720 1566">
    <p class='ocr_par' dir='ltr' id='par_1_1' title="bbox 104 61 1720 1566">
     <span class='ocr_line' id='line_1_1' title="bbox 382 61 1657 105; baseline 0.002 -2"><span class='ocrx_word' id='word_1_1' title='bbox 382 61 855 103; x_wconf 72' lang='lat' dir='ltr'>SATURNALIORUM</span> <span class='ocrx_word' id='word_1_2' title='bbox 892 61 989 101; x_wconf 78' lang='grc' dir='ltr'>ΗΒ.</span> <span class='ocrx_word' id='word_1_3' title='bbox 1024 62 1111 101; x_wconf 67' lang='lat' dir='ltr'>Vll.</span> <span class='ocrx_word' id='word_1_4' title='bbox 1145 62 1262 102; x_wconf 60' lang='lat' dir='ltr'>(lav.</span> <span class='ocrx_word' id='word_1_5' title='bbox 1300 63 1388 102; x_wconf 76' lang='lat' dir='ltr'>xit.</span> <span class='ocrx_word' id='word_1_6' title='bbox 1576 65 1657 105; x_wconf 71' lang='lat'>1513</span> 
     </span>
     <span class='ocr_line' id='line_1_2' title="bbox 115 172 1656 227; baseline 0.001 -14"><span class='ocrx_word' id='word_1_7' title='bbox 115 174 255 214; x_wconf 82' lang='lat' dir='ltr'>ceteris</span> <span class='ocrx_word' id='word_1_8' title='bbox 283 174 367 214; x_wconf 87' lang='lat' dir='ltr'>eius</span> <span class='ocrx_word' id='word_1_9' title='bbox 400 173 576 227; x_wconf 84' lang='lat' dir='ltr'>partilms</span> <span class='ocrx_word' id='word_1_10' title='bbox 605 173 652 213; x_wconf 93' lang='lat' dir='ltr'>ad</span> <span class='ocrx_word' id='word_1_11' title='bbox 682 173 903 213; x_wconf 82' lang='lat' dir='ltr'>satietatem</span> <span class='ocrx_word' id='word_1_12' title='bbox 934 172 1030 212; x_wconf 74' lang='lat' dir='ltr'>dicit</span> <span class='ocrx_word' id='word_1_13' title='bbox 1059 173 1328 221; x_wconf 81' lang='lat' dir='ltr'>abutendum,</span> <span class='ocrx_word' id='word_1_14' title='bbox 1374 173 1569 226; x_wconf 90' lang='lat' dir='ltr'>optimum</span> <span class='ocrx_word' id='word_1_15' title='bbox 1606 174 1656 214; x_wconf 64' lang='lat' dir='ltr'>ii-</span> 
     </span>
     <span class='ocr_line' id='line_1_3' title="bbox 115 229 1656 283; baseline 0 -14"><span class='ocrx_word' id='word_1_16' title='bbox 115 244 207 270; x_wconf 88' lang='lat' dir='ltr'>num</span> <span class='ocrx_word' id='word_1_17' title='bbox 243 229 326 269; x_wconf 88' lang='lat' dir='ltr'>sine</span> <span class='ocrx_word' id='word_1_18' title='bbox 364 229 486 270; x_wconf 78' lang='lat' dir='ltr'>dubio</span> <span class='ocrx_word' id='word_1_19' title='bbox 519 230 745 279; x_wconf 67' lang='lat' dir='ltr'>signilivans</span> <span class='ocrx_word' id='word_1_20' title='bbox 791 229 898 283; x_wconf 79' lang='lat' dir='ltr'>quod</span> <span class='ocrx_word' id='word_1_21' title='bbox 942 229 979 268; x_wconf 89' lang='lat' dir='ltr'>in</span> <span class='ocrx_word' id='word_1_22' title='bbox 1020 229 1113 268; x_wconf 91' lang='lat' dir='ltr'>dolii</span> <span class='ocrx_word' id='word_1_23' title='bbox 1157 229 1368 269; x_wconf 81' lang='lat' dir='ltr'>medietate</span> <span class='ocrx_word' id='word_1_24' title='bbox 1409 229 1656 270; x_wconf 73' lang='lat' dir='ltr'>consisteret.</span> 
     </span>
     <span class='ocr_line' id='line_1_4' title="bbox 113 285 1655 339; baseline -0.001 -14"><span class='ocrx_word' id='word_1_25' title='bbox 113 285 188 326; x_wconf 73' lang='lat' dir='ltr'>Sed</span> <span class='ocrx_word' id='word_1_26' title='bbox 217 292 255 325; x_wconf 84' lang='lat' dir='ltr'>et</span> <span class='ocrx_word' id='word_1_27' title='bbox 283 285 357 325; x_wconf 82' lang='lat' dir='ltr'>lioc</span> <span class='ocrx_word' id='word_1_28' title='bbox 393 300 465 325; x_wconf 84' lang='lat' dir='ltr'>usu</span> <span class='ocrx_word' id='word_1_29' title='bbox 498 287 708 339; x_wconf 68' lang='lat' dir='ltr'>proliatum</span> <span class='ocrx_word' id='word_1_30' title='bbox 741 291 812 330; x_wconf 83' lang='lat' dir='ltr'>est,</span> <span class='ocrx_word' id='word_1_31' title='bbox 844 285 880 324; x_wconf 92' lang='lat' dir='ltr'>in</span> <span class='ocrx_word' id='word_1_32' title='bbox 913 285 1001 323; x_wconf 83' lang='lat' dir='ltr'>oleo</span> <span class='ocrx_word' id='word_1_33' title='bbox 1028 285 1222 337; x_wconf 88' lang='lat' dir='ltr'>optimum</span> <span class='ocrx_word' id='word_1_34' title='bbox 1259 300 1346 324; x_wconf 81' lang='lat' dir='ltr'>esse</span> <span class='ocrx_word' id='word_1_35' title='bbox 1378 285 1484 337; x_wconf 78' lang='lat' dir='ltr'>quod</span> <span class='ocrx_word' id='word_1_36' title='bbox 1520 299 1655 338; x_wconf 84' lang='lat' dir='ltr'>super-</span> 
     </span>
     <span class='ocr_line' id='line_1_5' title="bbox 115 341 1653 395; baseline 0 -15"><span class='ocrx_word' id='word_1_37' title='bbox 115 347 233 389; x_wconf 87' lang='lat' dir='ltr'>natat,</span> <span class='ocrx_word' id='word_1_38' title='bbox 263 341 300 381; x_wconf 93' lang='lat' dir='ltr'>in</span> <span class='ocrx_word' id='word_1_39' title='bbox 335 342 448 381; x_wconf 90' lang='lat' dir='ltr'>melle</span> <span class='ocrx_word' id='word_1_40' title='bbox 477 342 583 395; x_wconf 75' lang='lat' dir='ltr'>qnod</span> <span class='ocrx_word' id='word_1_41' title='bbox 616 342 653 381; x_wconf 94' lang='lat' dir='ltr'>in</span> <span class='ocrx_word' id='word_1_42' title='bbox 686 341 765 380; x_wconf 91' lang='lat' dir='ltr'>imo</span> <span class='ocrx_word' id='word_1_43' title='bbox 798 347 866 380; x_wconf 84' lang='lat' dir='ltr'>est.</span> <span class='ocrx_word' id='word_1_44' title='bbox 929 342 1092 389; x_wconf 81' lang='lat' dir='ltr'>Quaero</span> <span class='ocrx_word' id='word_1_45' title='bbox 1128 341 1247 387; x_wconf 55' lang='lat' dir='ltr'>igitur</span> <span class='ocrx_word' id='word_1_46' title='bbox 1279 354 1349 379; x_wconf 74' lang='lat' dir='ltr'>cnr</span> <span class='ocrx_word' id='word_1_47' title='bbox 1382 341 1512 380; x_wconf 76' lang='lat' dir='ltr'>oleum</span> <span class='ocrx_word' id='word_1_48' title='bbox 1546 342 1653 394; x_wconf 76' lang='lat' dir='ltr'>quod</span> 
     </span>
     <span class='ocr_line' id='line_1_6' title="bbox 114 395 1653 450; baseline 0.001 -14"><span class='ocrx_word' id='word_1_49' title='bbox 114 397 151 436; x_wconf 92' lang='lat' dir='ltr'>in</span> <span class='ocrx_word' id='word_1_50' title='bbox 182 411 338 437; x_wconf 91' lang='lat' dir='ltr'>summo</span> <span class='ocrx_word' id='word_1_51' title='bbox 373 404 443 445; x_wconf 84' lang='lat' dir='ltr'>est,</span> <span class='ocrx_word' id='word_1_52' title='bbox 479 398 609 438; x_wconf 57' lang='lat' dir='ltr'>tinum</span> <span class='ocrx_word' id='word_1_53' title='bbox 644 397 750 450; x_wconf 80' lang='lat' dir='ltr'>qnod</span> <span class='ocrx_word' id='word_1_54' title='bbox 787 396 823 435; x_wconf 93' lang='lat' dir='ltr'>in</span> <span class='ocrx_word' id='word_1_55' title='bbox 858 395 1001 441; x_wconf 81' lang='lat' dir='ltr'>medio,</span> <span class='ocrx_word' id='word_1_56' title='bbox 1031 396 1104 434; x_wconf 84' lang='lat' dir='ltr'>mel</span> <span class='ocrx_word' id='word_1_57' title='bbox 1133 396 1240 448; x_wconf 76' lang='lat' dir='ltr'>quod</span> <span class='ocrx_word' id='word_1_58' title='bbox 1274 396 1309 434; x_wconf 92' lang='lat' dir='ltr'>in</span> <span class='ocrx_word' id='word_1_59' title='bbox 1342 397 1476 444; x_wconf 87' lang='lat' dir='ltr'>l&#39;nndo,</span> <span class='ocrx_word' id='word_1_60' title='bbox 1505 397 1653 449; x_wconf 89' lang='lat' dir='ltr'>optima</span> 
     </span>
     <span class='ocr_line' id='line_1_7' title="bbox 111 450 1720 505; baseline -0.001 -13"><span class='ocrx_word' id='word_1_61' title='bbox 111 466 196 493; x_wconf 84' lang='lat' dir='ltr'>esse</span> <span class='ocrx_word' id='word_1_62' title='bbox 227 454 468 493; x_wconf 68' lang='lat' dir='ltr'>credantur?</span> <span class='ocrx_word' id='word_1_63' title='bbox 529 455 607 493; x_wconf 73' lang='lat' dir='ltr'>Nee</span> <span class='ocrx_word' id='word_1_64' title='bbox 639 458 850 492; x_wconf 67' lang='lat' dir='ltr'>eumtatus</span> <span class='ocrx_word' id='word_1_65' title='bbox 876 451 1055 491; x_wconf 80' lang='lat' dir='ltr'>Disarius</span> <span class='ocrx_word' id='word_1_66' title='bbox 1085 450 1159 490; x_wconf 88' lang='lat' dir='ltr'>ait:</span> <span class='ocrx_word' id='word_1_67' title='bbox 1206 451 1283 490; x_wconf 79' lang='lat' dir='ltr'>Mel</span> <span class='ocrx_word' id='word_1_68' title='bbox 1317 453 1423 503; x_wconf 79' lang='lat' dir='ltr'>qnod</span> <span class='ocrx_word' id='word_1_69' title='bbox 1457 453 1652 505; x_wconf 88' lang='lat' dir='ltr'>optimum</span> <span class='ocrx_word' id='word_1_70' title='bbox 1676 454 1720 491; x_wconf 74' lang='lat'>1⁴</span> 
     </span>
     <span class='ocr_line' id='line_1_8' title="bbox 110 506 1654 563; baseline 0 -15"><span class='ocrx_word' id='word_1_71' title='bbox 110 514 170 548; x_wconf 86' lang='lat' dir='ltr'>est</span> <span class='ocrx_word' id='word_1_72' title='bbox 200 510 351 563; x_wconf 75' lang='lat' dir='ltr'>reliquo</span> <span class='ocrx_word' id='word_1_73' title='bbox 384 509 648 563; x_wconf 74' lang='lat' dir='ltr'>ponderosius</span> <span class='ocrx_word' id='word_1_74' title='bbox 673 513 742 556; x_wconf 84' lang='lat' dir='ltr'>est,</span> <span class='ocrx_word' id='word_1_75' title='bbox 771 507 808 547; x_wconf 93' lang='lat' dir='ltr'>in</span> <span class='ocrx_word' id='word_1_76' title='bbox 835 521 923 547; x_wconf 74' lang='lat' dir='ltr'>vase</span> <span class='ocrx_word' id='word_1_77' title='bbox 957 507 1076 559; x_wconf 70' lang='lat' dir='ltr'>igitur</span> <span class='ocrx_word' id='word_1_78' title='bbox 1106 506 1230 545; x_wconf 87' lang='lat' dir='ltr'>mellis</span> <span class='ocrx_word' id='word_1_79' title='bbox 1258 520 1346 559; x_wconf 81' lang='lat' dir='ltr'>pars</span> <span class='ocrx_word' id='word_1_80' title='bbox 1377 521 1477 559; x_wconf 78' lang='lat' dir='ltr'>qnae</span> <span class='ocrx_word' id='word_1_81' title='bbox 1508 509 1544 547; x_wconf 85' lang='lat' dir='ltr'>in</span> <span class='ocrx_word' id='word_1_82' title='bbox 1576 509 1654 548; x_wconf 92' lang='lat' dir='ltr'>imo</span> 
     </span>
     <span class='ocr_line' id='line_1_9' title="bbox 110 562 1654 619; baseline -0.001 -14"><span class='ocrx_word' id='word_1_83' title='bbox 110 570 169 605; x_wconf 88' lang='lat' dir='ltr'>est</span> <span class='ocrx_word' id='word_1_84' title='bbox 210 566 347 619; x_wconf 79' lang='lat' dir='ltr'>utique</span> <span class='ocrx_word' id='word_1_85' title='bbox 392 570 565 619; x_wconf 88' lang='lat' dir='ltr'>praestat</span> <span class='ocrx_word' id='word_1_86' title='bbox 609 564 804 618; x_wconf 88' lang='lat' dir='ltr'>pondere,</span> <span class='ocrx_word' id='word_1_87' title='bbox 848 569 886 602; x_wconf 90' lang='lat' dir='ltr'>et</span> <span class='ocrx_word' id='word_1_88' title='bbox 920 562 1008 602; x_wconf 90' lang='lat' dir='ltr'>ideo</span> <span class='ocrx_word' id='word_1_89' title='bbox 1049 568 1291 616; x_wconf 87' lang='lat' dir='ltr'>supernante</span> <span class='ocrx_word' id='word_1_90' title='bbox 1330 563 1540 615; x_wconf 68' lang='lat' dir='ltr'>pretiosior</span> <span class='ocrx_word' id='word_1_91' title='bbox 1579 570 1654 604; x_wconf 83' lang='lat' dir='ltr'>est:</span> 
     </span>
     <span class='ocr_line' id='line_1_10' title="bbox 109 618 1652 673; baseline -0.001 -14"><span class='ocrx_word' id='word_1_92' title='bbox 109 626 244 660; x_wconf 77' lang='lat' dir='ltr'>contra</span> <span class='ocrx_word' id='word_1_93' title='bbox 277 622 314 661; x_wconf 93' lang='lat' dir='ltr'>in</span> <span class='ocrx_word' id='word_1_94' title='bbox 346 635 435 661; x_wconf 73' lang='lat' dir='ltr'>vase</span> <span class='ocrx_word' id='word_1_95' title='bbox 465 620 540 660; x_wconf 67' lang='lat' dir='ltr'>vini</span> <span class='ocrx_word' id='word_1_96' title='bbox 574 633 662 673; x_wconf 89' lang='lat' dir='ltr'>pars</span> <span class='ocrx_word' id='word_1_97' title='bbox 695 618 857 659; x_wconf 81' lang='lat' dir='ltr'>inferior</span> <span class='ocrx_word' id='word_1_98' title='bbox 888 618 1131 658; x_wconf 74' lang='lat' dir='ltr'>admixtione</span> <span class='ocrx_word' id='word_1_99' title='bbox 1163 618 1280 658; x_wconf 84' lang='lat' dir='ltr'>l&#39;aecis</span> <span class='ocrx_word' id='word_1_100' title='bbox 1313 632 1392 657; x_wconf 94' lang='lat' dir='ltr'>non</span> <span class='ocrx_word' id='word_1_101' title='bbox 1427 618 1545 658; x_wconf 88' lang='lat' dir='ltr'>modo</span> <span class='ocrx_word' id='word_1_102' title='bbox 1572 625 1652 658; x_wconf 89' lang='lat' dir='ltr'>tur-</span> 
     </span>
     <span class='ocr_line' id='line_1_11' title="bbox 110 674 1651 729; baseline -0.001 -14"><span class='ocrx_word' id='word_1_103' title='bbox 110 676 270 716; x_wconf 86' lang='lat' dir='ltr'>bulenta</span> <span class='ocrx_word' id='word_1_104' title='bbox 300 676 366 716; x_wconf 89' lang='lat' dir='ltr'>sed</span> <span class='ocrx_word' id='word_1_105' title='bbox 401 681 440 716; x_wconf 83' lang='lat' dir='ltr'>et</span> <span class='ocrx_word' id='word_1_106' title='bbox 471 689 612 729; x_wconf 88' lang='lat' dir='ltr'>sapore</span> <span class='ocrx_word' id='word_1_107' title='bbox 643 674 818 715; x_wconf 83' lang='lat' dir='ltr'>deterior</span> <span class='ocrx_word' id='word_1_108' title='bbox 849 679 926 723; x_wconf 86' lang='lat' dir='ltr'>est,</span> <span class='ocrx_word' id='word_1_109' title='bbox 971 687 1059 728; x_wconf 81' lang='lat' dir='ltr'>pars</span> <span class='ocrx_word' id='word_1_110' title='bbox 1098 687 1190 713; x_wconf 76' lang='lat' dir='ltr'>vero</span> <span class='ocrx_word' id='word_1_111' title='bbox 1226 688 1381 714; x_wconf 85' lang='lat' dir='ltr'>summa</span> <span class='ocrx_word' id='word_1_112' title='bbox 1421 674 1521 714; x_wconf 81' lang='lat' dir='ltr'>aeris</span> <span class='ocrx_word' id='word_1_113' title='bbox 1561 675 1651 714; x_wconf 67' lang='lat' dir='ltr'>rici-</span> 
     </span>
     <span class='ocr_line' id='line_1_12' title="bbox 109 730 1719 785; baseline -0.001 -14"><span class='ocrx_word' id='word_1_114' title='bbox 109 732 170 771; x_wconf 91' lang='lat' dir='ltr'>nia</span> <span class='ocrx_word' id='word_1_115' title='bbox 204 732 489 785; x_wconf 80' lang='lat' dir='ltr'>corrumpitur,</span> <span class='ocrx_word' id='word_1_116' title='bbox 539 731 653 771; x_wconf 85' lang='lat' dir='ltr'>cuius</span> <span class='ocrx_word' id='word_1_117' title='bbox 692 730 936 771; x_wconf 79' lang='lat' dir='ltr'>admixtione</span> <span class='ocrx_word' id='word_1_118' title='bbox 973 731 1015 770; x_wconf 89' lang='lat' dir='ltr'>lit</span> <span class='ocrx_word' id='word_1_119' title='bbox 1056 730 1230 770; x_wconf 84' lang='lat' dir='ltr'>dilutior.</span> <span class='ocrx_word' id='word_1_120' title='bbox 1308 730 1420 771; x_wconf 75' lang='lat' dir='ltr'>[nde</span> <span class='ocrx_word' id='word_1_121' title='bbox 1459 730 1719 783; x_wconf 68' lang='lat' dir='ltr'>agri‹·olael:⁴›</span> 
     </span>
     <span class='ocr_line' id='line_1_13' title="bbox 108 786 1652 840; baseline 0 -13"><span class='ocrx_word' id='word_1_122' title='bbox 108 787 224 835; x_wconf 83' lang='lat' dir='ltr'>dolia,</span> <span class='ocrx_word' id='word_1_123' title='bbox 254 802 332 827; x_wconf 91' lang='lat' dir='ltr'>non</span> <span class='ocrx_word' id='word_1_124' title='bbox 362 787 537 827; x_wconf 83' lang='lat' dir='ltr'>contenti</span> <span class='ocrx_word' id='word_1_125' title='bbox 568 787 641 827; x_wconf 72' lang='lat' dir='ltr'>sul)</span> <span class='ocrx_word' id='word_1_126' title='bbox 673 791 778 826; x_wconf 79' lang='lat' dir='ltr'>tecto</span> <span class='ocrx_word' id='word_1_127' title='bbox 809 786 1053 840; x_wconf 78' lang='lat' dir='ltr'>reposuisse,</span> <span class='ocrx_word' id='word_1_128' title='bbox 1086 786 1294 825; x_wconf 80' lang='lat' dir='ltr'>defodiunt</span> <span class='ocrx_word' id='word_1_129' title='bbox 1326 791 1363 825; x_wconf 91' lang='lat' dir='ltr'>et</span> <span class='ocrx_word' id='word_1_130' title='bbox 1395 787 1652 839; x_wconf 85' lang='lat' dir='ltr'>operimentis</span> 
     </span>
     <span class='ocr_line' id='line_1_14' title="bbox 107 842 1651 895; baseline 0.001 -13"><span class='ocrx_word' id='word_1_131' title='bbox 107 843 352 883; x_wconf 81' lang='lat' dir='ltr'>extrinsecus</span> <span class='ocrx_word' id='word_1_132' title='bbox 386 843 504 883; x_wconf 84' lang='lat' dir='ltr'>inlitis</span> <span class='ocrx_word' id='word_1_133' title='bbox 542 842 728 882; x_wconf 84' lang='lat' dir='ltr'>muniunt</span> <span class='ocrx_word' id='word_1_134' title='bbox 764 848 1012 882; x_wconf 67' lang='lat' dir='ltr'>removentes</span> <span class='ocrx_word' id='word_1_135' title='bbox 1051 842 1087 881; x_wconf 93' lang='lat' dir='ltr'>in</span> <span class='ocrx_word' id='word_1_136' title='bbox 1122 847 1314 895; x_wconf 77' lang='lat' dir='ltr'>(plantum</span> <span class='ocrx_word' id='word_1_137' title='bbox 1351 842 1432 881; x_wconf 82' lang='lat' dir='ltr'>lieri</span> <span class='ocrx_word' id='word_1_138' title='bbox 1472 848 1601 895; x_wconf 81' lang='lat' dir='ltr'>potest</span> <span class='ocrx_word' id='word_1_139' title='bbox 1631 857 1651 883; x_wconf 84' lang='lat' dir='ltr'>a</span> 
     </span>
     <span class='ocr_line' id='line_1_15' title="bbox 107 897 1718 953; baseline -0.001 -14"><span class='ocrx_word' id='word_1_140' title='bbox 107 898 197 939; x_wconf 65' lang='lat' dir='ltr'>vino</span> <span class='ocrx_word' id='word_1_141' title='bbox 228 899 329 938; x_wconf 85' lang='lat' dir='ltr'>aeris</span> <span class='ocrx_word' id='word_1_142' title='bbox 367 899 664 949; x_wconf 70' lang='lat' dir='ltr'>contagionem,</span> <span class='ocrx_word' id='word_1_143' title='bbox 702 913 722 938; x_wconf 91' lang='lat' dir='ltr'>a</span> <span class='ocrx_word' id='word_1_144' title='bbox 755 912 834 951; x_wconf 84' lang='lat' dir='ltr'>quo</span> <span class='ocrx_word' id='word_1_145' title='bbox 869 904 947 938; x_wconf 91' lang='lat' dir='ltr'>tam</span> <span class='ocrx_word' id='word_1_146' title='bbox 982 898 1187 937; x_wconf 84' lang='lat' dir='ltr'>manifeste</span> <span class='ocrx_word' id='word_1_147' title='bbox 1219 897 1387 937; x_wconf 84' lang='lat' dir='ltr'>laeditur</span> <span class='ocrx_word' id='word_1_148' title='bbox 1419 903 1461 937; x_wconf 87' lang='lat' dir='ltr'>ut</span> <span class='ocrx_word' id='word_1_149' title='bbox 1493 898 1551 938; x_wconf 73' lang='lat' dir='ltr'>vix</span> <span class='ocrx_word' id='word_1_150' title='bbox 1586 912 1718 953; x_wconf 38' lang='grc' dir='ltr'>εαξη]</span> 
     </span>
     <span class='ocr_line' id='line_1_16' title="bbox 108 953 1719 1008; baseline 0.002 -15"><span class='ocrx_word' id='word_1_151' title='bbox 108 960 268 994; x_wconf 89' lang='lat' dir='ltr'>tueatur</span> <span class='ocrx_word' id='word_1_152' title='bbox 294 954 331 993; x_wconf 94' lang='lat' dir='ltr'>in</span> <span class='ocrx_word' id='word_1_153' title='bbox 362 968 451 995; x_wconf 72' lang='lat' dir='ltr'>vase</span> <span class='ocrx_word' id='word_1_154' title='bbox 480 955 595 1008; x_wconf 83' lang='lat' dir='ltr'>pleno</span> <span class='ocrx_word' id='word_1_155' title='bbox 622 962 660 994; x_wconf 87' lang='lat' dir='ltr'>et</span> <span class='ocrx_word' id='word_1_156' title='bbox 689 954 777 994; x_wconf 87' lang='lat' dir='ltr'>ideo</span> <span class='ocrx_word' id='word_1_157' title='bbox 808 954 886 993; x_wconf 83' lang='lat' dir='ltr'>aeri</span> <span class='ocrx_word' id='word_1_158' title='bbox 917 954 1047 993; x_wconf 87' lang='lat' dir='ltr'>minus</span> <span class='ocrx_word' id='word_1_159' title='bbox 1080 953 1225 1007; x_wconf 71' lang='lat' dir='ltr'>pervio.</span> <span class='ocrx_word' id='word_1_160' title='bbox 1286 953 1473 993; x_wconf 79' lang='lat' dir='ltr'>Ceterum</span> <span class='ocrx_word' id='word_1_161' title='bbox 1500 954 1530 992; x_wconf 87' lang='lat' dir='ltr'>si</span> <span class='ocrx_word' id='word_1_162' title='bbox 1562 954 1652 995; x_wconf 90' lang='lat' dir='ltr'>inde</span> <span class='ocrx_word' id='word_1_163' title='bbox 1672 958 1719 996; x_wconf 67' lang='lat' dir='ltr'>lt}</span> 
     </span>
     <span class='ocr_line' id='line_1_17' title="bbox 108 1008 1651 1063; baseline 0.001 -14"><span class='ocrx_word' id='word_1_164' title='bbox 108 1009 286 1049; x_wconf 77' lang='lat' dir='ltr'>hauseris</span> <span class='ocrx_word' id='word_1_165' title='bbox 317 1015 356 1050; x_wconf 90' lang='lat' dir='ltr'>et</span> <span class='ocrx_word' id='word_1_166' title='bbox 388 1011 519 1050; x_wconf 75' lang='lat' dir='ltr'>lorum</span> <span class='ocrx_word' id='word_1_167' title='bbox 549 1010 649 1049; x_wconf 89' lang='lat' dir='ltr'>aeris</span> <span class='ocrx_word' id='word_1_168' title='bbox 679 1009 912 1049; x_wconf 73' lang='lat' dir='ltr'>admixtioni</span> <span class='ocrx_word' id='word_1_169' title='bbox 943 1008 1195 1063; x_wconf 66' lang='lat' dir='ltr'>patefeceris,</span> <span class='ocrx_word' id='word_1_170' title='bbox 1228 1008 1424 1062; x_wconf 84' lang='lat' dir='ltr'>reliquum</span> <span class='ocrx_word' id='word_1_171' title='bbox 1453 1009 1560 1062; x_wconf 89' lang='lat' dir='ltr'>quod</span> <span class='ocrx_word' id='word_1_172' title='bbox 1591 1024 1651 1051; x_wconf 88' lang='lat' dir='ltr'>re-</span> 
     </span>
     <span class='ocr_line' id='line_1_18' title="bbox 108 1065 1651 1119; baseline 0 -14"><span class='ocrx_word' id='word_1_173' title='bbox 108 1065 253 1105; x_wconf 87' lang='lat' dir='ltr'>mansit</span> <span class='ocrx_word' id='word_1_174' title='bbox 283 1080 401 1106; x_wconf 89' lang='lat' dir='ltr'>omne</span> <span class='ocrx_word' id='word_1_175' title='bbox 430 1066 710 1119; x_wconf 76' lang='lat' dir='ltr'>corrumpitur.</span> <span class='ocrx_word' id='word_1_176' title='bbox 770 1065 902 1105; x_wconf 81' lang='lat' dir='ltr'>Media</span> <span class='ocrx_word' id='word_1_177' title='bbox 934 1065 1054 1117; x_wconf 70' lang='lat' dir='ltr'>igitur</span> <span class='ocrx_word' id='word_1_178' title='bbox 1086 1078 1174 1118; x_wconf 85' lang='lat' dir='ltr'>pars</span> <span class='ocrx_word' id='word_1_179' title='bbox 1206 1070 1398 1117; x_wconf 87' lang='lat' dir='ltr'>quantum</span> <span class='ocrx_word' id='word_1_180' title='bbox 1428 1078 1448 1103; x_wconf 89' lang='lat' dir='ltr'>a</span> <span class='ocrx_word' id='word_1_181' title='bbox 1477 1066 1651 1105; x_wconf 86' lang='lat' dir='ltr'>conlinio</span> 
     </span>
     <span class='ocr_line' id='line_1_19' title="bbox 107 1120 1650 1175; baseline 0.001 -14"><span class='ocrx_word' id='word_1_182' title='bbox 107 1121 253 1161; x_wconf 91' lang='lat' dir='ltr'>summi</span> <span class='ocrx_word' id='word_1_183' title='bbox 287 1122 497 1175; x_wconf 77' lang='lat' dir='ltr'>utriusque</span> <span class='ocrx_word' id='word_1_184' title='bbox 526 1127 679 1161; x_wconf 90' lang='lat' dir='ltr'>tantum</span> <span class='ocrx_word' id='word_1_185' title='bbox 711 1136 732 1160; x_wconf 89' lang='lat' dir='ltr'>a</span> <span class='ocrx_word' id='word_1_186' title='bbox 761 1135 862 1161; x_wconf 78' lang='lat' dir='ltr'>noxa</span> <span class='ocrx_word' id='word_1_187' title='bbox 895 1127 1046 1161; x_wconf 89' lang='lat' dir='ltr'>remota</span> <span class='ocrx_word' id='word_1_188' title='bbox 1079 1126 1138 1160; x_wconf 85' lang='lat' dir='ltr'>est</span> <span class='ocrx_word' id='word_1_189' title='bbox 1171 1120 1283 1174; x_wconf 85' lang='lat' dir='ltr'>quasi</span> <span class='ocrx_word' id='word_1_190' title='bbox 1317 1134 1387 1159; x_wconf 87' lang='lat' dir='ltr'>nee</span> <span class='ocrx_word' id='word_1_191' title='bbox 1424 1121 1650 1162; x_wconf 84' lang='lat' dir='ltr'>turbulenta</span> 
     </span>
     <span class='ocr_line' id='line_1_20' title="bbox 107 1175 1716 1229; baseline 0.001 -13"><span class='ocrx_word' id='word_1_192' title='bbox 107 1191 178 1217; x_wconf 80' lang='lat' dir='ltr'>nce</span> <span class='ocrx_word' id='word_1_193' title='bbox 219 1177 354 1217; x_wconf 87' lang='lat' dir='ltr'>diluta.</span> <span class='ocrx_word' id='word_1_194' title='bbox 421 1177 580 1218; x_wconf 77' lang='lat' dir='ltr'>Adiecit</span> <span class='ocrx_word' id='word_1_195' title='bbox 609 1177 804 1217; x_wconf 64' lang='lat' dir='ltr'>Avienus:</span> <span class='ocrx_word' id='word_1_196' title='bbox 852 1178 934 1217; x_wconf 80' lang='lat' dir='ltr'>Cur</span> <span class='ocrx_word' id='word_1_197' title='bbox 965 1177 1101 1217; x_wconf 83' lang='lat' dir='ltr'>eadem</span> <span class='ocrx_word' id='word_1_198' title='bbox 1137 1175 1246 1229; x_wconf 88' lang='lat' dir='ltr'>potio</span> <span class='ocrx_word' id='word_1_199' title='bbox 1277 1176 1471 1215; x_wconf 70' lang='lat' dir='ltr'>meracior</span> <span class='ocrx_word' id='word_1_200' title='bbox 1496 1176 1716 1218; x_wconf 64' lang='lat' dir='ltr'>xideturli</span> 
     </span>
     <span class='ocr_line' id='line_1_21' title="bbox 108 1231 1648 1286; baseline 0.001 -15"><span class='ocrx_word' id='word_1_201' title='bbox 108 1232 242 1272; x_wconf 88' lang='lat' dir='ltr'>ieiuno</span> <span class='ocrx_word' id='word_1_202' title='bbox 275 1246 394 1286; x_wconf 83' lang='lat' dir='ltr'>quam</span> <span class='ocrx_word' id='word_1_203' title='bbox 424 1233 458 1273; x_wconf 91' lang='lat' dir='ltr'>ei</span> <span class='ocrx_word' id='word_1_204' title='bbox 489 1234 557 1286; x_wconf 82' lang='lat' dir='ltr'>qui</span> <span class='ocrx_word' id='word_1_205' title='bbox 584 1233 716 1273; x_wconf 82' lang='lat' dir='ltr'>cilnnn</span> <span class='ocrx_word' id='word_1_206' title='bbox 744 1232 937 1286; x_wconf 74' lang='lat' dir='ltr'>sumpsit?</span> <span class='ocrx_word' id='word_1_207' title='bbox 996 1233 1047 1272; x_wconf 81' lang='lat' dir='ltr'>Et</span> <span class='ocrx_word' id='word_1_208' title='bbox 1080 1232 1161 1271; x_wconf 89' lang='lat' dir='ltr'>ille:</span> <span class='ocrx_word' id='word_1_209' title='bbox 1191 1232 1319 1271; x_wconf 65' lang='lat' dir='ltr'>Venas</span> <span class='ocrx_word' id='word_1_210' title='bbox 1348 1231 1475 1271; x_wconf 80' lang='lat' dir='ltr'>inedia</span> <span class='ocrx_word' id='word_1_211' title='bbox 1508 1246 1648 1273; x_wconf 72' lang='lat' dir='ltr'>vacue-</span> 
     </span>
     <span class='ocr_line' id='line_1_22' title="bbox 106 1286 1649 1341; baseline 0.001 -14"><span class='ocrx_word' id='word_1_212' title='bbox 106 1288 210 1335; x_wconf 84' lang='lat' dir='ltr'>saeit,</span> <span class='ocrx_word' id='word_1_213' title='bbox 243 1288 429 1328; x_wconf 85' lang='lat' dir='ltr'>saturitas</span> <span class='ocrx_word' id='word_1_214' title='bbox 460 1289 646 1328; x_wconf 84' lang='lat' dir='ltr'>obstruit.</span> <span class='ocrx_word' id='word_1_215' title='bbox 706 1288 834 1340; x_wconf 72' lang='lat' dir='ltr'>Igitur</span> <span class='ocrx_word' id='word_1_216' title='bbox 870 1302 958 1327; x_wconf 90' lang='lat' dir='ltr'>cum</span> <span class='ocrx_word' id='word_1_217' title='bbox 998 1288 1106 1340; x_wconf 87' lang='lat' dir='ltr'>potio</span> <span class='ocrx_word' id='word_1_218' title='bbox 1139 1300 1208 1341; x_wconf 87' lang='lat' dir='ltr'>per</span> <span class='ocrx_word' id='word_1_219' title='bbox 1233 1286 1462 1327; x_wconf 90' lang='lat' dir='ltr'>inanitatem</span> <span class='ocrx_word' id='word_1_220' title='bbox 1491 1288 1649 1341; x_wconf 86' lang='lat' dir='ltr'>penitus</span> 
     </span>
     <span class='ocr_line' id='line_1_23' title="bbox 106 1343 1649 1397; baseline 0.001 -14"><span class='ocrx_word' id='word_1_221' title='bbox 106 1343 255 1391; x_wconf 87' lang='lat' dir='ltr'>inlluit,</span> <span class='ocrx_word' id='word_1_222' title='bbox 298 1343 391 1397; x_wconf 89' lang='lat' dir='ltr'>quia</span> <span class='ocrx_word' id='word_1_223' title='bbox 426 1358 505 1383; x_wconf 91' lang='lat' dir='ltr'>non</span> <span class='ocrx_word' id='word_1_224' title='bbox 540 1344 704 1384; x_wconf 82' lang='lat' dir='ltr'>obtusas</span> <span class='ocrx_word' id='word_1_225' title='bbox 736 1343 826 1383; x_wconf 81' lang='lat' dir='ltr'>cibo</span> <span class='ocrx_word' id='word_1_226' title='bbox 859 1357 976 1384; x_wconf 67' lang='lat' dir='ltr'>venas</span> <span class='ocrx_word' id='word_1_227' title='bbox 1007 1343 1155 1383; x_wconf 64' lang='lat' dir='ltr'>invenit</span> <span class='ocrx_word' id='word_1_228' title='bbox 1179 1356 1309 1396; x_wconf 87' lang='lat' dir='ltr'>neque</span> <span class='ocrx_word' id='word_1_229' title='bbox 1336 1343 1379 1382; x_wconf 88' lang='lat' dir='ltr'>lit.</span> <span class='ocrx_word' id='word_1_230' title='bbox 1406 1343 1649 1385; x_wconf 77' lang='lat' dir='ltr'>admixtione</span> 
     </span>
     <span class='ocr_line' id='line_1_24' title="bbox 106 1398 1716 1453; baseline 0.001 -14"><span class='ocrx_word' id='word_1_231' title='bbox 106 1399 292 1448; x_wconf 87' lang='lat' dir='ltr'>dilutior,</span> <span class='ocrx_word' id='word_1_232' title='bbox 336 1405 375 1439; x_wconf 84' lang='lat' dir='ltr'>et</span> <span class='ocrx_word' id='word_1_233' title='bbox 411 1413 481 1453; x_wconf 87' lang='lat' dir='ltr'>per</span> <span class='ocrx_word' id='word_1_234' title='bbox 516 1413 685 1440; x_wconf 75' lang='lat' dir='ltr'>vacuum</span> <span class='ocrx_word' id='word_1_235' title='bbox 729 1413 865 1439; x_wconf 85' lang='lat' dir='ltr'>means</span> <span class='ocrx_word' id='word_1_236' title='bbox 905 1404 1066 1451; x_wconf 71' lang='lat' dir='ltr'>gustatu</span> <span class='ocrx_word' id='word_1_237' title='bbox 1109 1398 1274 1438; x_wconf 87' lang='lat' dir='ltr'>fortiore</span> <span class='ocrx_word' id='word_1_238' title='bbox 1316 1398 1496 1438; x_wconf 84' lang='lat' dir='ltr'>sentitur.</span> <span class='ocrx_word' id='word_1_239' title='bbox 1562 1400 1716 1440; x_wconf 61' lang='lat' dir='ltr'>Hocffl</span> 
     </span>
     <span class='ocr_line' id='line_1_25' title="bbox 106 1453 1651 1509; baseline 0.001 -14"><span class='ocrx_word' id='word_1_240' title='bbox 106 1468 270 1509; x_wconf 86' lang='lat' dir='ltr'>quoque</span> <span class='ocrx_word' id='word_1_241' title='bbox 299 1455 506 1496; x_wconf 83' lang='lat' dir='ltr'>sciendum</span> <span class='ocrx_word' id='word_1_242' title='bbox 544 1455 639 1495; x_wconf 89' lang='lat' dir='ltr'>mihi</span> <span class='ocrx_word' id='word_1_243' title='bbox 668 1460 739 1502; x_wconf 87' lang='lat' dir='ltr'>est,</span> <span class='ocrx_word' id='word_1_244' title='bbox 772 1455 947 1496; x_wconf 74' lang='lat' dir='ltr'>Avienus</span> <span class='ocrx_word' id='word_1_245' title='bbox 978 1454 1050 1495; x_wconf 85' lang='lat' dir='ltr'>ait:</span> <span class='ocrx_word' id='word_1_246' title='bbox 1086 1454 1169 1495; x_wconf 86' lang='lat' dir='ltr'>Cur</span> <span class='ocrx_word' id='word_1_247' title='bbox 1193 1453 1262 1508; x_wconf 88' lang='lat' dir='ltr'>qui</span> <span class='ocrx_word' id='word_1_248' title='bbox 1297 1453 1475 1494; x_wconf 86' lang='lat' dir='ltr'>esuriens</span> <span class='ocrx_word' id='word_1_249' title='bbox 1505 1454 1651 1496; x_wconf 84' lang='lat' dir='ltr'>biberit</span> 
     </span>
     <span class='ocr_line' id='line_1_26' title="bbox 104 1509 1651 1566; baseline 0.001 -15"><span class='ocrx_word' id='word_1_250' title='bbox 104 1511 396 1566; x_wconf 87' lang='lat' dir='ltr'>aliquantulum</span> <span class='ocrx_word' id='word_1_251' title='bbox 429 1510 573 1553; x_wconf 87' lang='lat' dir='ltr'>samem</span> <span class='ocrx_word' id='word_1_252' title='bbox 602 1511 802 1560; x_wconf 82' lang='lat' dir='ltr'>sublevat,</span> <span class='ocrx_word' id='word_1_253' title='bbox 849 1511 917 1565; x_wconf 92' lang='lat' dir='ltr'>qui</span> <span class='ocrx_word' id='word_1_254' title='bbox 955 1524 1048 1552; x_wconf 72' lang='lat' dir='ltr'>vero</span> <span class='ocrx_word' id='word_1_255' title='bbox 1084 1510 1222 1551; x_wconf 88' lang='lat' dir='ltr'>sitiens</span> <span class='ocrx_word' id='word_1_256' title='bbox 1261 1509 1393 1550; x_wconf 85' lang='lat' dir='ltr'>cibum</span> <span class='ocrx_word' id='word_1_257' title='bbox 1438 1512 1651 1565; x_wconf 84' lang='lat' dir='ltr'>sumpserit</span> 
     </span>
    </p>
   </div>
   <div class='ocr_carea' id='block_1_2' title="bbox 1159 1637 1558 1680">
    <p class='ocr_par' dir='ltr' id='par_1_2' title="bbox 1159 1637 1558 1680">
     <span class='ocr_line' id='line_1_27' title="bbox 1159 1637 1558 1680; baseline 0 -11"><span class='ocrx_word' id='word_1_258' title='bbox 1159 1638 1249 1669; x_wconf 79' lang='lat' dir='ltr'>Edd.</span> <span class='ocrx_word' id='word_1_259' title='bbox 1273 1637 1558 1680; x_wconf 65' lang='lat' dir='ltr'>Vlcahgspdzb]</span> 
     </span>
    </p>
   </div>
   <div class='ocr_carea' id='block_1_3' title="bbox 103 1684 1648 2000">
    <p class='ocr_par' dir='ltr' id='par_1_3' title="bbox 103 1684 1648 2000">
     <span class='ocr_line' id='line_1_28' title="bbox 104 1684 1646 1733; baseline 0.001 -9"><span class='ocrx_word' id='word_1_260' title='bbox 104 1695 144 1724; x_wconf 84' lang='grc' dir='ltr'>Ρ.</span> <span class='ocrx_word' id='word_1_261' title='bbox 171 1711 210 1717; x_wconf 89' lang='grc'><strong>-</strong></span> <span class='ocrx_word' id='word_1_262' title='bbox 247 1693 330 1725; x_wconf 83' lang='lat' dir='ltr'>dicit</span> <span class='ocrx_word' id='word_1_263' title='bbox 354 1703 425 1725; x_wconf 86' lang='lat' dir='ltr'>om.</span> <span class='ocrx_word' id='word_1_264' title='bbox 449 1692 503 1732; x_wconf 80' lang='lat' dir='ltr'>(in</span> <span class='ocrx_word' id='word_1_265' title='bbox 523 1703 596 1733; x_wconf 75' lang='lat' dir='ltr'>mg.</span> <span class='ocrx_word' id='word_1_266' title='bbox 623 1692 704 1724; x_wconf 78' lang='lat' dir='ltr'>add.</span> <span class='ocrx_word' id='word_1_267' title='bbox 729 1693 835 1730; x_wconf 68' lang='lat' dir='ltr'>dixit)</span> <span class='ocrx_word' id='word_1_268' title='bbox 862 1692 898 1725; x_wconf 92' lang='lat' dir='ltr'>S.</span> <span class='ocrx_word' id='word_1_269' title='bbox 930 1712 967 1716; x_wconf 97' lang='lat'><strong>—</strong></span> <span class='ocrx_word' id='word_1_270' title='bbox 1005 1694 1066 1725; x_wconf 83' lang='lat' dir='ltr'>hoc</span> <span class='ocrx_word' id='word_1_271' title='bbox 1091 1693 1181 1725; x_wconf 76' lang='lat' dir='ltr'>visu</span> <span class='ocrx_word' id='word_1_272' title='bbox 1199 1692 1235 1724; x_wconf 90' lang='lat' dir='ltr'>S.</span> <span class='ocrx_word' id='word_1_273' title='bbox 1266 1709 1306 1715; x_wconf 92' lang='lat'>-</span> <span class='ocrx_word' id='word_1_274' title='bbox 1340 1702 1400 1723; x_wconf 86' lang='lat' dir='ltr'>cur</span> <span class='ocrx_word' id='word_1_275' title='bbox 1423 1692 1532 1723; x_wconf 82' lang='lat' dir='ltr'>oleum</span> <span class='ocrx_word' id='word_1_276' title='bbox 1560 1684 1646 1725; x_wconf 81' lang='lat' dir='ltr'>cet-l</span> 
     </span>
     <span class='ocr_line' id='line_1_29' title="bbox 105 1735 1648 1780; baseline 0 -11"><span class='ocrx_word' id='word_1_277' title='bbox 105 1737 160 1769; x_wconf 84' lang='lat' dir='ltr'>Cf.</span> <span class='ocrx_word' id='word_1_278' title='bbox 191 1738 288 1769; x_wconf 85' lang='lat' dir='ltr'>Plut.</span> <span class='ocrx_word' id='word_1_279' title='bbox 313 1737 336 1769; x_wconf 87' lang='grc'><strong>1.</strong></span> <span class='ocrx_word' id='word_1_280' title='bbox 362 1749 392 1768; x_wconf 86' lang='lat' dir='ltr'>c.</span> <span class='ocrx_word' id='word_1_281' title='bbox 536 1739 572 1768; x_wconf 75' lang='lat'>14</span> <span class='ocrx_word' id='word_1_282' title='bbox 622 1743 889 1780; x_wconf 78' lang='lat' dir='ltr'>supernatante</span> <span class='ocrx_word' id='word_1_283' title='bbox 916 1748 991 1780; x_wconf 68' lang='lat' dir='ltr'><strong>v-g.</strong></span> <span class='ocrx_word' id='word_1_284' title='bbox 1016 1755 1055 1760; x_wconf 90' lang='lat'>-—</span> <span class='ocrx_word' id='word_1_285' title='bbox 1077 1737 1275 1779; x_wconf 80' lang='lat' dir='ltr'>pretiosius</span> <span class='ocrx_word' id='word_1_286' title='bbox 1300 1735 1337 1766; x_wconf 90' lang='lat' dir='ltr'>P.</span> <span class='ocrx_word' id='word_1_287' title='bbox 1365 1754 1398 1759; x_wconf 90' lang='lat'>-</span> <span class='ocrx_word' id='word_1_288' title='bbox 1428 1737 1648 1769; x_wconf 70' lang='lat' dir='ltr'>admistione</span> 
     </span>
     <span class='ocr_line' id='line_1_30' title="bbox 104 1779 1648 1823; baseline 0.001 -11"><span class='ocrx_word' id='word_1_289' title='bbox 104 1781 235 1820; x_wconf 82' lang='lat' dir='ltr'>(etium</span> <span class='ocrx_word' id='word_1_290' title='bbox 265 1781 380 1823; x_wconf 78' lang='lat' dir='ltr'>infra)</span> <span class='ocrx_word' id='word_1_291' title='bbox 410 1792 484 1822; x_wconf 74' lang='lat' dir='ltr'>v—g.</span> <span class='ocrx_word' id='word_1_292' title='bbox 525 1800 558 1804; x_wconf 97' lang='lat'><strong>—</strong></span> <span class='ocrx_word' id='word_1_293' title='bbox 597 1783 655 1813; x_wconf 81' lang='lat' dir='ltr'>sed</span> <span class='ocrx_word' id='word_1_294' title='bbox 683 1782 809 1813; x_wconf 85' lang='lat' dir='ltr'>etiam</span> <span class='ocrx_word' id='word_1_295' title='bbox 835 1793 913 1823; x_wconf 71' lang='lat' dir='ltr'>v-g.</span> <span class='ocrx_word' id='word_1_296' title='bbox 945 1800 974 1804; x_wconf 94' lang='lat'>—</span> <span class='ocrx_word' id='word_1_297' title='bbox 1018 1781 1138 1813; x_wconf 72' lang='lat' dir='ltr'>vicina</span> <span class='ocrx_word' id='word_1_298' title='bbox 1165 1779 1323 1823; x_wconf 77' lang='lat' dir='ltr'>p2-bPS.</span> <span class='ocrx_word' id='word_1_299' title='bbox 1354 1798 1394 1803; x_wconf 88' lang='lat'>—-</span> <span class='ocrx_word' id='word_1_300' title='bbox 1421 1781 1468 1820; x_wconf 85' lang='lat' dir='ltr'>fit</span> <span class='ocrx_word' id='word_1_301' title='bbox 1492 1781 1648 1813; x_wconf 74' lang='lat' dir='ltr'>dulcior</span> 
     </span>
     <span class='ocr_line' id='line_1_31' title="bbox 106 1820 1647 1867; baseline 0 -10"><span class='ocrx_word' id='word_1_302' title='bbox 106 1826 145 1865; x_wconf 80' lang='grc' dir='ltr'>Ρ,</span> <span class='ocrx_word' id='word_1_303' title='bbox 285 1829 334 1857; x_wconf 88' lang='lat'>15.</span> <span class='ocrx_word' id='word_1_304' title='bbox 370 1826 429 1857; x_wconf 81' lang='lat' dir='ltr'>sub</span> <span class='ocrx_word' id='word_1_305' title='bbox 456 1831 593 1858; x_wconf 78' lang='lat' dir='ltr'>tectum</span> <span class='ocrx_word' id='word_1_306' title='bbox 622 1837 686 1867; x_wconf 70' lang='lat' dir='ltr'>v-g</span> <span class='ocrx_word' id='word_1_307' title='bbox 709 1826 781 1866; x_wconf 72' lang='lat' dir='ltr'>(hg</span> <span class='ocrx_word' id='word_1_308' title='bbox 807 1825 840 1857; x_wconf 87' lang='lat' dir='ltr'>in</span> <span class='ocrx_word' id='word_1_309' title='bbox 867 1837 940 1866; x_wconf 66' lang='lat' dir='ltr'>ing.</span> <span class='ocrx_word' id='word_1_310' title='bbox 967 1830 1080 1863; x_wconf 79' lang='lat' dir='ltr'>tecto).</span> <span class='ocrx_word' id='word_1_311' title='bbox 1222 1827 1273 1854; x_wconf 83' lang='lat'>16.</span> <span class='ocrx_word' id='word_1_312' title='bbox 1312 1824 1341 1855; x_wconf 83' lang='lat' dir='ltr'>si</span> <span class='ocrx_word' id='word_1_313' title='bbox 1369 1825 1403 1855; x_wconf 87' lang='lat' dir='ltr'>in</span> <span class='ocrx_word' id='word_1_314' title='bbox 1433 1824 1498 1855; x_wconf 82' lang='lat' dir='ltr'>die</span> <span class='ocrx_word' id='word_1_315' title='bbox 1527 1825 1569 1855; x_wconf 89' lang='lat' dir='ltr'>II.</span> <span class='ocrx_word' id='word_1_316' title='bbox 1619 1820 1647 1857; x_wconf 48' lang='lat' dir='ltr'>sl·</span> 
     </span>
     <span class='ocr_line' id='line_1_32' title="bbox 103 1868 1646 1911; baseline -0.001 -9"><span class='ocrx_word' id='word_1_317' title='bbox 103 1882 183 1902; x_wconf 85' lang='lat' dir='ltr'>non</span> <span class='ocrx_word' id='word_1_318' title='bbox 208 1874 295 1908; x_wconf 84' lang='lat' dir='ltr'>(om.</span> <span class='ocrx_word' id='word_1_319' title='bbox 323 1871 419 1907; x_wconf 87' lang='lat' dir='ltr'>inde)</span> <span class='ocrx_word' id='word_1_320' title='bbox 447 1880 477 1901; x_wconf 89' lang='lat' dir='ltr'>v.</span> <span class='ocrx_word' id='word_1_321' title='bbox 511 1889 545 1893; x_wconf 84' lang='lat'>—</span> <span class='ocrx_word' id='word_1_322' title='bbox 587 1870 804 1901; x_wconf 55' lang='lat' dir='ltr'>admixtione</span> <span class='ocrx_word' id='word_1_323' title='bbox 831 1872 928 1911; x_wconf 87' lang='lat' dir='ltr'>(sup.</span> <span class='ocrx_word' id='word_1_324' title='bbox 955 1870 983 1906; x_wconf 83' lang='lat' dir='ltr'>i)</span> <span class='ocrx_word' id='word_1_325' title='bbox 1012 1870 1049 1900; x_wconf 82' lang='lat' dir='ltr'>A.</span> <span class='ocrx_word' id='word_1_326' title='bbox 1098 1868 1311 1901; x_wconf 80' lang='lat' dir='ltr'>admistioni</span> <span class='ocrx_word' id='word_1_327' title='bbox 1335 1878 1413 1909; x_wconf 74' lang='lat' dir='ltr'>v-g.</span> <span class='ocrx_word' id='word_1_328' title='bbox 1438 1886 1478 1890; x_wconf 86' lang='lat'>—</span> <span class='ocrx_word' id='word_1_329' title='bbox 1513 1875 1580 1900; x_wconf 85' lang='lat' dir='ltr'>est.-</span> <span class='ocrx_word' id='word_1_330' title='bbox 1607 1874 1646 1901; x_wconf 87' lang='lat' dir='ltr'>et</span> 
     </span>
     <span class='ocr_line' id='line_1_33' title="bbox 104 1911 1647 1956; baseline 0 -11"><span class='ocrx_word' id='word_1_331' title='bbox 104 1915 204 1956; x_wconf 83' lang='lat' dir='ltr'>qnasi</span> <span class='ocrx_word' id='word_1_332' title='bbox 229 1914 335 1955; x_wconf 75' lang='lat' dir='ltr'>Sv-g.</span> <span class='ocrx_word' id='word_1_333' title='bbox 477 1917 527 1946; x_wconf 78' lang='lat'>17.</span> <span class='ocrx_word' id='word_1_334' title='bbox 570 1915 774 1955; x_wconf 79' lang='lat' dir='ltr'>vacuefecit</span> <span class='ocrx_word' id='word_1_335' title='bbox 800 1914 838 1945; x_wconf 86' lang='grc' dir='ltr'>Ρ.</span> <span class='ocrx_word' id='word_1_336' title='bbox 881 1932 913 1937; x_wconf 89' lang='grc'>-</span> <span class='ocrx_word' id='word_1_337' title='bbox 954 1925 1014 1955; x_wconf 89' lang='lat' dir='ltr'>per</span> <span class='ocrx_word' id='word_1_338' title='bbox 1041 1914 1128 1954; x_wconf 82' lang='lat' dir='ltr'>(oin.</span> <span class='ocrx_word' id='word_1_339' title='bbox 1156 1916 1204 1949; x_wconf 87' lang='lat' dir='ltr'>et)</span> <span class='ocrx_word' id='word_1_340' title='bbox 1232 1912 1369 1953; x_wconf 72' lang='lat' dir='ltr'><strong>ASv-g.</strong></span> <span class='ocrx_word' id='word_1_341' title='bbox 1407 1911 1544 1951; x_wconf 59' lang='lat' dir='ltr'>e,Forte</span> <span class='ocrx_word' id='word_1_342' title='bbox 1572 1914 1647 1955; x_wconf 73' lang='lat' dir='ltr'>legi</span> 
     </span>
     <span class='ocr_line' id='line_1_34' title="bbox 105 1957 1647 2000; baseline 0 -11"><span class='ocrx_word' id='word_1_343' title='bbox 105 1959 215 1990; x_wconf 85' lang='lat' dir='ltr'>debet</span> <span class='ocrx_word' id='word_1_344' title='bbox 238 1959 334 1990; x_wconf 50' lang='lat' dir='ltr'>sedfi‘</span> <span class='ocrx_word' id='word_1_345' title='bbox 355 1957 466 1989; x_wconf 87' lang='lat' dir='ltr'>Zeun.</span> <span class='ocrx_word' id='word_1_346' title='bbox 606 1961 655 1989; x_wconf 87' lang='grc'><strong>18.</strong></span> <span class='ocrx_word' id='word_1_347' title='bbox 707 1963 755 1990; x_wconf 79' lang='lat' dir='ltr'>est</span> <span class='ocrx_word' id='word_1_348' title='bbox 782 1958 877 1999; x_wconf 79' lang='lat' dir='ltr'>milii,</span> <span class='ocrx_word' id='word_1_349' title='bbox 904 1959 1053 1990; x_wconf 73' lang='lat' dir='ltr'>Avienus</span> <span class='ocrx_word' id='word_1_350' title='bbox 1078 1958 1189 2000; x_wconf 82' lang='lat' dir='ltr'>inquit</span> <span class='ocrx_word' id='word_1_351' title='bbox 1223 1967 1301 1998; x_wconf 74' lang='lat' dir='ltr'>v-g.</span> <span class='ocrx_word' id='word_1_352' title='bbox 1328 1974 1369 1979; x_wconf 96' lang='lat'><strong>—</strong></span> <span class='ocrx_word' id='word_1_353' title='bbox 1401 1967 1460 1987; x_wconf 84' lang='lat' dir='ltr'>cur</span> <span class='ocrx_word' id='word_1_354' title='bbox 1485 1958 1543 1998; x_wconf 84' lang='lat' dir='ltr'>qui</span> <span class='ocrx_word' id='word_1_355' title='bbox 1568 1969 1647 1989; x_wconf 75' lang='lat' dir='ltr'>esu-</span> 
     </span>
    </p>
   </div>
   <div class='ocr_carea' id='block_1_4' title="bbox 105 2071 843 2202">
    <p class='ocr_par' dir='ltr' id='par_1_4' title="bbox 105 2071 843 2202">
     <span class='ocr_line' id='line_1_35' title="bbox 151 2071 843 2115; baseline -0.001 -11"><span class='ocrx_word' id='word_1_356' title='bbox 151 2074 260 2105; x_wconf 89' lang='lat' dir='ltr'>olcum</span> <span class='ocrx_word' id='word_1_357' title='bbox 282 2073 372 2115; x_wconf 80' lang='lat' dir='ltr'>quod</span> <span class='ocrx_word' id='word_1_358' title='bbox 394 2073 427 2103; x_wconf 88' lang='lat' dir='ltr'>in</span> <span class='ocrx_word' id='word_1_359' title='bbox 451 2083 580 2104; x_wconf 80' lang='lat' dir='ltr'>summo</span> <span class='ocrx_word' id='word_1_360' title='bbox 603 2071 666 2112; x_wconf 82' lang='lat' dir='ltr'>est]</span> <span class='ocrx_word' id='word_1_361' title='bbox 702 2072 754 2103; x_wconf 85' lang='lat' dir='ltr'>De</span> <span class='ocrx_word' id='word_1_362' title='bbox 773 2072 843 2103; x_wconf 83' lang='lat' dir='ltr'>hoc</span> 
     </span>
     <span class='ocr_line' id='line_1_36' title="bbox 105 2115 842 2158; baseline -0.001 -9"><span class='ocrx_word' id='word_1_363' title='bbox 105 2117 198 2149; x_wconf 86' lang='lat' dir='ltr'>nihil</span> <span class='ocrx_word' id='word_1_364' title='bbox 225 2117 320 2149; x_wconf 76' lang='lat' dir='ltr'>infra</span> <span class='ocrx_word' id='word_1_365' title='bbox 348 2115 509 2158; x_wconf 83' lang='lat' dir='ltr'>prodidit</span> <span class='ocrx_word' id='word_1_366' title='bbox 533 2116 754 2156; x_wconf 74' lang='lat' dir='ltr'>Macrobius,</span> <span class='ocrx_word' id='word_1_367' title='bbox 780 2117 842 2148; x_wconf 86' lang='lat' dir='ltr'>scd</span> 
     </span>
     <span class='ocr_line' id='line_1_37' title="bbox 107 2160 842 2202; baseline -0.003 -8"><span class='ocrx_word' id='word_1_368' title='bbox 107 2172 272 2199; x_wconf 79' lang='lat' dir='ltr'>causam,</span> <span class='ocrx_word' id='word_1_369' title='bbox 315 2171 379 2191; x_wconf 81' lang='lat' dir='ltr'>cur</span> <span class='ocrx_word' id='word_1_370' title='bbox 416 2160 486 2192; x_wconf 81' lang='lat' dir='ltr'>hoc</span> <span class='ocrx_word' id='word_1_371' title='bbox 518 2163 616 2192; x_wconf 84' lang='lat' dir='ltr'>esset</span> <span class='ocrx_word' id='word_1_372' title='bbox 651 2160 842 2202; x_wconf 84' lang='lat' dir='ltr'>optimum,</span> 
     </span>
    </p>
   </div>
   <div class='ocr_carea' id='block_1_5' title="bbox 911 2073 1645 2203">
    <p class='ocr_par' dir='ltr' id='par_1_5' title="bbox 911 2073 1645 2203">
     <span class='ocr_line' id='line_1_38' title="bbox 911 2073 1645 2115; baseline -0.001 -11"><span class='ocrx_word' id='word_1_373' title='bbox 911 2073 1014 2105; x_wconf 80' lang='lat' dir='ltr'>aliter</span> <span class='ocrx_word' id='word_1_374' title='bbox 1064 2084 1151 2115; x_wconf 81' lang='lat' dir='ltr'>qnae</span> <span class='ocrx_word' id='word_1_375' title='bbox 1204 2078 1297 2106; x_wconf 75' lang='lat' dir='ltr'>stant</span> <span class='ocrx_word' id='word_1_376' title='bbox 1347 2083 1452 2114; x_wconf 85' lang='lat' dir='ltr'>snpra</span> <span class='ocrx_word' id='word_1_377' title='bbox 1509 2077 1645 2104; x_wconf 86' lang='lat' dir='ltr'>terram.</span> 
     </span>
     <span class='ocr_line' id='line_1_39' title="bbox 911 2116 1643 2158; baseline -0.001 -11"><span class='ocrx_word' id='word_1_378' title='bbox 911 2116 1064 2148; x_wconf 82' lang='lat' dir='ltr'>Becker.</span> <span class='ocrx_word' id='word_1_379' title='bbox 1088 2117 1218 2149; x_wconf 82' lang='lat' dir='ltr'>Gallus</span> <span class='ocrx_word' id='word_1_380' title='bbox 1248 2117 1294 2158; x_wconf 90' lang='lat' dir='ltr'>II,</span> <span class='ocrx_word' id='word_1_381' title='bbox 1321 2128 1352 2158; x_wconf 86' lang='lat' dir='ltr'>p.</span> <span class='ocrx_word' id='word_1_382' title='bbox 1378 2120 1438 2147; x_wconf 72' lang='grc'><strong>167</strong></span> <span class='ocrx_word' id='word_1_383' title='bbox 1461 2127 1513 2157; x_wconf 85' lang='lat' dir='ltr'>sq.</span> <span class='ocrx_word' id='word_1_384' title='bbox 1541 2116 1596 2147; x_wconf 85' lang='lat' dir='ltr'>ed.</span> <span class='ocrx_word' id='word_1_385' title='bbox 1618 2116 1643 2147; x_wconf 88' lang='grc' dir='ltr'>Ι.</span> 
     </span>
     <span class='ocr_line' id='line_1_40' title="bbox 954 2161 1645 2203; baseline -0.001 -11"><span class='ocrx_word' id='word_1_386' title='bbox 954 2162 1172 2203; x_wconf 79' lang='lat' dir='ltr'>operimentis</span> <span class='ocrx_word' id='word_1_387' title='bbox 1197 2163 1403 2193; x_wconf 61' lang='lat' dir='ltr'>extrinsecus</span> <span class='ocrx_word' id='word_1_388' title='bbox 1429 2161 1538 2192; x_wconf 86' lang='lat' dir='ltr'>inlitis</span> <span class='ocrx_word' id='word_1_389' title='bbox 1569 2172 1645 2191; x_wconf 86' lang='lat' dir='ltr'>mu-</span> 
     </span>
    </p>
   </div>
   <div class='ocr_carea' id='block_1_6' title="bbox 56 2205 851 2946">
    <p class='ocr_par' dir='ltr' id='par_1_6' title="bbox 106 2205 359 2244">
     <span class='ocr_line' id='line_1_41' title="bbox 106 2205 359 2244; baseline -0.02 -5"><span class='ocrx_word' id='word_1_390' title='bbox 106 2205 233 2239; x_wconf 79' lang='lat' dir='ltr'>attutit</span> <span class='ocrx_word' id='word_1_391' title='bbox 260 2206 280 2244; x_wconf 82' lang='lat'><strong>§</strong></span> <span class='ocrx_word' id='word_1_392' title='bbox 311 2207 359 2235; x_wconf 79' lang='lat'>¹2.</span> 
     </span>
    </p>

    <p class='ocr_par' dir='ltr' id='par_1_7' title="bbox 156 2248 472 2281">
     <span class='ocr_line' id='line_1_42' title="bbox 156 2248 472 2281; baseline -0.003 -1"><span class='ocrx_word' id='word_1_393' title='bbox 156 2252 203 2281; x_wconf 80' lang='lat'>¹5.</span> <span class='ocrx_word' id='word_1_394' title='bbox 252 2248 402 2280; x_wconf 79' lang='lat' dir='ltr'>contenti</span> <span class='ocrx_word' id='word_1_395' title='bbox 441 2271 472 2279; x_wconf 91' lang='lat'>..</span> 
     </span>
    </p>

    <p class='ocr_par' dir='ltr' id='par_1_8' title="bbox 56 2292 851 2946">
     <span class='ocr_line' id='line_1_43' title="bbox 107 2292 441 2331; baseline -0.012 -6"><span class='ocrx_word' id='word_1_396' title='bbox 107 2298 181 2325; x_wconf 88' lang='lat' dir='ltr'>not.</span> <span class='ocrx_word' id='word_1_397' title='bbox 208 2292 252 2324; x_wconf 79' lang='lat' dir='ltr'>ad</span> <span class='ocrx_word' id='word_1_398' title='bbox 280 2292 309 2331; x_wconf 89' lang='lat'>1,</span> <span class='ocrx_word' id='word_1_399' title='bbox 340 2294 389 2329; x_wconf 83' lang='lat'>12,</span> <span class='ocrx_word' id='word_1_400' title='bbox 408 2293 441 2321; x_wconf 81' lang='lat'>2.</span> 
     </span>
     <span class='ocr_line' id='line_1_44' title="bbox 56 2333 843 2377; baseline -0.004 -9"><span class='ocrx_word' id='word_1_401' title='bbox 56 2337 60 2341; x_wconf 82' lang='grc'><strong>”</strong></span> <span class='ocrx_word' id='word_1_402' title='bbox 152 2335 348 2377; x_wconf 81' lang='lat' dir='ltr'>defodiunt]</span> <span class='ocrx_word' id='word_1_403' title='bbox 384 2334 439 2365; x_wconf 79' lang='lat' dir='ltr'>cf.</span> <span class='ocrx_word' id='word_1_404' title='bbox 475 2334 567 2366; x_wconf 74' lang='lat' dir='ltr'>Ptin.</span> <span class='ocrx_word' id='word_1_405' title='bbox 598 2333 640 2365; x_wconf 75' lang='lat' dir='ltr'>N.</span> <span class='ocrx_word' id='word_1_406' title='bbox 669 2334 716 2365; x_wconf 79' lang='lat' dir='ltr'>H.</span> <span class='ocrx_word' id='word_1_407' title='bbox 751 2334 843 2374; x_wconf 76' lang='lat' dir='ltr'>xlv,</span> 
     </span>
     <span class='ocr_line' id='line_1_45' title="bbox 106 2378 845 2421; baseline -0.001 -10"><span class='ocrx_word' id='word_1_408' title='bbox 106 2383 163 2412; x_wconf 81' lang='lat'>21.</span> <span class='ocrx_word' id='word_1_409' title='bbox 200 2391 228 2410; x_wconf 82' lang='lat' dir='ltr'>s.</span> <span class='ocrx_word' id='word_1_410' title='bbox 259 2382 315 2410; x_wconf 78' lang='lat'>27.</span> <span class='ocrx_word' id='word_1_411' title='bbox 351 2380 371 2417; x_wconf 66' lang='lat'><strong>5</strong></span> <span class='ocrx_word' id='word_1_412' title='bbox 404 2380 478 2409; x_wconf 86' lang='lat'><strong>133.</strong></span> <span class='ocrx_word' id='word_1_413' title='bbox 522 2378 678 2409; x_wconf 80' lang='lat' dir='ltr'>Mitiores</span> <span class='ocrx_word' id='word_1_414' title='bbox 710 2379 845 2421; x_wconf 81' lang='lat' dir='ltr'>plagae</span> 
     </span>
     <span class='ocr_line' id='line_1_46' title="bbox 108 2421 842 2461; baseline -0.003 -6"><span class='ocrx_word' id='word_1_415' title='bbox 108 2423 244 2456; x_wconf 77' lang='lat' dir='ltr'>doliis</span> <span class='ocrx_word' id='word_1_416' title='bbox 303 2422 453 2453; x_wconf 83' lang='lat' dir='ltr'>condunt.</span> <span class='ocrx_word' id='word_1_417' title='bbox 502 2421 663 2461; x_wconf 66' lang='lat' dir='ltr'>(vinum)</span> <span class='ocrx_word' id='word_1_418' title='bbox 725 2422 842 2461; x_wconf 86' lang='lat' dir='ltr'>info-</span> 
     </span>
     <span class='ocr_line' id='line_1_47' title="bbox 109 2465 843 2508; baseline -0.004 -9"><span class='ocrx_word' id='word_1_419' title='bbox 109 2469 310 2508; x_wconf 79' lang='lat' dir='ltr'>diuntque</span> <span class='ocrx_word' id='word_1_420' title='bbox 332 2470 476 2497; x_wconf 80' lang='lat' dir='ltr'>terrae</span> <span class='ocrx_word' id='word_1_421' title='bbox 501 2469 574 2497; x_wconf 83' lang='lat' dir='ltr'>tota</span> <span class='ocrx_word' id='word_1_422' title='bbox 601 2470 662 2497; x_wconf 84' lang='lat' dir='ltr'>ant</span> <span class='ocrx_word' id='word_1_423' title='bbox 692 2465 738 2496; x_wconf 81' lang='lat' dir='ltr'>ad</span> <span class='ocrx_word' id='word_1_424' title='bbox 761 2476 843 2507; x_wconf 90' lang='lat' dir='ltr'>por-</span> 
     </span>
     <span class='ocr_line' id='line_1_48' title="bbox 107 2509 844 2550; baseline -0.003 -7"><span class='ocrx_word' id='word_1_425' title='bbox 107 2512 232 2544; x_wconf 82' lang='lat' dir='ltr'>tionem</span> <span class='ocrx_word' id='word_1_426' title='bbox 257 2510 361 2541; x_wconf 83' lang='lat' dir='ltr'>situs:</span> <span class='ocrx_word' id='word_1_427' title='bbox 404 2509 480 2540; x_wconf 89' lang='lat' dir='ltr'>item</span> <span class='ocrx_word' id='word_1_428' title='bbox 512 2509 643 2540; x_wconf 80' lang='lat' dir='ltr'>caelum</span> <span class='ocrx_word' id='word_1_429' title='bbox 667 2510 844 2550; x_wconf 80' lang='lat' dir='ltr'>praebent,</span> 
     </span>
     <span class='ocr_line' id='line_1_49' title="bbox 109 2553 844 2594; baseline -0.007 -6"><span class='ocrx_word' id='word_1_430' title='bbox 109 2555 195 2587; x_wconf 74' lang='lat' dir='ltr'>alibi</span> <span class='ocrx_word' id='word_1_431' title='bbox 218 2564 296 2585; x_wconf 86' lang='lat' dir='ltr'>vero</span> <span class='ocrx_word' id='word_1_432' title='bbox 320 2553 530 2594; x_wconf 76' lang='lat' dir='ltr'>inpositis</span> <span class='ocrx_word' id='word_1_433' title='bbox 555 2553 680 2584; x_wconf 80' lang='lat' dir='ltr'>tectis</span> <span class='ocrx_word' id='word_1_434' title='bbox 715 2558 844 2590; x_wconf 86' lang='lat' dir='ltr'>arcent,</span> 
     </span>
     <span class='ocr_line' id='line_1_50' title="bbox 110 2596 845 2639; baseline -0.004 -9"><span class='ocrx_word' id='word_1_435' title='bbox 110 2604 146 2631; x_wconf 85' lang='lat' dir='ltr'>et</span> <span class='ocrx_word' id='word_1_436' title='bbox 171 2599 186 2639; x_wconf 62' lang='grc' dir='ltr'>ᾗ</span> <span class='ocrx_word' id='word_1_437' title='bbox 215 2599 290 2628; x_wconf 75' lang='lat'>134.</span> <span class='ocrx_word' id='word_1_438' title='bbox 323 2597 496 2629; x_wconf 78' lang='lat' dir='ltr'>lmbccitla</span> <span class='ocrx_word' id='word_1_439' title='bbox 534 2597 613 2628; x_wconf 80' lang='lat' dir='ltr'>vina</span> <span class='ocrx_word' id='word_1_440' title='bbox 642 2596 845 2627; x_wconf 83' lang='lat' dir='ltr'>demissis</span> 
     </span>
     <span class='ocr_line' id='line_1_51' title="bbox 110 2640 845 2675; baseline -0.007 0"><span class='ocrx_word' id='word_1_441' title='bbox 110 2643 146 2675; x_wconf 84' lang='lat' dir='ltr'>in</span> <span class='ocrx_word' id='word_1_442' title='bbox 175 2647 301 2674; x_wconf 79' lang='lat' dir='ltr'>terram</span> <span class='ocrx_word' id='word_1_443' title='bbox 333 2641 467 2673; x_wconf 80' lang='lat' dir='ltr'>doliis</span> <span class='ocrx_word' id='word_1_444' title='bbox 495 2640 685 2675; x_wconf 75' lang='lat' dir='ltr'>servanda,</span> <span class='ocrx_word' id='word_1_445' title='bbox 726 2641 845 2671; x_wconf 79' lang='lat' dir='ltr'>valida</span> 
     </span>
     <span class='ocr_line' id='line_1_52' title="bbox 110 2683 845 2729; baseline -0.005 -11"><span class='ocrx_word' id='word_1_446' title='bbox 110 2685 282 2729; x_wconf 72' lang='lat' dir='ltr'>expositis.</span> <span class='ocrx_word' id='word_1_447' title='bbox 330 2685 473 2726; x_wconf 77' lang='lat' dir='ltr'>Ulpian.</span> <span class='ocrx_word' id='word_1_448' title='bbox 502 2684 584 2726; x_wconf 82' lang='lat' dir='ltr'>nig.</span> <span class='ocrx_word' id='word_1_449' title='bbox 617 2683 788 2723; x_wconf 59' lang='lat' dir='ltr'>xxxin,</span> <span class='ocrx_word' id='word_1_450' title='bbox 814 2688 845 2722; x_wconf 76' lang='lat'>7,</span> 
     </span>
     <span class='ocr_line' id='line_1_53' title="bbox 110 2729 847 2769; baseline -0.001 -8"><span class='ocrx_word' id='word_1_451' title='bbox 110 2733 142 2761; x_wconf 87' lang='grc'>8.</span> <span class='ocrx_word' id='word_1_452' title='bbox 172 2729 322 2765; x_wconf 80' lang='lat' dir='ltr'>Delia,</span> <span class='ocrx_word' id='word_1_453' title='bbox 363 2729 439 2760; x_wconf 87' lang='lat' dir='ltr'>licet</span> <span class='ocrx_word' id='word_1_454' title='bbox 465 2730 639 2769; x_wconf 82' lang='lat' dir='ltr'>defossa</span> <span class='ocrx_word' id='word_1_455' title='bbox 674 2740 739 2759; x_wconf 87' lang='lat' dir='ltr'>non</span> <span class='ocrx_word' id='word_1_456' title='bbox 767 2729 847 2767; x_wconf 85' lang='lat' dir='ltr'>sint,</span> 
     </span>
     <span class='ocr_line' id='line_1_54' title="bbox 112 2772 846 2815; baseline -0.001 -12"><span class='ocrx_word' id='word_1_457' title='bbox 112 2776 148 2803; x_wconf 79' lang='lat' dir='ltr'>et</span> <span class='ocrx_word' id='word_1_458' title='bbox 171 2776 204 2812; x_wconf 79' lang='lat'>6,</span> <span class='ocrx_word' id='word_1_459' title='bbox 228 2776 259 2803; x_wconf 84' lang='lat'>3.</span> <span class='ocrx_word' id='word_1_460' title='bbox 289 2773 326 2804; x_wconf 87' lang='lat' dir='ltr'>Si</span> <span class='ocrx_word' id='word_1_461' title='bbox 354 2773 557 2815; x_wconf 80' lang='lat' dir='ltr'>depressa</span> <span class='ocrx_word' id='word_1_462' title='bbox 577 2773 611 2803; x_wconf 91' lang='lat' dir='ltr'>in</span> <span class='ocrx_word' id='word_1_463' title='bbox 633 2772 718 2803; x_wconf 84' lang='lat' dir='ltr'>cella</span> <span class='ocrx_word' id='word_1_464' title='bbox 746 2774 846 2803; x_wconf 79' lang='lat' dir='ltr'>eina-</span> 
     </span>
     <span class='ocr_line' id='line_1_55' title="bbox 110 2816 849 2857; baseline 0 -10"><span class='ocrx_word' id='word_1_465' title='bbox 110 2817 166 2847; x_wconf 84' lang='lat' dir='ltr'>ria</span> <span class='ocrx_word' id='word_1_466' title='bbox 185 2817 321 2855; x_wconf 82' lang='lat' dir='ltr'>suerint</span> <span class='ocrx_word' id='word_1_467' title='bbox 344 2816 501 2857; x_wconf 81' lang='lat' dir='ltr'>(dolia);</span> <span class='ocrx_word' id='word_1_468' title='bbox 529 2817 667 2847; x_wconf 89' lang='lat' dir='ltr'>Colum.</span> <span class='ocrx_word' id='word_1_469' title='bbox 697 2816 776 2853; x_wconf 74' lang='lat' dir='ltr'>xil,</span> <span class='ocrx_word' id='word_1_470' title='bbox 797 2819 849 2847; x_wconf 68' lang='lat'>18.</span> 
     </span>
     <span class='ocr_line' id='line_1_56' title="bbox 118 2860 851 2903; baseline 0.001 -13"><span class='ocrx_word' id='word_1_471' title='bbox 118 2860 249 2891; x_wconf 80' lang='lat' dir='ltr'>Delia</span> <span class='ocrx_word' id='word_1_472' title='bbox 276 2884 306 2891; x_wconf 89' lang='lat'>..</span> <span class='ocrx_word' id='word_1_473' title='bbox 326 2860 481 2903; x_wconf 80' lang='lat' dir='ltr'>picanda</span> <span class='ocrx_word' id='word_1_474' title='bbox 505 2866 596 2900; x_wconf 83' lang='lat' dir='ltr'>sunt,</span> <span class='ocrx_word' id='word_1_475' title='bbox 621 2866 724 2901; x_wconf 77' lang='lat' dir='ltr'>atque</span> <span class='ocrx_word' id='word_1_476' title='bbox 749 2861 851 2892; x_wconf 80' lang='lat' dir='ltr'>aliter</span> 
     </span>
     <span class='ocr_line' id='line_1_57' title="bbox 115 2905 850 2946; baseline 0 -10"><span class='ocrx_word' id='word_1_477' title='bbox 115 2914 155 2936; x_wconf 86' lang='lat' dir='ltr'>ca</span> <span class='ocrx_word' id='word_1_478' title='bbox 199 2915 310 2946; x_wconf 82' lang='lat' dir='ltr'>quae</span> <span class='ocrx_word' id='word_1_479' title='bbox 353 2905 549 2938; x_wconf 82' lang='lat' dir='ltr'>demersa</span> <span class='ocrx_word' id='word_1_480' title='bbox 588 2910 688 2937; x_wconf 78' lang='lat' dir='ltr'>suut</span> <span class='ocrx_word' id='word_1_481' title='bbox 726 2905 850 2944; x_wconf 72' lang='lat' dir='ltr'>humi,</span> 
     </span>
    </p>
   </div>
   <div class='ocr_carea' id='block_1_7' title="bbox 509 2247 843 2289">
    <p class='ocr_par' dir='ltr' id='par_1_9' title="bbox 509 2247 843 2289">
     <span class='ocr_line' id='line_1_58' title="bbox 509 2247 843 2289; baseline 0.003 -11"><span class='ocrx_word' id='word_1_482' title='bbox 509 2247 715 2289; x_wconf 81' lang='lat' dir='ltr'>reposuisse]</span> <span class='ocrx_word' id='word_1_483' title='bbox 763 2247 843 2279; x_wconf 63' lang='lat' dir='ltr'>Vid.</span> 
     </span>
    </p>
   </div>
   <div class='ocr_carea' id='block_1_8' title="bbox 908 2204 1653 2947">
    <p class='ocr_par' dir='ltr' id='par_1_10' title="bbox 908 2204 1648 2597">
     <span class='ocr_line' id='line_1_59' title="bbox 908 2204 1647 2247; baseline 0 -11"><span class='ocrx_word' id='word_1_484' title='bbox 908 2205 1022 2247; x_wconf 87' lang='lat' dir='ltr'>niunt]</span> <span class='ocrx_word' id='word_1_485' title='bbox 1050 2204 1102 2235; x_wconf 84' lang='lat' dir='ltr'>Cf.</span> <span class='ocrx_word' id='word_1_486' title='bbox 1134 2205 1226 2236; x_wconf 88' lang='lat' dir='ltr'>Plin.</span> <span class='ocrx_word' id='word_1_487' title='bbox 1257 2205 1286 2237; x_wconf 68' lang='lat' dir='ltr'>N</span> <span class='ocrx_word' id='word_1_488' title='bbox 1323 2205 1370 2236; x_wconf 88' lang='lat' dir='ltr'>ll.</span> <span class='ocrx_word' id='word_1_489' title='bbox 1396 2204 1443 2243; x_wconf 88' lang='lat' dir='ltr'>II,</span> <span class='ocrx_word' id='word_1_490' title='bbox 1467 2207 1518 2236; x_wconf 80' lang='lat'>51.</span> <span class='ocrx_word' id='word_1_491' title='bbox 1545 2216 1572 2235; x_wconf 83' lang='lat' dir='ltr'>s.</span> <span class='ocrx_word' id='word_1_492' title='bbox 1592 2207 1647 2236; x_wconf 79' lang='lat'>52.</span> 
     </span>
     <span class='ocr_line' id='line_1_60' title="bbox 915 2249 1648 2289; baseline -0.001 -9"><span class='ocrx_word' id='word_1_493' title='bbox 915 2250 989 2289; x_wconf 77' lang='lat' dir='ltr'>Quo</span> <span class='ocrx_word' id='word_1_494' title='bbox 1031 2249 1225 2289; x_wconf 78' lang='lat' dir='ltr'>(fuIinine)</span> <span class='ocrx_word' id='word_1_495' title='bbox 1262 2250 1356 2282; x_wconf 77' lang='lat' dir='ltr'>(lolia</span> <span class='ocrx_word' id='word_1_496' title='bbox 1398 2249 1648 2280; x_wconf 63' lang='lat' dir='ltr'>exhauriuntur</span> 
     </span>
     <span class='ocr_line' id='line_1_61' title="bbox 912 2292 1646 2336; baseline 0 -13"><span class='ocrx_word' id='word_1_497' title='bbox 912 2293 1052 2324; x_wconf 84' lang='lat' dir='ltr'>intactis</span> <span class='ocrx_word' id='word_1_498' title='bbox 1095 2293 1399 2336; x_wconf 85' lang='lat' dir='ltr'>operimentis;</span> <span class='ocrx_word' id='word_1_499' title='bbox 1446 2293 1509 2323; x_wconf 85' lang='lat' dir='ltr'>sed</span> <span class='ocrx_word' id='word_1_500' title='bbox 1558 2292 1646 2323; x_wconf 80' lang='lat' dir='ltr'>ibid.</span> 
     </span>
     <span class='ocr_line' id='line_1_62' title="bbox 912 2336 1647 2379; baseline 0 -12"><span class='ocrx_word' id='word_1_501' title='bbox 912 2336 1012 2375; x_wconf 70' lang='lat' dir='ltr'>xlv,</span> <span class='ocrx_word' id='word_1_502' title='bbox 1037 2339 1093 2369; x_wconf 79' lang='lat'>21.</span> <span class='ocrx_word' id='word_1_503' title='bbox 1121 2349 1149 2369; x_wconf 87' lang='lat' dir='ltr'>s.</span> <span class='ocrx_word' id='word_1_504' title='bbox 1176 2341 1231 2369; x_wconf 75' lang='lat'>27.</span> <span class='ocrx_word' id='word_1_505' title='bbox 1270 2337 1407 2379; x_wconf 78' lang='lat' dir='ltr'>legitur</span> <span class='ocrx_word' id='word_1_506' title='bbox 1441 2337 1647 2378; x_wconf 82' lang='lat' dir='ltr'>opercula</span> 
     </span>
     <span class='ocr_line' id='line_1_63' title="bbox 913 2380 1646 2421; baseline -0.003 -9"><span class='ocrx_word' id='word_1_507' title='bbox 913 2381 1102 2420; x_wconf 77' lang='lat' dir='ltr'>‹loliorum‚·</span> <span class='ocrx_word' id='word_1_508' title='bbox 1142 2381 1280 2412; x_wconf 87' lang='lat' dir='ltr'>Colum.</span> <span class='ocrx_word' id='word_1_509' title='bbox 1310 2381 1395 2417; x_wconf 76' lang='lat' dir='ltr'>xli,</span> <span class='ocrx_word' id='word_1_510' title='bbox 1425 2383 1475 2411; x_wconf 84' lang='lat'>16.</span> <span class='ocrx_word' id='word_1_511' title='bbox 1518 2380 1646 2421; x_wconf 87' lang='lat' dir='ltr'>Oper-</span> 
     </span>
     <span class='ocr_line' id='line_1_64' title="bbox 913 2425 1645 2467; baseline -0.004 -12"><span class='ocrx_word' id='word_1_512' title='bbox 913 2425 1009 2455; x_wconf 83' lang='lat' dir='ltr'>cula</span> <span class='ocrx_word' id='word_1_513' title='bbox 1046 2426 1195 2467; x_wconf 81' lang='lat' dir='ltr'>picata</span> <span class='ocrx_word' id='word_1_514' title='bbox 1235 2426 1399 2465; x_wconf 85' lang='lat' dir='ltr'>imponito</span> <span class='ocrx_word' id='word_1_515' title='bbox 1438 2429 1468 2455; x_wconf 82' lang='lat' dir='ltr'>et</span> <span class='ocrx_word' id='word_1_516' title='bbox 1504 2434 1645 2465; x_wconf 79' lang='lat' dir='ltr'>gvpso</span> 
     </span>
     <span class='ocr_line' id='line_1_65' title="bbox 912 2467 1645 2507; baseline -0.001 -9"><span class='ocrx_word' id='word_1_517' title='bbox 912 2468 1062 2506; x_wconf 46' lang='lat' dir='ltr'>li⁴nito‚·</span> <span class='ocrx_word' id='word_1_518' title='bbox 1103 2470 1231 2500; x_wconf 79' lang='lat' dir='ltr'>Horat.</span> <span class='ocrx_word' id='word_1_519' title='bbox 1267 2468 1332 2499; x_wconf 86' lang='lat' dir='ltr'>Od.</span> <span class='ocrx_word' id='word_1_520' title='bbox 1361 2467 1434 2504; x_wconf 88' lang='lat' dir='ltr'>III,</span> <span class='ocrx_word' id='word_1_521' title='bbox 1459 2470 1498 2505; x_wconf 78' lang='lat'>8,</span> <span class='ocrx_word' id='word_1_522' title='bbox 1529 2470 1567 2496; x_wconf 89' lang='grc'>10</span> <span class='ocrx_word' id='word_1_523' title='bbox 1592 2477 1645 2507; x_wconf 85' lang='lat' dir='ltr'>sq.</span> 
     </span>
     <span class='ocr_line' id='line_1_66' title="bbox 918 2511 1645 2551; baseline -0.004 -8"><span class='ocrx_word' id='word_1_524' title='bbox 918 2513 1127 2543; x_wconf 87' lang='lat' dir='ltr'>Corticem</span> <span class='ocrx_word' id='word_1_525' title='bbox 1162 2512 1420 2543; x_wconf 82' lang='lat' dir='ltr'>adstrictum</span> <span class='ocrx_word' id='word_1_526' title='bbox 1453 2511 1548 2551; x_wconf 89' lang='lat' dir='ltr'>pice</span> <span class='ocrx_word' id='word_1_527' title='bbox 1584 2511 1645 2541; x_wconf 82' lang='lat' dir='ltr'>de-</span> 
     </span>
     <span class='ocr_line' id='line_1_67' title="bbox 912 2554 1578 2597; baseline -0.005 -11"><span class='ocrx_word' id='word_1_528' title='bbox 912 2557 1056 2586; x_wconf 83' lang='lat' dir='ltr'>⁷noeebit</span> <span class='ocrx_word' id='word_1_529' title='bbox 1084 2556 1295 2597; x_wconf 75' lang='lat' dir='ltr'>Ampliorae,·</span> <span class='ocrx_word' id='word_1_530' title='bbox 1321 2554 1462 2585; x_wconf 77' lang='lat' dir='ltr'>Becker</span> <span class='ocrx_word' id='word_1_531' title='bbox 1500 2554 1522 2584; x_wconf 90' lang='lat' dir='ltr'>I.</span> <span class='ocrx_word' id='word_1_532' title='bbox 1549 2565 1578 2584; x_wconf 80' lang='lat' dir='ltr'>c.</span> 
     </span>
    </p>

    <p class='ocr_par' dir='ltr' id='par_1_11' title="bbox 914 2597 1647 2674">
     <span class='ocr_line' id='line_1_68' title="bbox 960 2597 1647 2640; baseline 0 -12"><span class='ocrx_word' id='word_1_533' title='bbox 960 2601 1011 2629; x_wconf 86' lang='lat'>16.</span> <span class='ocrx_word' id='word_1_534' title='bbox 1053 2600 1176 2630; x_wconf 84' lang='lat' dir='ltr'>summi</span> <span class='ocrx_word' id='word_1_535' title='bbox 1199 2598 1388 2640; x_wconf 79' lang='lat' dir='ltr'>utriusque]</span> <span class='ocrx_word' id='word_1_536' title='bbox 1416 2598 1437 2628; x_wconf 86' lang='lat' dir='ltr'>i.</span> <span class='ocrx_word' id='word_1_537' title='bbox 1459 2608 1488 2629; x_wconf 87' lang='lat' dir='ltr'>e.</span> <span class='ocrx_word' id='word_1_538' title='bbox 1514 2597 1647 2629; x_wconf 81' lang='lat' dir='ltr'>summi</span> 
     </span>
     <span class='ocr_line' id='line_1_69' title="bbox 914 2641 1049 2674; baseline -0.007 -1"><span class='ocrx_word' id='word_1_539' title='bbox 914 2647 949 2674; x_wconf 84' lang='lat' dir='ltr'>et</span> <span class='ocrx_word' id='word_1_540' title='bbox 974 2641 1049 2672; x_wconf 76' lang='lat' dir='ltr'>imi.</span> 
     </span>
    </p>

    <p class='ocr_par' dir='ltr' id='par_1_12' title="bbox 959 2683 1581 2728">
     <span class='ocr_line' id='line_1_70' title="bbox 959 2683 1581 2728; baseline 0 -13"><span class='ocrx_word' id='word_1_541' title='bbox 959 2686 1071 2728; x_wconf 84' lang='lat' dir='ltr'>qnasi]</span> <span class='ocrx_word' id='word_1_542' title='bbox 1099 2685 1176 2716; x_wconf 65' lang='lat' dir='ltr'>vid.</span> <span class='ocrx_word' id='word_1_543' title='bbox 1207 2689 1277 2716; x_wconf 88' lang='lat' dir='ltr'>nnt.</span> <span class='ocrx_word' id='word_1_544' title='bbox 1304 2684 1346 2715; x_wconf 79' lang='lat' dir='ltr'>ad</span> <span class='ocrx_word' id='word_1_545' title='bbox 1374 2695 1402 2714; x_wconf 83' lang='lat' dir='ltr'>e.</span> <span class='ocrx_word' id='word_1_546' title='bbox 1429 2685 1462 2724; x_wconf 84' lang='lat'>3,</span> <span class='ocrx_word' id='word_1_547' title='bbox 1487 2683 1502 2725; x_wconf 86' lang='lat'>§</span> <span class='ocrx_word' id='word_1_548' title='bbox 1530 2686 1581 2715; x_wconf 76' lang='lat'>12.</span> 
     </span>
    </p>

    <p class='ocr_par' dir='ltr' id='par_1_13' title="bbox 915 2728 1653 2947">
     <span class='ocr_line' id='line_1_71' title="bbox 966 2728 1651 2770; baseline 0.001 -11"><span class='ocrx_word' id='word_1_549' title='bbox 966 2732 1013 2760; x_wconf 72' lang='grc'><strong>17.</strong></span> <span class='ocrx_word' id='word_1_550' title='bbox 1063 2741 1168 2770; x_wconf 85' lang='lat' dir='ltr'>neque</span> <span class='ocrx_word' id='word_1_551' title='bbox 1198 2730 1243 2770; x_wconf 87' lang='lat' dir='ltr'>fit</span> <span class='ocrx_word' id='word_1_552' title='bbox 1283 2752 1312 2759; x_wconf 83' lang='grc'>..</span> <span class='ocrx_word' id='word_1_553' title='bbox 1347 2728 1509 2767; x_wconf 81' lang='lat' dir='ltr'>dilutior,</span> <span class='ocrx_word' id='word_1_554' title='bbox 1553 2733 1582 2760; x_wconf 82' lang='lat' dir='ltr'>et</span> <span class='ocrx_word' id='word_1_555' title='bbox 1620 2752 1651 2760; x_wconf 90' lang='lat'>..</span> 
     </span>
     <span class='ocr_line' id='line_1_72' title="bbox 915 2771 1652 2815; baseline -0.001 -11"><span class='ocrx_word' id='word_1_556' title='bbox 915 2773 1072 2815; x_wconf 82' lang='lat' dir='ltr'>sentitur]</span> <span class='ocrx_word' id='word_1_557' title='bbox 1114 2773 1213 2804; x_wconf 86' lang='lat' dir='ltr'>Ilaec</span> <span class='ocrx_word' id='word_1_558' title='bbox 1239 2776 1294 2804; x_wconf 84' lang='lat' dir='ltr'>est</span> <span class='ocrx_word' id='word_1_559' title='bbox 1324 2771 1495 2813; x_wconf 79' lang='lat' dir='ltr'>apodosis</span> <span class='ocrx_word' id='word_1_560' title='bbox 1526 2772 1652 2813; x_wconf 84' lang='lat' dir='ltr'>bipar-</span> 
     </span>
     <span class='ocr_line' id='line_1_73' title="bbox 918 2816 1653 2858; baseline -0.001 -10"><span class='ocrx_word' id='word_1_561' title='bbox 918 2817 1002 2848; x_wconf 85' lang='lat' dir='ltr'>tita:</span> <span class='ocrx_word' id='word_1_562' title='bbox 1044 2817 1078 2849; x_wconf 82' lang='lat' dir='ltr'>id</span> <span class='ocrx_word' id='word_1_563' title='bbox 1116 2817 1207 2858; x_wconf 87' lang='lat' dir='ltr'>qnod</span> <span class='ocrx_word' id='word_1_564' title='bbox 1245 2828 1312 2847; x_wconf 88' lang='lat' dir='ltr'>non</span> <span class='ocrx_word' id='word_1_565' title='bbox 1343 2816 1573 2848; x_wconf 73' lang='lat' dir='ltr'>intellexisse</span> <span class='ocrx_word' id='word_1_566' title='bbox 1599 2817 1653 2847; x_wconf 77' lang='lat' dir='ltr'>vi-</span> 
     </span>
     <span class='ocr_line' id='line_1_74' title="bbox 919 2860 1653 2902; baseline -0.001 -10"><span class='ocrx_word' id='word_1_567' title='bbox 919 2862 1025 2892; x_wconf 83' lang='lat' dir='ltr'>detur</span> <span class='ocrx_word' id='word_1_568' title='bbox 1048 2860 1208 2892; x_wconf 86' lang='lat' dir='ltr'>Zeunius</span> <span class='ocrx_word' id='word_1_569' title='bbox 1231 2860 1292 2902; x_wconf 84' lang='lat' dir='ltr'>qui</span> <span class='ocrx_word' id='word_1_570' title='bbox 1316 2866 1346 2892; x_wconf 77' lang='lat' dir='ltr'>ct</span> <span class='ocrx_word' id='word_1_571' title='bbox 1370 2863 1509 2892; x_wconf 84' lang='lat' dir='ltr'>mutare</span> <span class='ocrx_word' id='word_1_572' title='bbox 1535 2860 1653 2892; x_wconf 78' lang='lat' dir='ltr'>voluit:</span> 
     </span>
     <span class='ocr_line' id='line_1_75' title="bbox 920 2905 1653 2947; baseline 0 -10"><span class='ocrx_word' id='word_1_573' title='bbox 920 2906 955 2937; x_wconf 87' lang='lat' dir='ltr'>in</span> <span class='ocrx_word' id='word_1_574' title='bbox 991 2907 1060 2938; x_wconf 73' lang='lat' dir='ltr'>scd.</span> <span class='ocrx_word' id='word_1_575' title='bbox 1109 2905 1226 2937; x_wconf 73' lang='lat' dir='ltr'>Verba</span> <span class='ocrx_word' id='word_1_576' title='bbox 1261 2905 1343 2947; x_wconf 74' lang='lat' dir='ltr'>quia</span> <span class='ocrx_word' id='word_1_577' title='bbox 1373 2916 1440 2937; x_wconf 83' lang='lat' dir='ltr'>non</span> <span class='ocrx_word' id='word_1_578' title='bbox 1469 2905 1653 2938; x_wconf 85' lang='lat' dir='ltr'>..invenit</span> 
     </span>
    </p>
   </div>
  </div>
 </body>
</html>
