1843 3163
303 36 771 81 SATURNALIORUM
816 36 915 79 LIB.
951 38 1016 80 VI.
1058 38 1175 81 CAP.
1215 40 1280 82 Vl.
1319 42 1404 82 Vll.

1541 42 1621 84 5:37

87 149 252 191 adderet
298 162 462 204 quoque
505 163 638 190 mores
683 154 722 190 et
763 150 893 190 studia
934 156 973 190 et
1018 151 1186 205 populos
1233 157 1272 192 et
1315 152 1481 206 praelia,
1525 154 1622 207 quid

87 206 211 259 plura,
241 211 286 246 ut
311 211 350 247 et
382 206 556 254 Quirites
584 211 752 246 vocaret.

86 275 108 301 a
139 261 303 315 vVirgilio
348 262 514 315 figurata
555 262 690 303 velim:

88 317 192 358 milia
224 317 390 371 diligens
423 318 546 357 lector
575 318 794 358 annotabit.

198 375 249 414 VI
261 375 286 414 Ι.

815 206 907 246 Dies
938 220 999 246 mc
1024 207 1191 256 deliciet,
1219 208 1250 247 si
1276 209 1409 249 onmia
1436 210 1689 263 persequi-20

748 262 815 302 sed
847 276 893 302 ex
931 262 990 302 bis
1020 276 1122 316 quae
1155 264 1256 304 dicta
1289 271 1382 305 sunt
1413 265 1546 306 omnia
1573 267 1622 306 si-

346 374 445 414 Cum
475 374 633 415 Servius
659 374 731 414 ista
757 374 981 421 dissereret,
1006 374 1283 415 Praetextatus
1309 377 1507 418 Avienum
1540 378 1656 422 liu-1

87 428 233 469 statbio
260 430 574 470 insusurrantem
605 430 762 470 videns:
810 429 919 479 Quin
953 443 1043 481 age,
1085 429 1231 483 inquit,
1270 432 1475 482 Eustatbi,
1515 448 1624 475 vere-

85 485 270 526 cundiam
310 486 448 527 Axieni
487 486 599 540 probi
633 485 895 525 adolescentis
934 485 1045 533 iuva,
1089 491 1128 525 ct
1161 485 1242 539 ipse
1277 488 1478 540 pub!i‹·ato
1509 491 1624 530 nobis

86 542 194 594 quod
228 542 505 582 inmurmurat.

565 541 821 581 Eustatbius:
847 540 1104 590 Iamdudum,
1132 541 1282 595 inquit,
1312 544 1434 583 multa
1460 545 1508 584 de
1534 546 1663 588 Vir-2

85 597 179 650 gilio
222 598 402 638 Servium
444 597 562 649 gestit
601 597 864 649 interrogare,
912 610 1086 650 quorum
1128 599 1325 639 enarratio
1368 600 1527 654 respicit
1566 602 1623 641 os-

86 653 218 693 ticium
254 653 501 701 litteratoris,
541 658 579 692 ct
614 658 772 706 tempus
810 652 1005 706 induigeri
1037 658 1149 707 optat
1181 668 1262 707 quo
1294 655 1341 695 dc
1374 656 1553 697 obscuris
1578 671 1623 698 ac

85 709 214 749 dubiis
252 709 325 748 sibi
360 723 381 748 a
413 708 591 748 doctiore
622 709 690 748 fiat
720 708 877 749 certior.

937 710 990 749 lit
1026 710 1323 751 Praetextatus:
1366 712 1523 762 Probo,
1564 713 1622 753 in·
1637 716 1661 756 3

85 764 193 817 quit,
236 765 288 804 mi
319 765 488 812 Avieno,
536 764 645 817 quod
683 778 727 804 ca
758 764 806 805 de
840 765 986 818 quibus
1018 766 1185 820 ambigis
1215 767 1314 807 clam
1353 773 1392 808 te
1428 782 1514 810 esse
1543 783 1624 810 non

85 819 242 873 pateris.

305 820 416 861 [nde
442 825 628 860 exoratus
660 820 709 860 sit
745 834 766 860 a
797 821 911 861 nobis
941 821 1195 862 doctissimus
1227 823 1385 871 doctor,
1426 830 1471 864 ut
1498 830 1536 865 te
1565 839 1623 866 se-

85 889 173 916 cum
206 876 409 929 negotium
444 876 588 916 habere
617 877 807 930 patiatur,
846 876 938 929 quia
970 877 1009 917 in
1040 892 1253 919 commune
1284 879 1493 932 proficient
1523 895 1626 935 quae

84 931 286 972 desideras
313 932 471 980 audire,
513 945 562 972 110
591 937 633 972 tu
661 932 780 972 modo
809 933 911 973 ultra
942 946 1070 973 cesses
1101 934 1257 987 aperire
1282 935 1418 975 Servio
1448 936 1549 976 riam
1577 937 1626 978 de

83 987 248 1041 Virgilio
287 987 517 1028 disserendi.

577 989 689 1028 Tunc
718 988 915 1037 Avienus,
959 994 1068 1030 totus
1105 1003 1320 1031 conversus
1351 990 1391 1030 in
1421 991 1662 1035 Servium:4

82 1043 202 1084 Dicas
233 1044 345 1093 volo,
380 1044 528 1097 inquit,
566 1043 778 1085 doctorum
811 1045 998 1094 maxime,
1028 1046 1124 1099 quid
1150 1046 1201 1086 sit
1227 1046 1356 1100 quod,
1385 1061 1475 1088 cum
1508 1049 1691 1105 Vir-1188]

84 1099 199 1153 gilius
229 1100 343 1140 anxie
373 1113 528 1154 semper
559 1100 722 1154 diligens
752 1101 869 1141 fucrit
897 1101 935 1141 in
964 1101 1092 1142 verbis
1125 1115 1195 1156 pro
1225 1116 1368 1143 causae
1393 1103 1534 1145 merito
1563 1106 1622 1146 vel

84 1155 292 1197 atrocitate
326 1156 541 1211 ponendis,
589 1156 787 1198 incuriose
824 1162 863 1198 et
896 1156 1050 1198 abiecte
1082 1158 1121 1197 in
1155 1157 1215 1198 his
1246 1159 1425 1200 versibus
1456 1161 1621 1203 verbum

86 1212 244 1265 posuit:

287 1267 466 1308 Candida
491 1269 724 1309 succinctam
754 1269 988 1310 latrantibus
1015 1270 1182 1323 {aquina
1208 1271 1391 1311 monstris

283 1323 486 1364 Dulichias
517 1339 678 1364 vexasse
707 1332 821 1365 rates.

92 1379 253 1420 Vexasse
297 1379 401 1420 enim
447 1379 611 1420 verbum
650 1384 710 1420 est
747 1379 841 1421 levis
879 1393 924 1420 ac
961 1379 1069 1434 parvi
1110 1379 1376 1431 incommodi,
1426 1395 1498 1423 nec
1540 1388 1621 1424 tam

92 1546 213 1578 ludia:
230 1546 376 1589 populos
399 1550 487 1586 (om.
512 1548 561 1589 et)
586 1559 666 1591 v-g.
703 1567 743 1571 —
784 1547 949 1590 Quirites]
976 1547 1024 1579 ib.
1047 1558 1080 1580 v.
1106 1550 1184 1580 201.

83 1601 171 1634 gens
192 1601 271 1632 v-g.

174 1645 250 1677 5⁷11.

84 1689 167 1730 quid
192 1689 400 1732 significent.
425 1690 527 1722 ch-b.

1140 1492 1230 1525 Edd.
1256 1492 1536 1537 vicahgspdzb]

1321 1551 1375 1581 20.
1414 1550 1518 1582 lector
1542 1551 1625 1583 dili-

304 1645 417 1687 Caput
452 1647 531 1678 1⁷11.
576 1647 728 1686 Vexat-e,
768 1646 985 1686 lllauclatus,
1019 1651 1049 1679 et
1083 1646 1269 1688 Squalere,
1304 1648 1398 1689 apud
1432 1649 1628 1691 Vergilium

667 1694 696 1722 l.
734 1691 846 1723 Eusta
859 1691 938 1723 chio
966 1689 1033 1722 xie.
1071 1691 1206 1723 Eadem
1233 1690 1416 1733 scriptura
1444 1692 1630 1725 invenitur

85 1733 122 1764 in
149 1733 208 1765 his
235 1734 313 1764 edd.
340 1734 545 1776 ubicunqne
564 1734 634 1766 hoc
659 1745 789 1767 nomen
812 1735 965 1777 iegitur,
989 1734 1133 1767 etiamsi
1161 1747 1229 1767 non
1257 1742 1312 1767 est
1333 1737 1563 1778 adnotatum,
1590 1741 1629 1770 ut

86 1777 184 1809 infra
206 1782 242 1809 et
268 1777 296 1816 1,
322 1779 377 1817 24,
403 1780 446 1818 ἕξ
473 1782 513 1809 18
546 1783 581 1811 et
600 1781 654 1810 24.
687 1798 729 1802 —
761 1780 857 1819 Quid
884 1790 953 1823 age
976 1779 1037 1811 1³6.

1172 1781 1203 1811 2.
1249 1781 1457 1813 Eustachius
1477 1782 1545 1813 iam
1571 1782 1628 1814 ἰπ-

85 1822 176 1863 quit.-
201 1823 290 1863 (om.
318 1822 467 1863 dudum)
489 1825 543 1855 v3.
581 1841 622 1845 —
655 1824 762 1867 gestit
785 1825 1003 1866 interrogare
1032 1824 1189 1855 Servium
1214 1824 1317 1856 s-bl’.
1351 1843 1394 1847 —
1429 1830 1466 1857 et
1492 1826 1630 1858 doctior

77 1867 149 1907 fiat
177 1871 215 1898 et
240 1867 362 1897 certior
388 1867 451 1898 1³6.
590 1868 621 1899 3.
660 1869 853 1909 patereris
892 1868 1116 1900 exhortatus
1139 1867 1176 1899 S.
1219 1886 1260 1891 —
1298 1880 1366 1901 nec
1392 1874 1429 1901 tu
1455 1869 1492 1902 S.

86 1913 118 1942 4.
154 1910 249 1942 Tam
276 1910 337 1951 bg.
361 1929 405 1934 -—
431 1922 506 1942 cum
531 1922 598 1942 om.
626 1912 696 1944 ΑΡ.
722 1930 767 1936 —
784 1914 921 1952 suerat
944 1912 983 1944 A.
1014 1930 1048 1935 —
1078 1913 1246 1944 incuriose
1270 1918 1301 1945 et
1326 1914 1454 1945 abiecte
1477 1938 1508 1946 ..
1525 1939 1532 1946 .
1560 1914 1630 1946 dici

85 1955 230 1997 coeperit
256 1953 335 1996 (fin.
363 1955 477 1998 cap.)]
501 1955 556 1987 Cf.
580 1956 676 1989 Gell.
702 1956 742 1989 N.
767 1956 806 1988 A.
832 1957 885 1997 II,
912 1959 945 1988 6.
975 1974 1017 1980 -
1053 1956 1087 1988 in
1116 1957 1168 1988 iis
1197 1958 1350 1990 versibus
1376 1960 1430 1989 vl.
1460 1976 1503 1981 --
1535 1959 1628 1991 Can-

129 2055 183 2085 20.
230 2054 347 2095 lector]
378 2054 434 2086 Cf.
464 2055 502 2094 V,
523 2059 556 2095 7,
577 2057 609 2087 4.

131 2097 210 2139 vn,
237 2100 267 2129 l.
316 2099 483 2131 Avienum
510 2099 700 2132 Eustathio
727 2101 823 2132 insu-

84 2142 291 2184 surrantem]
305 2142 382 2175 Vid.
400 2144 568 2185 prole-gg.
591 2155 623 2186 p.
638 2155 756 2176 xxvnx
771 2155 823 2186 sq.

128 2186 212 2218 iuva
257 2192 288 2218 et
328 2213 335 2219 .
352 2211 360 2219 .
399 2187 590 2231 publicato]
639 2188 824 2221 Observes

87 2229 179 2262 duas
204 2230 415 2272 imperativi
434 2233 568 2264 formas
590 2233 694 2266 nulla
713 2244 824 2266 causa

87 2280 287 2316 apparente
310 2276 534 2308 coniunctas.

130 2320 165 2349 2.
215 2320 403 2361 enarratio]
431 2320 485 2351 Cf.
514 2331 543 2351 c.
566 2322 599 2351 6.
627 2319 643 2361 §
671 2323 700 2352 1.

131 2362 284 2402 officium
317 2364 534 2405 litteratoris]
570 2364 649 2395 vid.
678 2368 751 2396 not.
777 2364 821 2396 ad

90 2405 119 2445 Ι,
144 2407 199 2445 24,
224 2408 280 2437 20.

130 2454 263 2490 tempus
285 2450 475 2493 indulgeri]
505 2451 560 2483 Cf.
585 2451 734 2483 Sueton.
753 2451 823 2484 Oc-

88 2496 161 2526 tav.
179 2496 234 2526 41.
266 2495 387 2526 L'sum
407 2496 480 2527 eius
501 2495 717 2537 (pecuniae)
737 2506 825 2538 gra-

85 2538 210 2570 tuitum
237 2563 245 2571 .
262 2563 270 2571 .
293 2539 340 2571 ad
366 2545 492 2572 certum
518 2546 650 2583 tempus
674 2540 824 2572 indul-

87 2582 158 2614 sit.

131 2627 163 2657 3.
211 2626 297 2658 clam
327 2631 359 2659 te
385 2626 467 2669 esse]
499 2626 578 2659 Vid.
611 2630 685 2659 not.
719 2626 764 2660 ad
796 2627 825 2667 I,

92 2670 206 2711 praef.
235 2669 251 2710 ξ)
278 2672 311 2702 2.

112 2719 294 2764 ‘exoratus
317 2714 376 2756 sit]
401 2713 456 2746 cf.
480 2714 563 2756 vn,
591 2717 629 2756 1,
651 2717 684 2747 8.
708 2720 827 2749 oratus

89 2767 148 2788 sis.

134 2805 167 2833 te
190 2812 300 2834 secum
321 2802 498 2846 negotium
523 2802 658 2846 habere]
684 2803 708 2835 i.
731 2814 762 2835 e.
788 2814 827 2836 se

91 2853 112 2876 a
137 2848 173 2876 te
197 2845 433 2888 interrogari.
481 2846 536 2878 Cf.
560 2846 636 2880 Cic.
668 2848 712 2880 ad
740 2848 826 2880 fam.

91 2887 189 2929 vul,
212 2891 246 2929 8,
271 2893 303 2922 9.
332 2891 397 2924 His
419 2891 557 2924 vocibus
583 2896 621 2925 ut
647 2893 825 2926 existima-

892 2060 967 2088 rent
994 2055 1146 2087 homines
1176 2056 1375 2098 Pompeio
1410 2068 1495 2089 cum
1528 2058 1629 2090 Cae-

892 2110 986 2132 sare
1014 2111 1104 2132 esse
1129 2102 1351 2143 negotium
1379 2102 1502 2144 effecit.

936 2155 978 2176 ne
998 2149 1036 2177 tu
1060 2145 1160 2176 modo
1184 2146 1280 2177 ultra
1305 2147 1426 2188 cesses]
1454 2146 1629 2188 Aiiquan-

893 2187 1007 2230 tisper
1036 2188 1202 2220 dubitavi
1236 2199 1280 2220 an
1313 2189 1406 2222 haec
1438 2190 1534 2222 idem
1567 2201 1628 2223 va-

892 2234 1011 2265 lerent
1036 2241 1077 2264 ac
1105 2233 1288 2265 dummodo
1310 2245 1352 2266 ne
1375 2239 1412 2266 tu
1436 2236 1530 2268 ultra
1555 2246 1628 2267 ces-

892 2288 963 2315 ses,
998 2281 1034 2308 et
1058 2277 1252 2310 referenda
1278 2283 1401 2310 essent
1428 2279 1472 2311 ad
1500 2279 1628 2311 verba:

891 2321 974 2363 quia
1009 2322 1044 2353 in
1079 2332 1254 2353 commune
1285 2324 1486 2364 proficient,
1521 2334 1627 2364 quam

891 2364 1071 2396 rationem
1098 2370 1284 2406 poetarum
1311 2378 1391 2399 esse
1417 2367 1507 2399 dicit
1527 2368 1629 2399 Hau-

891 2409 973 2441 dius
987 2409 1150 2441 Turseli.
1175 2410 1241 2448 111,
1266 2422 1300 2451 p.
1322 2414 1398 2442 636.
1436 2411 1507 2442 Sed
1533 2422 1628 2443 nunc

892 2464 1023 2485 censeo
1051 2453 1172 2485 inesse
1197 2454 1503 2487 adhortationem.

935 2499 968 2528 4.
1006 2502 1097 2529 totus
1122 2508 1301 2529 conversus
1323 2499 1357 2529 in
1385 2498 1556 2540 Servium]
1571 2499 1628 2531 Cf.

892 2540 997 2572 Caes.
1035 2540 1078 2572 B.
1116 2541 1158 2572 G.
1194 2541 1258 2581 VI,
1283 2544 1323 2581 5,
1353 2545 1381 2573 1.
1424 2543 1555 2575 Totus
1591 2548 1629 2576 et

892 2589 1029 2616 mente
1059 2590 1099 2617 et
1128 2585 1268 2618 animo
1304 2587 1339 2617 in
1363 2587 1489 2618 bellum
1514 2611 1545 2619 ..
1572 2588 1628 2620 in-

893 2629 994 2660 sistit.

937 2671 1071 2712 merito]
1109 2671 1205 2703 idem
1242 2673 1368 2705 valere
1404 2673 1550 2706 videtur
1586 2685 1629 2708 ac

894 2716 1084 2759 gravitate,
1111 2715 1197 2756 quia
1219 2717 1384 2758 sequitur
1408 2720 1604 2752 atrocitate.

939 2760 1081 2801 abiecte]
1114 2759 1136 2791 i.
1175 2770 1206 2791 e.
1243 2761 1385 2794 leviter.
1434 2762 1554 2804 Alias,
1591 2766 1631 2796 ut

894 2804 990 2844 apud
1015 2803 1089 2834 Cic.
1116 2803 1226 2836 Tusc.
1253 2805 1308 2846 II,
1333 2808 1397 2846 23,
1423 2809 1499 2848 25„
1531 2807 1629 2841 idem

895 2851 952 2880 est
975 2857 1018 2879 ac
1037 2848 1224 2880 humiliter.

937 2891 1067 2934 posuit]
1120 2892 1347 2927 lndicativus
1395 2895 1523 2929 modus
1569 2895 1630 2929 vix
