1845 3126
214 163 335 206 adicit
366 157 648 202 simulachrum
682 157 802 199 huius
834 159 932 201 deae
968 175 1037 202 ore
1068 161 1243 215 obligato
1273 167 1393 216 atque
1422 162 1576 216 signato
1606 163 1645 203 in
1683 176 1750 203 ara

215 218 412 272 Volupiae
439 219 649 270 propterea
677 214 930 265 collocatum,
963 217 1071 271 quod
1104 218 1171 272 qui
1203 232 1297 259 suos
1330 218 1486 259 dolores
1512 219 1747 260 anxietates-

216 290 294 329 quc
326 271 577 313 dissimulant
610 270 842 325 perveniant
878 272 1091 326 patientiae
1129 275 1321 315 beneficio
1354 274 1402 315 ad
1438 275 1648 316 maximam
1682 289 1750 316 vo-

175 332 420 384 !Jluptatem.
498 327 625 369 Iulius
656 327 864 368 Modestus
893 328 982 369 ideo
1012 329 1223 370 sacrificari
1254 331 1345 371 huie
1375 331 1472 371 deae
1499 331 1611 380 dicit,
1642 331 1751 385 quod

215 387 386 441 populus
421 385 627 425 Romanus
667 384 808 424 morbo
850 384 917 438 qui
956 385 1099 439 angina
1138 386 1282 426 dicitur
1318 387 1535 441 praemisso
1573 393 1665 428 voto
1701 387 1752 427 sit

149 444 413 486 lOliberatus.
474 440 694 482 Undecimo
725 446 857 481 autem
890 441 1091 482 Kalendas
1121 441 1241 482 feriae
1270 449 1362 483 sunt
1394 443 1562 484 Laribus
1593 442 1749 483 dedica-

212 505 295 548 tae,
343 497 488 552 quibus
526 497 664 537 aedem
700 496 803 537 bello
841 498 1030 539 Antiochi
1066 498 1261 539 Aemilius
1296 499 1474 552 Regillus
1514 505 1673 553 praetor
1710 498 1751 538 in

148 558 351 609 llcampo
380 553 527 594 Martio
559 552 772 593 curandam
803 554 920 594 vovit.
980 554 1148 595 Decimo
1179 555 1379 595 Kalendas
1411 555 1529 595 feriae
1561 561 1654 596 sunt
1684 556 1749 595 lo-

211 611 268 653 vis
299 624 401 665 quae
432 609 680 664 appellantur
709 609 996 651 Larentinalia:
1040 611 1087 651 de
1119 611 1282 665 quibus,
1328 611 1421 665 quia
1450 611 1614 651 fabulari
1643 611 1751 660 libet,

148 667 284 710 lithae
325 667 406 707 fere
442 665 650 719 opiniones
689 670 793 705 sunt.
862 667 1014 707 Ferunt
1042 667 1145 707 enim
1181 673 1370 720 regnante
1397 671 1511 708 Anco
1541 667 1747 708 aedituum

210 723 394 765 Herculis
422 736 491 776 per
519 721 633 761 ferias
661 721 852 762 otiantem
884 722 1001 763 deum
1034 723 1192 764 tesseris
1215 737 1453 778 provocasse
1484 724 1568 779 ipso
1600 723 1747 764 utrius-

210 794 290 835 que
318 792 480 821 manum
507 782 663 829 tuente,
692 777 845 819 adiecta
875 779 1116 831 conditione,
1144 785 1190 821 ut
1218 780 1345 822 victus
1375 793 1499 822 coena
1531 785 1748 834 scortoque

298 908 400 950 [Mss.
427 905 593 939 ABGPS.

205 966 324 996 altero
349 974 365 995 s
391 965 516 1000 eraso)
544 961 605 993 ΡΘ.
640 977 685 985 ·-·
719 961 885 1004 alligato
912 961 952 993 P.
991 981 1032 985 —
1070 963 1304 1006 colligatum
1327 963 1368 995 P.

205 1008 365 1041 Assviwl.
506 1009 557 1037 10.
604 1006 857 1038 Calendarum
884 1017 960 1048 c-g.
1000 1024 1041 1030 —
1091 1008 1237 1039 Laribus
1270 1011 1537 1040 consecratae
1562 1007 1665 1039 s-bP.
1705 1024 1748 1029 —-

206 1054 335 1084 eodem
358 1052 444 1083 bello
471 1054 527 1082 vl.
564 1067 606 1074 -
644 1051 850 1083 antiochiae
874 1052 1005 1083 millius
1028 1053 1176 1095 regillns
1201 1052 1336 1085 ABGS.
1386 1051 1603 1083 Antiochiae
1631 1051 1748 1083 Aemi-

206 1097 275 1129 lius
302 1097 476 1140 Regilius
504 1106 580 1136 v-g.
628 1113 667 1118 —
707 1096 800 1127 vovit
833 1097 932 1137 (sup.
959 1097 1012 1128 vel
1032 1099 1148 1137 sonet)
1177 1097 1217 1128 B.
1364 1099 1415 1128 11.
1464 1096 1748 1128 Laurentinalia

206 1142 255 1183 (B
285 1152 366 1183 sup.
394 1141 478 1178 lin.)
506 1140 637 1172 M3111.
671 1157 714 1164 —
750 1140 831 1182 quis
858 1141 956 1182 (sup.
981 1142 1088 1183 quia)
1114 1142 1159 1173 G.
1199 1159 1241 1165 —-
1277 1141 1343 1173 hae
1365 1144 1441 1182 sere
1464 1146 1544 1173 sunt
1572 1141 1749 1183 opiniones

205 1186 303 1218 SH2.
342 1186 407 1217 hae
433 1190 512 1217 sunt
533 1184 709 1227 opiniones
731 1187 820 1222 (om.
844 1186 939 1226 fere)
969 1197 1046 1228 v-g.
1186 1189 1238 1217 12.
1284 1186 1518 1218 laterculis
1550 1186 1618 1217 vel
1648 1185 1749 1217 aba-

205 1231 264 1263 cis
291 1230 427 1264 tesseris
453 1230 485 1262 G
510 1230 575 1268 (cf.
601 1240 629 1261 c.
656 1232 690 1260 5.
715 1229 731 1271 §
762 1231 847 1267 11.).
874 1246 916 1252 —
950 1231 1022 1273 ipse
1048 1234 1144 1273 (sup.
1170 1234 1206 1269 ο)
1234 1230 1278 1262 G.
1306 1247 1346 1254 —
1377 1231 1585 1263 multaretur
1611 1254 1619 1262 .
1637 1253 1645 1262 .
1674 1229 1747 1261 La—

1504 964 1537 995 9.
1582 962 1694 1005 augin
1706 962 1748 994 ia

204 1365 292 1396 quae
322 1365 344 1386 a
375 1353 553 1396 voluptate
586 1353 766 1395 appellata
801 1358 866 1395 est,
907 1357 942 1386 ct

205 1402 259 1431 ll.
282 1399 323 1431 de
346 1399 524 1441 voluptate
556 1398 758 1440 l'olupia.

247 1457 279 1487 8.
322 1465 378 1486 ore
400 1454 555 1496 obligato
576 1458 680 1495 atque
703 1452 858 1495 signato]
883 1452 941 1484 Cf.

203 1499 271 1539 Ill,
295 1502 327 1539 9,
353 1500 404 1537 4.;
431 1498 525 1530 Plin.
548 1502 583 1530 et
607 1497 721 1530 Solin.
746 1498 785 1529 ll.
811 1509 862 1529 ec.

248 1557 280 1586 9.
330 1553 478 1597 angina]
506 1552 561 1584 Cf.
587 1552 685 1584 Fest.
712 1552 734 1584 l.
755 1563 784 1584 c.

247 1611 303 1640 10.
357 1609 503 1640 Laribus
533 1631 568 1639 ..
600 1608 722 1650 quibus
755 1608 873 1640 aedem
907 1630 940 1638 ..

202 1654 370 1685 Aemilius
389 1653 553 1696 Regillus
570 1675 578 1683 .
593 1676 602 1684 .
620 1653 810 1684 curandam
832 1652 940 1694 vovit]

201 1697 256 1729 Cf.
276 1697 353 1729 Liv.
379 1697 451 1736 XL,
476 1700 532 1735 52,
551 1699 583 1728 4.
610 1697 703 1728 Idem
728 1697 795 1738 (M.
820 1697 941 1728 Aemi-

200 1741 293 1783 lius)
354 1742 529 1774 dedieavit
585 1742 704 1774 aedem
765 1742 940 1772 Larium

204 1787 500 1819 Permarinum
535 1786 570 1818 in
609 1789 747 1828 Campo.
793 1787 940 1818 foverat

201 1842 275 1863 eam
302 1833 403 1863 annis
430 1831 586 1863 undecim
608 1836 687 1863 ante
712 1830 750 1861 L.
770 1831 939 1862 Aemilius

202 1877 366 1919 Regillus
423 1876 545 1908 navali
589 1876 721 1919 proelio
772 1876 939 1907 adversus

197 1923 393 1963 praefectos
416 1921 512 1964 regis
537 1921 714 1959 Antiochi,
743 1924 811 1951 cet.
860 1920 937 1952 vid.

201 1965 422 2006 Hertzberg.
462 1977 495 2005 p.
524 1966 567 1996 33
595 1969 631 1996 et
664 1967 718 1995 51.
766 1963 937 1996 Creuzer.

199 2009 265 2040 III.
290 2021 323 2051 p.
345 2011 423 2041 564.
446 2009 563 2051 Kopp.
583 2010 625 2040 ad
651 2008 818 2040 Martian.
847 2008 892 2040 11.
917 2010 936 2049 §

203 2056 276 2085 155.
304 2071 345 2076 —
377 2054 415 2085 In
443 2055 570 2096 Campo
594 2054 723 2085 Martio
746 2054 936 2085 curandam

199 2098 296 2130 idem
334 2099 433 2130 valet
471 2108 533 2129 ac:
586 2109 689 2140 quam
728 2098 764 2129 in
808 2099 936 2139 Campo

202 2143 333 2175 Martio
369 2142 624 2184 aedificandam
668 2147 752 2174 esset
794 2147 935 2174 curatu-

198 2198 297 2264 ruil.
337 2231 455 2273 seriae
479 2235 559 2263 sunt
585 2230 689 2273 Iovis]
717 2229 771 2262 cf.
793 2231 813 2270 ἓ
839 2232 891 2261 15.

245 2285 501 2328 Larentinalia]
527 2285 582 2318 Cf.
608 2286 720 2318 Varro
746 2285 783 2316 L.
811 2284 851 2316 L.
877 2285 935 2324 vl,

198 2335 230 2363 3.
262 2331 278 2372 §
305 2333 360 2362 23.
391 2331 674 2369 Larentinal,
717 2341 814 2373 quem
846 2330 934 2361 diem

197 2376 339 2418 quidam
363 2376 398 2407 in
429 2375 604 2407 scribendo
633 2375 837 2407 Larentalia
872 2386 935 2417 ap-

194 2421 342 2463 pellant,
368 2420 416 2452 ab
441 2421 552 2452 Acca
583 2420 794 2452 Larentia
822 2420 933 2450 nomi-

196 2470 301 2497 natus
326 2468 394 2496 cet.
443 2464 647 2497 Larentalia
673 2463 803 2496 scribit
829 2463 933 2495 Ovid.

196 2509 296 2542 Fast.
335 2509 408 2549 111,
443 2511 518 2549 57„
566 2519 672 2551 quam
712 2509 932 2551 scripturam

195 2554 290 2596 apud
341 2553 569 2585 Macrobium
618 2565 761 2595 quoque
811 2556 936 2585 censet

195 2598 474 2641 praeferendam
492 2598 662 2631 Zeunius.
690 2598 760 2630 Sed
780 2597 935 2631 Lactan-

197 2643 270 2675 tius
308 2643 343 2683 Ι,
372 2645 432 2684 20,
458 2645 489 2675 4.
528 2643 641 2676 habet
678 2643 932 2676 Larentinalia.

197 2689 275 2720 vid.
313 2688 498 2730 Hartung.
530 2688 577 2720 11.
614 2701 648 2731 p.
682 2690 754 2720 146.
802 2689 936 2720 Hertz-

196 2733 299 2774 berg.
326 2745 360 2774 p.
385 2735 427 2764 37
451 2744 504 2774 sq.

240 2777 305 2808 hae
324 2779 402 2817 sere
426 2778 601 2819 opiniones
627 2776 719 2819 sunt]
744 2776 841 2818 „Sed
865 2776 934 2808 An-

198 2819 269 2852 tias
302 2820 502 2854 historicus
537 2822 631 2864 apud
669 2822 833 2854 Gellium
870 2821 934 2853 lib.

196 2864 256 2895 lv.
285 2875 363 2905 cap.
387 2868 419 2896 7.
446 2866 477 2907 [§
507 2869 527 2898 6
553 2867 644 2909 sqq.]
670 2866 801 2899 scribit
823 2865 932 2898 istam

196 2908 429 2941 meretricem
461 2914 680 2944 testamento
708 2912 767 2943 vel
796 2911 933 2943 Romu-

195 2953 272 2987 lum
305 2952 424 2996 ipsum
454 2955 512 2987 vel
543 2956 717 2998 populum
750 2956 793 2989 R.
827 2954 933 2989 bonis

1009 1354 1086 1386 suis
1121 1354 1294 1386 heredem
1331 1353 1484 1389 fecisse,
1525 1353 1688 1395 adeoque
1726 1363 1748 1385 a

1010 1399 1156 1431 flamine
1171 1398 1357 1441 Quirinali
1378 1398 1600 1431 sacrificium
1625 1398 1657 1430 ei
1683 1408 1748 1439 pu-

1010 1444 1108 1476 blice
1136 1445 1272 1475 factum
1309 1455 1407 1482 csse,
1450 1449 1485 1475 et
1508 1444 1604 1474 diem
1632 1455 1651 1475 e
1682 1453 1748 1474 no-

1010 1488 1107 1520 mine
1129 1489 1208 1520 eius
1233 1488 1268 1520 in
1294 1489 1410 1520 fastos
1435 1488 1610 1519 additum.
1658 1486 1747 1519 Lac-

1010 1533 1148 1565 tantius
1182 1543 1268 1565 vero
1305 1533 1339 1571 1,
1371 1535 1425 1564 20.
1456 1532 1489 1574 [θ’
1514 1532 1562 1574 5.]
1600 1536 1748 1573 praeter

1008 1577 1216 1609 Larentiam
1237 1577 1407 1609 Faustuli
1429 1588 1576 1608 uxorem
1603 1581 1639 1607 et
1662 1576 1748 1609 Flo-

1007 1633 1098 1663 ram,
1131 1633 1224 1663 quac
1250 1621 1465 1653 meretrices
1491 1621 1748 1653 immortalita-

1008 1672 1079 1698 tem
1106 1666 1243 1698 fuerint
1268 1671 1498 1705 consecutae,
1525 1666 1635 1697 etiam
1653 1667 1748 1698 Fau-

1008 1713 1078 1742 iam.
1103 1716 1281 1743 meinorat
1307 1710 1366 1753 [cf.
1393 1711 1582 1742 Plutarch.
1611 1710 1679 1751 Qu.
1704 1711 1747 1742 R.

1009 1757 1063 1787 35.
1086 1755 1128 1798 τῇ
1153 1752 1190 1787 δὲ
1212 1753 1314 1799 ἑτέρᾳ
1336 1754 1516 1799 Λαρεντίᾳ
1543 1751 1746 1797 Φαβόλαν

1007 1797 1186 1841 ἐπίκλησιν
1210 1796 1301 1832 sivae
1327 1796 1532 1841 λέγουσιν.],
1570 1810 1676 1841 quam
1703 1810 1746 1831 ex

1006 1845 1226 1877 auctoritate
1246 1844 1361 1876 Verrii
1387 1843 1558 1875 Herculis
1584 1848 1746 1875 scortum

1005 1889 1120 1921 fuisse
1155 1889 1216 1920 ait.
1278 1890 1439 1921 Alteram
1475 1899 1561 1920 vero
1599 1893 1746 1920 senten-

1006 1933 1106 1973 tiam,
1125 1944 1217 1974 quae
1241 1932 1466 1975 probabilior
1484 1944 1564 1964 esse
1587 1932 1746 1973 videtur,

1005 1989 1075 2019 qua
1114 1979 1207 2009 Acca
1244 1977 1416 2009 Larentia
1454 1976 1622 2009 Faustuli
1654 1989 1745 2009 uxor

1003 2026 1040 2054 et
1064 2022 1212 2053 Romuli
1239 2021 1417 2063 Remique
1448 2022 1570 2054 nutrix
1605 2022 1744 2054 intelli-

1003 2066 1121 2109 gitur,
1149 2066 1257 2098 etiam
1285 2071 1432 2098 tuentur
1454 2068 1614 2099 sabinus
1642 2067 1742 2098 Mas·

1004 2111 1126 2143 surius
1158 2111 1252 2152 apud
1286 2111 1448 2143 Gellium
1487 2112 1510 2143 l.
1545 2112 1569 2142 l.
1611 2110 1644 2153 [ξ
1678 2111 1740 2153 8.],

1004 2155 1159 2188 Ovidlus
1183 2155 1294 2198 [Fast.
1318 2156 1389 2195 111,
1414 2157 1503 2198 55.]‚
1530 2155 1743 2188 [iactantius

1005 2201 1044 2242 [Ι.
1075 2211 1105 2231 c.
1148 2201 1167 2239 ἓ
1197 2200 1263 2242 2.]‚
1301 2205 1410 2242 atque
1444 2200 1587 2232 Plinius
1621 2199 1661 2232 N.
1695 2200 1739 2231 11.

1003 2245 1131 2276 xvnl.
1157 2247 1203 2284 2.,
1227 2244 1288 2286 qui
1313 2245 1357 2276 de
1378 2245 1574 2286 adoptione
1591 2244 1741 2277 Romuli

1000 2289 1251 2331 fratribusque
1275 2289 1472 2321 Arvalibus
1505 2290 1582 2321 fere
1614 2289 1740 2321 eadem

1002 2334 1116 2366 tradit
1140 2345 1233 2375 quac
1260 2334 1503 2366 Massuriusf‘
1530 2334 1642 2366 ZEUN.

1049 2381 1100 2411 12.
1141 2379 1214 2421 ipso
1239 2380 1417 2421 utriusque
1443 2390 1581 2410 manum
1607 2377 1739 2419 tuente]

1002 2422 1025 2455 i.
1063 2434 1093 2454 e.
1141 2423 1332 2463 utriusque
1374 2424 1408 2455 in
1454 2423 1619 2455 iaciendo
1660 2422 1739 2455 vice

1001 2468 1189 2509 fungente.
1254 2469 1381 2500 Manus
1418 2467 1606 2510 significat
1643 2467 1738 2508 apud

1001 2512 1152 2544 Sueton.
1193 2512 1285 2554 Aug.
1326 2515 1379 2544 72.
1421 2512 1613 2553 pecuniam
1657 2515 1739 2553 post

1001 2556 1189 2589 infelicem
1227 2557 1361 2588 iactum
1399 2557 1624 2588 solvendam.
1679 2555 1736 2587 Cf.

1001 2601 1192 2643 Angustia.
1219 2601 1262 2632 de
1283 2601 1351 2632 civ.
1377 2600 1409 2632 d.
1432 2600 1489 2639 vl,
1511 2604 1543 2632 7.
1569 2601 1650 2632 lusit
1672 2605 1738 2632 tes-

1001 2648 1085 2679 seris
1107 2656 1218 2678 secum
1242 2650 1424 2686 utraque
1450 2656 1574 2676 manu
1609 2645 1737 2676 alter-

1000 2695 1145 2730 nante,
1164 2690 1199 2721 in
1223 2701 1294 2721 una
1319 2690 1526 2721 constituens
1543 2689 1737 2730 Herculem,

999 2736 1036 2767 in
1060 2735 1172 2767 altera
1194 2745 1228 2765 se
1251 2734 1373 2776 ipsum.
1401 2733 1536 2765 Melius
1547 2733 1735 2764 Plutarch.

1003 2780 1151 2820 Quaest.
1179 2778 1281 2810 Rom.
1309 2790 1338 2810 c.
1363 2780 1419 2809 35.
1456 2775 1521 2819 τὴν
1550 2775 1613 2817 μὲν
1646 2773 1736 2819 ὑπὲρ

1001 2821 1148 2865 ἑαυτοῦ,
1174 2820 1239 2864 τὴν
1272 2820 1308 2855 δὲ
1339 2819 1426 2863 ὑπὲρ
1450 2822 1515 2854 τοῦ
1544 2822 1636 2853 θεοῦ
1659 2820 1736 2875 ρα-

1000 2864 1103 2908 mv,
1129 2871 1165 2899 et
1190 2867 1336 2900 Romul.
1359 2880 1388 2899 c.
1413 2869 1445 2898 5.
1471 2863 1535 2903 τὰς
1558 2863 1621 2906 μὲν
1645 2863 1734 2906 νπὲρ

1000 2911 1065 2963 toz}
1088 2911 1181 2944 θεοῦ
1205 2911 1331 2955 τιθεὶς,
1356 2909 1421 2949 τὰς
1446 2908 1476 2944 ὸ“’
1501 2907 1591 2952 ὑπὲρ
1617 2907 1733 2944 αὐτοῦ

999 2960 1194 2999 ψηφους.
