1845 3131
225 25 307 66 504
860 26 1134 70 MACROBII

223 135 431 176 Lucretius
455 134 494 174 in
522 132 718 173 secundo:
768 157 816 162 —-
847 135 976 177 Foedo
997 146 1251 193 pertorquent
1279 155 1351 183 ora
1377 157 1527 199 sapore.

156 214 210 257 48
423 213 548 254 Morte
578 212 681 252 obita
708 213 838 267 quales
861 215 970 269 fama
1001 225 1052 257 est
1079 217 1240 259 volitare
1263 220 1426 274 fiquras.

225 269 436 309 Lucretius
464 268 502 307 in
531 267 677 321 primo:

425 324 588 364 Cernere
610 324 672 363 ‘uti
694 324 899 365 videamur
924 340 1005 373 eos,
1033 327 1246 382 audireque
1269 345 1413 380 eoram,

421 379 547 420 Morte
573 379 674 419 obita
702 394 867 434 quorum
889 382 998 422 tellus
1026 383 1269 437 amplectitur
1292 400 1390 430 ossa.

223 432 326 474 Hinc
352 439 411 473 est
439 439 480 474 et
509 434 604 474 illud
637 434 809 487 Virgilii:

423 491 473 530 Ec
492 491 624 544 patris
647 491 839 532 Anchisae
865 494 1012 546 qremio
1037 495 1288 549 conplectitur
1317 511 1414 537 ossa.

155 568 209 608 49
428 591 479 598 --
514 569 598 610 Ora
625 570 748 610 modis
777 572 961 612 adtollens
988 574 1139 627 pallida
1166 576 1290 615 miris.

222 624 433 665 Lucretius
462 624 499 663 in
530 624 678 678 primo:

420 680 499 720 Sed
524 680 713 734 quaedam
740 682 977 724 sinmlaelzra
1005 685 1129 726 modis
1154 686 1341 740 pallentia
1367 687 1491 727 miris.

153 757 209 797 50
427 760 524 799 Tum
550 760 699 812 qelidus
725 767 800 799 toto
829 764 1013 803 manabat
1042 778 1206 819 corpore
1234 765 1365 806 sudor.

222 812 380 853 Ennius
411 813 449 853 in
481 820 593 854 sexto
623 814 799 855 docimo:

426 870 534 910 Tunc
561 870 694 910 umido
721 879 855 912 manat
881 887 930 912 eoe
959 875 1068 913 omni
1091 887 1255 928 corpore
1284 876 1418 916 sudor.

153 945 202 986 51
427 949 588 989 Labitur
616 957 733 990 uncta
759 951 872 992 vadis
900 953 1013 993 abies,

221 1001 376 1043 Ennius
406 1003 443 1043 in
475 1010 618 1057 quarto
650 1004 824 1046 decimo:

154 1067 244 1109 [160]
426 1060 590 1100 Labitur
616 1069 732 1101 uncta
760 1062 914 1110 carina,
945 1062 1048 1102 volat
1074 1077 1192 1118 super
1221 1065 1385 1119 impetus
1413 1066 1553 1106 undas.

153 1134 208 1175 52
814 1164 867 1170 —
894 1142 948 1182 Ac
974 1144 1128 1195 ferreus
1155 1144 1308 1196 inqruz't
1335 1145 1467 1186 imber.

221 1192 377 1233 Ennius
410 1193 448 1233 in
482 1199 645 1235 octavo:

422 1250 579 1291 Hastati
604 1259 797 1305 sparqunt
824 1252 970 1300 hastas,
992 1253 1038 1307 fit
1062 1254 1214 1306 ferreus
1243 1255 1373 1295 imber.

163 1326 207 1366 '3
749 1355 801 1359 —-
835 1332 992 1385 Apieetn
1018 1340 1144 1373 tamen
1174 1334 1295 1374 incita
1320 1348 1512 1375 summum

420 1384 544 1424 Hasta
573 1384 670 1425 tulit.

219 1436 374 1478 Ennius
407 1439 446 1478 in
477 1444 588 1478 sexto
619 1439 796 1480 decimo:

422 1518 471 1522 —
506 1495 649 1536 Tamen
677 1496 910 1536 induvolans
938 1510 1063 1536 seeum
1087 1497 1241 1537 abstulit
1271 1498 1382 1539 hasta

418 1551 590 1604 Insiqne.

151 1622 205 1661 54
420 1629 714 1669 Pulverulentus
743 1644 852 1684 eques
878 1631 1002 1683 furit:
1030 1645 1160 1671 omnes
1191 1645 1303 1672 arma
1328 1635 1545 1687 requirunt.

217 1681 373 1721 Ennius
402 1682 441 1723 in
473 1689 604 1724 sexto:

418 1739 630 1779 Balantum
651 1741 819 1794 pecudes
846 1743 988 1795 quatit:
1017 1756 1147 1782 omnes
1177 1756 1289 1782 arma
1317 1743 1534 1798 requirunt.

151 1812 204 1853 55
418 1819 495 1860 Nec
525 1820 613 1859 visu
640 1820 785 1872 facilis,
818 1835 887 1861 nec
917 1821 1022 1861 dictu
1052 1822 1234 1875 adfabilis
1261 1822 1342 1862 ulti.

308 1915 414 1957 [Mss.
444 1917 586 1950 APSM.

218 1967 339 2010 Virg.)
366 1970 455 2002 Edd.
478 1989 522 1995 —-
545 1973 580 2005 in
604 1974 765 2015 secundo]
791 1985 821 2005 v.
845 1976 924 2006 401.
950 1993 992 1997 -
1021 1975 1127 2007 Fero
1160 1973 1196 2006 S.
1222 1992 1260 1997 —
1283 1980 1483 2018 pertorquet
1513 1988 1573 2009 ora
1599 1988 1631 2010 v.
1676 1989 1757 2020 per-

217 2017 363 2054 torpeut
386 2025 448 2046 ore
474 2015 515 2047 N.
652 2019 696 2048 48
751 2019 871 2060 Morte]
905 2020 991 2050 Aen.
1021 2019 1073 2058 X,
1098 2021 1172 2049 641,
1215 2036 1250 2041 -·
1291 2020 1414 2061 qualis
1441 2031 1469 2051 v.
1507 2021 1603 2063 Virg.
1632 2023 1756 2064 vulgo.

221 2073 256 2077 —
295 2056 331 2087 in
362 2058 486 2100 primo]
518 2070 551 2091 v.
584 2062 662 2091 135.
689 2063 784 2097 (134.
811 2062 870 2100 1..)
906 2080 947 2086 —
983 2073 1054 2093 eas
1081 2062 1247 2104 APSv-g.
1273 2081 1315 2086 ——
1340 2069 1389 2096 est
1417 2064 1506 2095 illud
1532 2066 1618 2104 (om.
1643 2069 1692 2102 et)
1717 2066 1755 2099 S.

217 2103 267 2130 est
291 2104 322 2132 et
346 2104 445 2142 (sup.
469 2103 551 2134 add.
575 2104 682 2141 illud)
710 2104 748 2135 A.
775 2122 817 2128 —-
846 2107 893 2137 Et
913 2105 1038 2147 patris]
1062 2109 1150 2137 Aen.
1174 2106 1211 2144 V,
1233 2108 1287 2137 31.
1422 2109 1475 2139 49.
1507 2108 1592 2149 Ora]
1618 2108 1704 2142 Aen.
1726 2110 1755 2150 Ι,

218 2144 295 2173 354.
333 2161 374 2166 —-
413 2146 449 2176 in
469 2147 594 2188 primo]
617 2157 649 2179 v.
675 2149 748 2179 124.
772 2150 869 2186 (123.
896 2149 955 2186 L.)
1086 2152 1143 2180 50.
1186 2149 1286 2190 Tum]
1317 2149 1402 2181 Aen.
1425 2150 1498 2188 ΙΙΙ,
1526 2154 1599 2184 175.
1639 2169 1681 2176 -
1718 2155 1754 2186 in

217 2191 311 2218 sexto
334 2187 476 2230 decimo]
502 2200 535 2219 v.
560 2193 613 2221 21.
637 2191 724 2222 Mer.
775 2194 810 2224 in
833 2194 961 2224 decimo
988 2198 1080 2224 sexto
1099 2193 1161 2233 hg.
1184 2210 1227 2215 —
1257 2194 1341 2225 Tum
1361 2194 1433 2227 ΜΞ.
1457 2195 1546 2227 Mer.
1567 2215 1609 2220 -—
1635 2197 1756 2230 timido

218 2229 473 2272 ASv—pmll23
496 2233 585 2265 Mer.
635 2236 781 2266 tumido
808 2237 936 2277 p2-bP.
953 2254 997 2260 -—
1024 2247 1064 2267 es
1088 2241 1174 2268 toto
1198 2236 1288 2268 Mer.
1411 2240 1463 2269 51.
1496 2239 1652 2281 Labitur]
1667 2241 1755 2274 Aen.

219 2273 313 2311 vnl,
333 2277 386 2306 91.
410 2294 450 2299 —
475 2278 581 2309 unda
602 2281 700 2319 (sup.
724 2280 864 2318 iuncta)
890 2280 929 2311 P.
952 2297 994 2303 -—
1021 2281 1056 2311 in
1081 2285 1204 2322 quarto
1225 2280 1367 2323 decimo]
1389 2292 1421 2314 v.
1440 2285 1473 2314 7.
1498 2283 1588 2315 Mer.
1636 2285 1672 2316 in
1696 2285 1755 2317 de-

218 2317 304 2349 cimo
338 2325 460 2360 quarto
496 2332 520 2362 g
553 2321 595 2359 (h
629 2324 697 2359 14).
835 2326 889 2355 52.
927 2327 974 2356 Ac
991 2323 1142 2365 ferreus]
1170 2327 1255 2355 Aen.
1285 2324 1364 2361 ΧΠ,
1389 2328 1465 2358 284.
1489 2344 1534 2351 —-
1560 2329 1596 2360 in
1621 2329 1754 2371 octavo]

218 2371 250 2392 v.
269 2363 321 2392 46.
350 2363 440 2395 Mer.
462 2382 504 2387 —
522 2365 671 2398 hastatis
688 2373 862 2410 pergunt.
888 2368 921 2398 M
946 2378 966 2400 a
987 2379 1017 2409 p.
1043 2379 1090 2400 iu.
1211 2370 1266 2400 5³.
1293 2370 1448 2411 Apicem]
1474 2371 1558 2404 Aen.
1576 2372 1657 2413 XII,
1677 2374 1754 2404 493.

218 2421 260 2427 ·-
292 2406 326 2437 in
350 2412 443 2439 sexto
470 2408 612 2451 decimo]
639 2420 671 2440 v.
698 2413 731 2441 9.
758 2412 847 2443 Mer.
896 2412 929 2443 in
956 2412 1085 2443 decimo
1110 2416 1202 2443 seno
1233 2412 1296 2452 hg·
1330 2429 1373 2436 —
1402 2415 1486 2446 indu
1511 2417 1631 2447 volans
1660 2415 1754 2448 s-bP

218 2448 295 2487 (Ml
331 2461 351 2482 a
377 2462 410 2491 p.
436 2456 500 2490 ιιι.)
538 2453 598 2484 Μδ
628 2453 718 2485 Mer.
767 2456 854 2488 inde
883 2456 1005 2488 volans
1043 2456 1168 2496 ASv-g
1199 2455 1274 2493 (Ml
1305 2466 1326 2488 a
1353 2468 1424 2488 sec.
1450 2459 1517 2499 m.)
1547 2460 1619 2490 M2.
1656 2459 1752 2499 ‚‚Ms.

217 2493 298 2523 inde
320 2495 452 2527 volans.
499 2496 602 2528 Alter
628 2498 910 2532 inducvolans.‘⁵
1046 2502 1101 2532 54.
1143 2500 1420 2543 Pulverulentus]
1445 2502 1528 2533 Aen.
1552 2503 1634 2541 vll,
1661 2505 1752 2544 625„

219 2536 280 2567 nbi
305 2537 444 2580 legitur
469 2542 587 2582 equis.
614 2560 655 2564 —
678 2542 713 2574 in
739 2543 845 2586 sexto]
870 2543 963 2586 apud
987 2543 1167 2575 Merulam
1196 2543 1334 2585 legitur
1356 2556 1389 2576 v.
1418 2547 1468 2577 14.
1495 2546 1664 2579 Barritu
1687 2558 1752 2589 pe-

218 2581 341 2613 cudum
364 2583 606 2617 titubantes
626 2597 725 2618 arma
750 2589 941 2630 requirunt,
962 2599 1042 2619 cum
1067 2587 1316 2620 adnotatione:
1342 2588 1467 2627 „Citat
1491 2589 1654 2622 Mam-oh.
1676 2591 1753 2624 Sat.

220 2624 284 2663 vl,
312 2628 341 2656 1.
366 2627 539 2660 mendose
565 2629 634 2661 sic:
669 2631 834 2664 Baletum
862 2636 930 2664 cet.
976 2632 1153 2665 Balatum
1176 2630 1344 2673 ASv-gN.
1479 2634 1535 2664 55.
1571 2634 1641 2666 Nec
1661 2635 1751 2678 vt'su]

264 2724 317 2754 50.
365 2729 434 2757 toto
468 2727 632 2760 manabat
664 2739 803 2770 corpore
834 2729 952 2771 sudor]
1065 2732 1120 2761 53.
1167 2729 1388 2770 induvolans]
1420 2728 1473 2761 Cf.
1505 2741 1535 2761 c.
1570 2734 1602 2762 2.
1638 2734 1659 2773 ἓ
1694 2736 1750 2767 28.

222 2765 328 2801 ..Huc
363 2769 522 2808 pertinet
562 2771 664 2803 locus
705 2772 866 2805 Lucretii
896 2774 953 2811 vl,
1022 2778 1058 2805 et
1082 2772 1201 2804 Hand.
1226 2771 1388 2805 Turseli.
1414 2773 1480 2815 111,
1504 2786 1536 2816 p.
1562 2777 1638 2808 373.

220 2811 296 2842 944.
320 2811 442 2844 Manat
466 2813 545 2846 item
566 2816 661 2848 nobis
682 2827 700 2849 e
723 2821 793 2850 toto
816 2827 954 2859 corpore

222 2853 361 2884 sudor-‚⁶⁵
389 2855 499 2888 me.
