1845 3131
209 10 292 52 528

837 12 1117 56 MACROBII

186 122 289 171 7Et,
317 125 364 162 ut
395 119 600 172 conposita
632 119 894 174 subiungam,
925 123 1034 176 quod
1065 124 1120 164 ait
1149 124 1359 179 Virgilius:

429 185 526 227 Vidit
553 186 772 228 turicremis
797 201 883 228 enm
911 188 1016 230 dona
1041 191 1245 245 inponeret
1275 195 1370 243 aris,

223 256 300 295 iam
333 252 542 294 Lucretius
571 252 611 292 in
642 253 819 294 secundo
851 254 1022 296 dixerat:

421 319 521 361 Nam
549 335 663 375 saepe
693 329 780 362 ante
811 321 924 362 deum
953 323 1097 364 vitulus
1125 324 1285 365 delubra
1314 326 1454 368 decora

425 376 462 415 T
457 376 672 417 urt'cremas
691 386 857 432 propter
881 386 1068 420 mactatus
1096 381 1265 421 concidit
1291 395 1395 422 aras.

181 442 207 484 8

426 442 556 491 Quam
581 444 674 498 pins
700 445 969 499 Arquitenens.

154 510 332 563 [1811Hoe
364 508 539 563 epitheto
570 523 668 550 usus
699 516 759 551 est
787 511 959 553 Naevius
990 511 1081 553 belli
1112 512 1254 553 Punici
1286 512 1387 553 libro
1418 514 1615 554 secundo:

421 576 573 616 Deinde
599 577 749 631 pollens
778 579 927 632 saqz'ttis
957 579 1123 634 inclytus
1154 580 1402 634 arquitenens

420 631 662 687 Sanctnsqne
686 634 847 688 Delpln's
872 643 1091 689 proqnatus
1114 636 1279 690 Pytln'ns
1307 636 1456 691 Apollo.

182 1025 208 1064 9

224 699 332 739 Idem
365 697 454 738 alibi
471 710 479 737 :

421 754 573 794 Pollens
604 754 686 795 dea.

768 723 822 729 —
850 700 944 742 Cum
974 709 1017 742 tu
1045 703 1293 757 arquitenens
1321 703 1471 757 sagittis

222 820 298 862 Sed
327 825 366 861 et
392 820 559 861 Hostius
587 820 687 861 libro
716 821 893 862 secundo
924 823 1014 863 belli
1042 823 1224 864 Histrici:

420 887 502 927 Dia
528 887 727 936 Minerva,
757 889 875 929 simul
899 897 1025 931 antem
1054 891 1221 932 invictus
1247 890 1383 945 Apollo

420 943 680 998 Arquitenens
707 944 910 986 Latonius.

423 1021 629 1064 Sz‘lvz'eolae
662 1024 805 1065 Fanni.

220 1090 391 1132 Naevius
420 1089 511 1130 belli
542 1089 685 1131 Punici
714 1090 814 1132 libro
844 1091 992 1146 primo:

418 1155 624 1199 Silvicolae
654 1157 827 1200 homines
858 1158 1018 1214 bellique
1048 1160 1200 1200 inertes.

220 1223 368 1264 Accius
398 1222 437 1263 in
467 1222 657 1264 Bacchis:

307 1335 410 1376 [uss.
438 1334 577 1368 APSM.

216 1390 305 1432 piat
327 1389 366 1421 A.
401 1408 443 1412 —
471 1390 666 1432 praedicat
694 1389 741 1422 vi.
774 1408 817 1415 —
848 1396 976 1424 natura
1001 1391 1100 1433 (sup.
1123 1390 1174 1431 m)
1206 1390 1243 1423 S.
1378 1393 1411 1422 7.
1453 1391 1559 1434 Vidit]
1585 1392 1671 1425 Aen.
1698 1393 1756 1434 IV,

217 1436 295 1466 453.
324 1452 357 1457 —
395 1434 483 1466 Vidi
513 1434 645 1466 eh-bl’.
699 1435 908 1475 Vidicssuri
929 1436 1066 1474 cremis)
1091 1435 1129 1467 Α.
1152 1453 1194 1459 -
1218 1435 1254 1467 in
1271 1435 1432 1476 secundo]
1462 1446 1492 1468 v.
1509 1439 1587 1468 352.
1612 1454 1652 1461 —
1678 1449 1758 1470 con-

219 1479 317 1511 didit
353 1477 389 1510 S.
525 1481 557 1510 8.
599 1479 724 1521 Quam]
760 1478 849 1511 Aen.
883 1480 954 1516 111„
980 1483 1035 1511 75.
1087 1480 1204 1520 Quem
1240 1479 1341 1520 112-b.
1381 1498 1423 1502 —
1461 1482 1666 1514 arcitenens
1699 1486 1758 1520 (ut

219 1523 332 1564 vulgo
368 1521 460 1564 apud
489 1522 608 1565 Virg.)
633 1523 731 1565 Δι’-ς
759 1523 888 1560 (etiam
917 1523 1045 1565 infra).

218 1567 304 1599 libro
329 1567 490 1610 secundo]
525 1579 556 1599 v.
584 1570 635 1599 19.
662 1568 718 1599 ed.
742 1567 1033 1611 Spangenberg„
1060 1568 1121 1598 nbi
1147 1567 1301 1609 legitur:
1333 1568 1423 1599 Dein

1095 1524 1325 1555 architenens
1351 1522 1375 1555 S
1403 1525 1533 1564 (etiam
1560 1525 1687 1564 infra).
1713 1544 1758 1550 —

1447 1592 1454 1600 .
1470 1594 1477 1600 .
1502 1570 1663 1603 inclutus
1687 1573 1754 1602 Ar-

217 1612 382 1643 citenens.
409 1628 449 1634 —-
480 1613 565 1644 Dea
594 1612 752 1643 Minerva
780 1612 847 1644 AS.
872 1630 916 1635 —
940 1612 1069 1652 „simul
1094 1612 1258 1644 cunctis
1289 1612 1437 1644 invictus
1465 1614 1585 1656 Apollo
1609 1614 1703 1656 legit
1728 1615 1756 1647 I.

217 1655 257 1687 A.
284 1655 474 1687 Fabricius
506 1656 541 1687 in
575 1655 674 1687 Bibl.
700 1656 793 1687 med.
826 1661 862 1688 et
894 1656 958 1689 inf.
985 1656 1103 1688 Latin.
1135 1656 1200 1687 lib.
1225 1655 1319 1687 vul.
1350 1667 1382 1698 p.
1409 1658 1487 1688 827.
1515 1658 1640 1690 nescio
1671 1669 1758 1690 con—

218 1699 358 1732 iectura
378 1710 422 1731 an
445 1711 487 1731 ex
513 1700 659 1732 Mstis.“

218 1744 305 1776 Aen.
331 1743 373 1784 Χ,
398 1746 474 1775 551.

219 1789 304 1820 ntro
328 1789 455 1830 primo]
492 1789 553 1820 nb.
582 1789 636 1829 ιι,
668 1800 700 1821 v.
727 1792 775 1821 ιτ.
810 1790 869 1831 sp.

695 1700 894 1733 Weicbert.
919 1701 1019 1733 Poet.
1045 1700 1112 1732 Lat
1148 1700 1213 1731 rel.
1236 1711 1270 1742 p.
1297 1702 1349 1731 16.

529 1745 669 1777 Etiam
698 1745 886 1778 Silvt‘colae
910 1746 1012 1786 v-gb.
1035 1762 1080 1767 —-
1104 1745 1189 1776 libro
1213 1745 1323 1786 primo
1347 1744 1427 1776 belli
1457 1745 1578 1778 Punici
1601 1748 1690 1779 Edd.
1719 1766 1754 1771 -—

916 1789 1122 1828 „Restituit
1154 1789 1187 1820 in
1217 1788 1394 1820 Ennianis
1425 1788 1643 1832 fragmentis
1678 1793 1757 1824 Me·

1486 1704 1517 1733 9.
1556 1703 1756 1747 Silvicolae]

220 1833 319 1865 ruia:
347 1833 532 1865 Silvicolae
559 1834 731 1865 homones
765 1834 839 1871 (ed.
869 1833 1079 1876 Spangenb.
1113 1833 1329 1871 homoones)
1359 1833 1438 1865 belli
1469 1834 1628 1867 inertes.“
1652 1837 1756 1869 Pont.

219 1894 261 1901 ·—-
290 1878 411 1909 Accius
437 1878 471 1910 in
498 1878 643 1910 Bacchis
668 1888 737 1909 om.
758 1878 828 1909 M3.
866 1897 898 1901 —
936 1880 972 1911 in
1001 1877 1158 1920 Bacchis]
1184 1877 1341 1909 Scriver.
1367 1889 1399 1919 p.
1432 1881 1506 1910 108.
1543 1879 1651 1914 Both.
1675 1881 1699 1912 f.
1722 1886 1754 1914 7.

220 1933 253 1963 p.
281 1924 357 1954 188.
381 1939 421 1944 —
452 1922 638 1955 Siloicolae
659 1922 903 1966 ASv-gM123.

218 2019 418 2052 Neukirch.
443 2021 467 2053 Ι.
492 2032 539 2052 c.:
575 2021 716 2062 „aurito
737 2027 899 2064 parente,
928 2021 953 2053 i.

218 2075 248 2095 e.
277 2065 446 2105 lepore“‚
480 2064 514 2096 id
545 2065 742 2097 ridiculum
772 2070 845 2105 θείς
888 2077 953 2097 nec

218 2109 414 2149 quidquam
464 2108 536 2140 huc
583 2109 722 2140 faciunt
769 2119 811 2140 ex
860 2121 953 2150 quae

218 2151 283 2184 ille
317 2152 463 2185 adiecit.
514 2152 722 2184 Macrobius
760 2153 836 2184 vult
876 2157 953 2185 tan-

219 2197 404 2228 tummodo
452 2197 584 2228 (locere
629 2201 713 2228 ante
755 2196 951 2238 Virgilium

218 2251 306 2272 voce
331 2242 466 2274 auritus
490 2252 593 2273 usum
623 2252 703 2272 esse
727 2241 930 2273 Afranium.

262 2288 294 2315 8.
345 2286 582 2328 Arquitenens]
618 2285 720 2327 Apud
755 2285 950 2327 Virgilium

219 2328 330 2361 etiam
357 2329 563 2373 Wagnerus
603 2329 755 2371 scripsit
796 2331 952 2363 Arcite-

216 2384 311 2405 nens.
359 2373 430 2406 Illa
463 2375 579 2405 forum
613 2374 744 2406 nititur
779 2374 814 2406 in
849 2374 953 2416 geni-

219 2418 293 2449 tivo
319 2420 458 2461 arqui,
495 2418 554 2460 qui
585 2419 721 2460 legitur
745 2419 780 2450 iu
804 2419 952 2460 quibus-

219 2463 299 2494 dam
324 2463 427 2494 codd.
458 2463 552 2504 apud
569 2463 782 2495 Ciceronem
810 2464 854 2494 de
879 2467 952 2495 nat.

219 2507 318 2538 deor.
345 2507 418 2547 ΙΙΙ,
439 2510 501 2548 20,
527 2511 601 2547 51„
636 2507 696 2539 ubi
720 2507 791 2539 vid.
819 2508 952 2539 Moser.

217 2552 366 2583 Poterat
419 2552 625 2584 Macrobius
678 2551 794 2584 citare
842 2553 952 2584 etiam

218 2595 375 2635 Attium,
418 2596 521 2628 cuius
541 2597 788 2639 fragmentum
815 2596 952 2637 legitur

218 2640 312 2680 apud
324 2640 479 2672 Nonium
497 2653 528 2682 p.
542 2643 620 2680 341,
633 2643 688 2680 25,
703 2640 738 2672 in
753 2651 822 2682 quo
838 2640 952 2673 Diana.

218 2683 353 2715 dicitur
375 2686 606 2728 arquitenens.

267 2729 398 2761 Deinde
424 2754 431 2760 .
448 2754 454 2760 .
474 2729 608 2771 Apollo]
634 2729 710 2760 Hos
730 2739 869 2770 versus,
889 2728 951 2769 qni

219 2771 330 2813 vulgo
361 2773 523 2805 continui
560 2774 752 2815 leguntur,
786 2771 951 2811 distinxi,

218 2818 256 2846 ut
289 2817 425 2849 facturn
459 2823 514 2849 est
546 2817 581 2849 in
615 2817 832 2860 fragmentis
858 2816 950 2849 Nae-

217 2858 268 2889 vii
310 2870 330 2892 a
361 2861 663 2905 spangenbergio
698 2861 819 2894 editis.
881 2862 950 2892 Pro

955 1924 1007 1955 Et
1037 1934 1150 1954 nunc
1176 1922 1362 1954 Silvicolac
1388 1923 1477 1953 s-bP
1503 1922 1620 1956 Scriv.
1645 1925 1755 1958 Both.

1022 2021 1146 2052 deinde
1176 2020 1228 2052 ibi
1260 2020 1436 2062 scriptum
1469 2025 1525 2053 est
1549 2023 1647 2063 dein,
1685 2035 1755 2066 qua

1022 2065 1163 2097 ratione
1202 2065 1417 2096 emendatur
1457 2070 1621 2098 metrum.

1072 2109 1139 2139 Dia
1184 2109 1356 2149 Minerva]
1393 2110 1479 2140 Post
1515 2109 1606 2141 haec
1646 2112 1755 2144 verba

1021 2152 1114 2183 duae
1148 2152 1318 2193 syllabae
1359 2151 1525 2184 videntur
1561 2154 1755 2198 excidisse,

1022 2196 1092 2227 nisi
1114 2196 1208 2228 forte
1234 2207 1298 2237 pro
1324 2197 1425 2228 simul
1449 2203 1564 2230 autem
1590 2199 1754 2232 scriben-

1021 2240 1104 2272 dum
1137 2244 1193 2272 est
1222 2241 1422 2281 simulque.
1466 2241 1555 2273 Nam
1583 2254 1663 2275 eam
1696 2255 1755 2277 ra-

1022 2285 1171 2325 tionem,
1196 2295 1303 2325 quam
1326 2284 1518 2318 Fabricius
1542 2285 1637 2327 iniit,
1656 2288 1755 2321 haud

1021 2328 1346 2371 comprobaverim.

1065 2376 1097 2404 9.
1145 2374 1230 2405 libro
1257 2372 1381 2415 primo]
1417 2373 1518 2405 Hace
1554 2376 1664 2407 verba
1700 2376 1753 2408 vi-

1020 2417 1151 2448 dentur
1173 2417 1439 2450 Naevianorum
1464 2419 1752 2460 fragmentorum

1021 2461 1153 2493 editori
1196 2462 1313 2493 locum
1356 2473 1459 2494 suum
1502 2462 1676 2495 habuisse
1716 2463 1752 2496 in

1021 2506 1085 2538 lib.
1104 2506 1163 2546 11„
1189 2505 1250 2537 ubi
1278 2506 1548 2538 describeretur
1572 2507 1753 2540 Romano-

1020 2561 1099 2582 rum
1131 2549 1273 2582 classis.
1322 2550 1365 2582 At
1394 2550 1476 2582 vide
1504 2561 1548 2582 ne
1577 2550 1670 2583 haec
1697 2563 1753 2584 re-

1020 2595 1171 2626 ferenda
1207 2594 1280 2626 sint
1317 2594 1361 2626 ad
1400 2594 1542 2635 priscos
1576 2597 1751 2636 quosdam

1019 2638 1151 2671 ltaliae
1177 2637 1329 2670 incolas.

1068 2682 1255 2714 Silvicolae
1275 2706 1282 2713 .
1299 2705 1328 2712 ..
1353 2681 1491 2722 inertes]
1520 2681 1653 2714 Versus
1676 2686 1752 2716 tur-

1017 2727 1124 2759 batus
1158 2729 1231 2764 est,
1267 2724 1339 2756 nisi
1376 2725 1468 2756 forte
1503 2725 1537 2757 in
1574 2727 1753 2762 silvicolae

1018 2769 1231 2811 producitur
1277 2768 1477 2809 penultima
1515 2773 1550 2801 et
1598 2782 1619 2803 a
1663 2783 1751 2806 voce

1018 2815 1142 2845 inertes
1196 2822 1310 2844 novus
1366 2811 1559 2846 inchoatur
1610 2827 1749 2849 versus.

1019 2857 1175 2895 Merula,
1200 2856 1260 2898 qui
1289 2856 1426 2890 delevit
1450 2869 1514 2900 que
1537 2862 1584 2898 et,
1606 2863 1646 2893 ut
1663 2871 1751 2894 sane
