1845 3131
171 19 253 59 604
805 17 1081 60 MACROBII

171 128 290 169 faciat
320 126 536 168 indicatum
566 129 636 166 est.
695 126 867 180 Reliqua
897 141 987 181 pars
1020 127 1142 168 debiti
1172 128 1249 168 mei
1279 129 1328 170 de
1356 144 1404 171 eo
1433 136 1509 180 est,
1542 144 1614 172 cur
1645 145 1707 172 ce-

170 185 353 232 rebrum,
385 196 475 222 cum
505 195 665 222 sensum
702 196 782 222 non
811 181 977 231 habeat,
1006 196 1145 224 sensus
1175 184 1381 236 gubernet.
1440 187 1518 228 Sed
1553 187 1601 228 de
1631 187 1709 228 hoc

107 240 335 301 lssquoque
361 237 567 298 temptabo
599 236 630 277 si
657 242 797 291 potero
823 251 909 279 esse
938 239 1140 279 solvendo.
1202 239 1372 288 Sensus,
1401 241 1449 281 de
1477 242 1624 296 quibus
1653 243 1709 283 lo-

172 295 353 348 quimur,
393 306 573 346 qumque
608 298 722 333 sunt:
770 292 877 334 visus
914 294 1075 335 auditus
1105 294 1296 334 odoratus
1325 300 1466 347 gustus
1497 303 1536 337 et
1566 303 1708 338 tactus.

169 350 220 391 Hi
252 354 321 389 aut
351 348 533 402 corporei
562 354 655 389 sunt
683 353 753 388 aut
781 349 885 389 circa
915 363 1073 403 corpus,
1104 349 1280 403 solisque
1309 355 1404 390 sunt
1434 352 1593 393 caducis
1622 367 1709 393 cor-

169 404 334 459 poribus
362 403 585 444 familiares.
644 404 748 445 Nulli
777 405 881 445 enim
913 405 1048 446 divino
1079 405 1237 459 corpori
1265 419 1405 446 sensus
1437 405 1551 455 inest,
1582 408 1712 448 anima

169 474 262 500 vero
292 459 400 500 omni
428 473 612 513 corpore,
644 460 705 501 vel
740 459 771 499 si
800 460 978 501 divinum
1005 460 1076 509 sit,
1118 461 1201 514 ipsa
1235 460 1405 501 divinior
1436 466 1515 501 est:
1552 476 1647 515 ergo
1678 463 1711 503 si

170 516 234 569 dig
239 515 340 556 nitas
372 514 597 556 divinorum
630 528 843 569 corporum
877 530 1037 557 sensum
1068 492 1304 569 dedignatur
1334 516 1447 570 quasi
1477 522 1613 570 aptum
1647 531 1710 558 ca-

170 571 304 621 ducis,
351 571 477 611 multo
510 570 633 624 magis
666 570 797 611 anima
829 571 991 612 maioris
1022 577 1082 612 est
1112 571 1329 613 maiestatis
1359 585 1494 635 quam·
1512 579 1558 613 ut
1591 586 1713 613 sensu

106 629 155 670 17
170 632 292 681 egeat
351 627 404 667 Ut
432 631 565 667 autem
576 603 722 666 ohomo
757 632 913 667 constet
948 632 987 668 et
1013 627 1146 668 vivum
1177 627 1321 668 animal
1352 627 1404 667 sit
1431 628 1563 669 anima
1593 641 1708 682 prae-

170 688 260 731 stat,
285 696 388 744 quae
418 695 563 745 corpus
588 680 810 722 inluminat.
869 683 999 723 Porro
1030 682 1243 724 inluminat
1271 682 1544 733 inhabitando,
1570 689 1609 724 et
1642 684 1711 724 ha—

169 738 309 778 bitatio
342 737 427 778 eius
454 738 493 777 in
525 738 688 777 cerebro
720 742 790 777 est.
852 737 1077 791 Sphaeralis
1107 739 1212 778 enim
1243 744 1382 778 natura
1409 744 1449 779 et
1479 739 1528 779 ad
1558 753 1632 779 nos
1662 739 1712 779 de

168 794 248 834 alto
278 793 438 834 veniens
469 798 621 846 partem
654 792 693 831 in
729 792 892 833 homine
921 798 961 833 et
997 793 1115 833 altam
1151 799 1191 833 ct
1224 794 1469 847 sphaeralem
1512 794 1642 834 tenuit
1672 799 1712 834 et

105 850 155 892 18
169 862 272 903 quae
303 862 422 889 sensu
452 854 596 897 careat,
626 847 695 901 qui
724 862 803 888 non
834 853 893 888 est
920 849 1078 889 animae
1107 848 1365 889 necessarius.
1425 848 1502 890 Sed
1525 850 1617 902 quia
1645 863 1711 889 ne-

169 904 362 946 cessarius
398 904 557 944 animali
594 909 668 952 θεῖ,
719 904 821 944 locat
856 903 895 943 in
932 904 1109 944 cavernis
1146 904 1299 944 cerebri
1342 903 1626 957 spiramentum
1665 904 1713 945 de

171 960 378 1001 effectibus
409 960 511 999 suis:
553 960 666 1001 cuius
698 958 927 1012 spiramenti
960 966 1099 1000 natura
1131 960 1228 1000 baec
1257 964 1316 1000 θεῖ
1340 965 1385 999 ut
1415 973 1554 1000 sensus
1583 965 1623 1000 et
1653 960 1711 999 in-

106 1018 156 1058 19
169 1021 280 1070 gerat
304 1020 343 1055 et
369 1015 573 1068 gubernet.
632 1016 696 1055 De
725 1015 785 1055 his
817 1029 910 1068 ergo
942 1015 1119 1056 cavernis
1150 1029 1248 1069 quas
1280 1020 1436 1056 ventres
1461 1015 1611 1056 cerebri
1640 1030 1711 1056 no-

170 1077 250 1112 stra
279 1070 433 1111 vocavit
460 1070 677 1123 antiquitas
706 1076 926 1111 nascuntur
952 1084 1163 1111 nervorum
1195 1076 1347 1124 septem
1373 1071 1576 1123 συζυγίαι.
1637 1070 1712 1112 Cui

170 1128 225 1167 rei
261 1139 406 1166 nomen
442 1126 550 1179 quod
589 1126 672 1180 ipse
708 1126 815 1167 voles
847 1125 1034 1166 Latinum
1075 1126 1218 1166 facito:
1262 1140 1336 1166 nos
1366 1126 1472 1166 enim
1509 1127 1713 1179 συζυγίαν

170 1196 381 1223 nervorum
412 1195 622 1231 vocamus,
652 1196 743 1222 cum
777 1181 858 1221 bini
885 1181 993 1223 nervi
1026 1182 1172 1235 pariter
1200 1187 1410 1235 emergunt
1439 1187 1477 1222 et
1509 1181 1548 1223 in
1579 1182 1710 1222 locum

102 1240 157 1281 20
171 1244 322 1280 certum
361 1237 559 1278 desinunt.
627 1238 786 1292 Septem
824 1237 947 1291 igitur
984 1251 1198 1279 nervorum
1237 1237 1432 1291 συζυγίαι
1470 1237 1519 1278 de
1561 1237 1711 1278 cerebri

259 1366 363 1407 [Mss.
390 1365 527 1398 APSH.

168 1421 223 1453 sui
249 1421 288 1452 A.
430 1422 480 1451 15.
520 1424 612 1452 sunt
635 1418 722 1450 Ach.
755 1436 787 1441 —·
811 1420 927 1459 saciat
950 1432 1055 1452 causa
1082 1420 1120 1452 S.
1148 1438 1189 1443 —
1216 1420 1378 1452 solvendo
1413 1419 1711 1461 dilnqueatus

168 1465 207 1497 Α.
349 1467 401 1496 16.
441 1463 592 1505 corporei
625 1463 823 1494 s-bPEMa.
873 1475 1015 1506 corpore
1049 1465 1093 1496 Η.
1142 1464 1183 1495 in
1221 1475 1367 1505 corpore
1401 1463 1625 1506 ASv-ng2.
1667 1481 1709 1487 —

175 1510 285 1541 Nullo
312 1519 344 1541 v.
369 1526 412 1531 —
434 1509 590 1539 divinum
618 1512 681 1539 est
707 1507 863 1538 s-1›P.—
888 1509 1037 1540 divinior
1062 1512 1150 1545 (oin.
1175 1510 1242 1548 θεῖ)
1266 1509 1302 1539 S.
1443 1510 1493 1538 17.
1527 1513 1558 1539 et
1590 1519 1710 1539 unum

170 1553 208 1584 1⁸.
257 1554 372 1584 vivum
396 1558 427 1583 et
451 1554 505 1584 vl.
529 1570 571 1575 -—-
600 1551 803 1592 Sphacralis
828 1555 916 1588 (oin.
943 1553 1050 1592 enirn)
1079 1553 1117 1582 P.
1167 1552 1220 1583 1th
1245 1551 1436 1594 sphaeralis
1462 1552 1550 1582 enim
1578 1551 1710 1593 HSv-g

170 1604 214 1639 (g
237 1597 271 1628 in
299 1607 383 1637 ing:
410 1597 469 1627 Ex
493 1596 673 1637 sphaerali
697 1596 784 1626 enim
810 1597 971 1636 natura).
1001 1615 1033 1618 -
1064 1596 1204 1628 veniens
1227 1597 1268 1628 de
1292 1596 1363 1627 alto
1386 1595 1490 1626 s-bP.
1523 1613 1564 1619 —-
1596 1601 1627 1628 et
1654 1597 1710 1626 al-

169 1647 295 1673 teram
323 1641 366 1671 in
391 1640 606 1682 splzacralem
633 1641 670 1669 vl
700 1642 762 1676 (vll
787 1651 856 1670 oni.
877 1642 937 1679 et).
966 1658 1004 1663 -
1030 1641 1160 1671 carnit
1184 1640 1222 1671 A.
1365 1641 1415 1670 18.
1452 1640 1520 1671 sed
1547 1641 1627 1682 quia
1648 1651 1709 1672 ne-

168 1686 337 1716 cessarius
364 1695 434 1714 «ini.
459 1684 498 1714 P.
536 1702 576 1707 —
618 1694 736 1714 sensus
767 1684 906 1726 ingerat
941 1688 1029 1722 (oni.
1058 1688 1107 1723 et)
1139 1684 1213 1715 s-li.
1354 1685 1405 1714 19.
1450 1683 1610 1726 συζυγίαι
1640 1695 1709 1715 om.

168 1729 299 1768 (etiam
322 1727 438 1769 infra)
462 1727 499 1760 S.
545 1746 585 1750 —
626 1728 698 1770 ipse
724 1739 792 1759 oni.
815 1728 852 1759 A.
890 1747 923 1751 —
972 1729 1119 1760 Nomen
1145 1728 1232 1760 enim
1256 1728 1312 1765 (in
1339 1738 1411 1769 mg.
1442 1728 1512 1766 Νὸ)
1535 1728 1574 1760 Λ.

214 1854 265 1883 15.
314 1852 354 1883 dc
379 1862 416 1882 eo
441 1850 502 1893 est]
539 1850 561 1882 i.
588 1862 617 1882 e.
650 1851 692 1882 nd
728 1851 762 1882 id
791 1853 905 1895 perti-

169 1901 247 1936 net,
292 1896 349 1928 vel
393 1906 436 1926 ea
479 1899 534 1926 est
576 1899 615 1926 ut
656 1895 785 1927 dicam.
850 1897 906 1929 Cf.

167 1940 288 1972 Hand.
311 1939 474 1971 'I'urselh
500 1939 553 1979 11,
574 1950 606 1980 Ρ.
631 1941 709 1977 212,
737 1943 769 1971 8.

213 1995 283 2016 esse
318 1982 493 2024 solvendo]
533 1982 555 2015 i.
581 1994 610 2014 θ.
643 1984 704 2015 tibi
734 1985 820 2016 satis
842 1987 903 2024 sa-

168 2039 259 2070 ccrc,
284 2028 378 2069 quod
406 2028 543 2069 legitur
560 2029 580 2066 ς
608 2029 637 2058 l.

218 2085 269 2113 16.
321 2082 448 2113 Sensus
476 2104 506 2113 ..
532 2081 694 2123 quinque]
720 2081 774 2112 Cf.
802 2082 848 2121 ll,
873 2085 907 2122 8,

172 2129 215 2156 10
252 2137 347 2166 sqq.7
395 2125 487 2156 unde
534 2130 688 2166 apparet
729 2137 908 2168 corporeos

171 2168 243 2201 dici
272 2173 419 2211 gustum
446 2172 482 2199 θῖ
505 2172 654 2200 tactum.

215 2223 244 2255 si
285 2223 445 2265 dignitas
480 2245 511 2253 ..
555 2222 781 2265 dedignatur]
830 2223 908 2255 vid.

171 2267 339 2309 prole-gg.
370 2278 402 2307 Ρ.
429 2276 503 2297 x1.n
531 2277 582 2307 sq.

216 2310 329 2354 quasi]
359 2310 434 2341 Vid.
463 2314 533 2341 not.
563 2309 607 2340 ad
633 2320 662 2340 c.
686 2312 719 2350 3,
744 2312 764 2350 ἓ
792 2313 843 2342 12.

220 2368 269 2396 17.
324 2365 366 2397 Ut
392 2389 421 2395 ..
446 2364 544 2395 homo
570 2364 710 2406 constet]
737 2364 791 2395 Cf.
814 2366 834 2403 S
852 2367 907 2396 25.

171 2414 207 2441 et
241 2408 316 2440 Cic.
349 2408 459 2439 Tusc.
491 2407 555 2446 IV,
590 2410 647 2448 17,
674 2410 727 2439 39.
766 2409 907 2441 Mente

169 2454 227 2485 vix
267 2458 455 2489 constes,
498 2455 534 2483 et
565 2452 665 2484 Suet.
701 2452 821 2494 Calig.
851 2455 905 2484 50.

177 2497 398 2529 valetudo
426 2496 458 2527 ci
485 2507 593 2537 neque
627 2498 763 2528 animi
797 2509 906 2539 neque

171 2541 371 2583 corporis
396 2541 615 2572 constitit.

220 2594 424 2637 Sphaeralis
456 2594 599 2635 natura]
630 2594 683 2625 Cf.
710 2594 849 2627 Coinm.
876 2595 905 2636 I,

171 2641 232 2678 12,
258 2641 292 2670 ἶ).
328 2639 454 2670 Anima
492 2639 755 2670 descendens
792 2651 813 2671 a
847 2646 906 2672 te-

170 2683 264 2720 reti,
289 2693 376 2724 qnae
403 2682 478 2713 sola
498 2683 615 2722 forma
640 2683 761 2714 diuina
787 2689 847 2723 est,
871 2685 907 2716 in.

171 2738 290 2757 conum
323 2726 503 2767 defluendo
532 2727 752 2768 producitur,
786 2733 821 2759 θῖ
851 2731 905 2768 14,

171 2772 201 2800 8.
240 2770 365 2801 Anima
390 2794 396 2800 .
414 2793 421 2800 .
452 2780 594 2811 corpora
617 2771 681 2801 illa
707 2772 827 2803 divina
852 2774 906 2804 vel

171 2823 315 2862 supera,
350 2813 438 2845 caeli
463 2814 538 2845 dico
566 2819 596 2846 et
623 2815 792 2853 sidev-‚um
819 2827 907 2857 quae

170 2856 285 2898 prima
308 2857 490 2899 condebat,
522 2858 710 2899 animavit,
746 2860 905 2893 divinae-

976 1863 1039 1894 que
1068 1856 1195 1883 mentes
1218 1851 1371 1883 omnibus
1402 1851 1597 1893 corporibus
1623 1861 1711 1892 quac

975 1898 1017 1927 in
1051 1898 1227 1935 formam
1268 1900 1467 1931 teretem,
1503 1895 1539 1926 id
1575 1900 1622 1926 est
1665 1895 1709 1926 ἱιι

975 1940 1186 1981 sphaerae
1206 1940 1637 1979 modum,sormabantur
1657 1939 1711 1970 in-

969 1986 1076 2025 fusae
1101 1989 1190 2015 sunt.

1020 2028 1066 2058 ml
1086 2040 1147 2059 nos
1170 2028 1211 2058 de
1232 2027 1303 2057 alto
1327 2026 1475 2067 veniens]
1498 2025 1551 2056 Cf.
1572 2025 1709 2057 Coinm.

976 2071 1153 2109 1,12‚1.
1201 2071 1443 2101 Descensus
1483 2080 1561 2100 vero
1601 2071 1710 2111 ipsius

976 2125 1056 2155 qno
1094 2114 1240 2145 anima
1274 2113 1324 2144 de
1354 2113 1475 2144 caelo
1512 2113 1553 2143 in
1584 2113 1710 2144 huius

976 2159 1096 2189 vitae
1151 2158 1331 2197 inferna
1382 2157 1616 2189 delabitur
1663 2158 1710 2188 sic

976 2202 1060 2233 ordo
1089 2202 1125 2232 di
1156 2202 1262 2232 eritur
1288 2204 1356 2231 cet.

1021 2246 1127 2276 altam
1175 2244 1230 2275 Cf.
1267 2243 1406 2275 Comm.
1438 2243 1472 2283 I,
1506 2246 1545 2284 6,
1575 2245 1629 2275 81.
1670 2244 1710 2276 In

976 2290 1135 2331 capite.
1158 2288 1308 2320 velutin
1335 2297 1441 2318 arce.

1020 2332 1250 2374 sphaeralem]
1288 2331 1342 2362 Cf.
1369 2330 1507 2362 Corum.
1532 2331 1568 2370 1,
1597 2333 1655 2371 14,
1678 2334 1711 2363 9.

978 2377 1136 2418 Solisque
1155 2375 1346 2413 (luntianis
1368 2375 1601 2416 corporibus)
1624 2377 1713 2407 inest

974 2421 1028 2452 vel
1059 2423 1100 2452 in
1132 2421 1274 2463 capite
1306 2420 1517 2463 sphaerae
1548 2420 1709 2451 simili-

974 2465 1088 2497 tudo.

1021 2512 1075 2540 18.
1124 2506 1383 2551 spiramentum]
1409 2506 1463 2538 Cf.
1488 2506 1504 2546 §
1532 2507 1552 2536 4
1577 2516 1629 2558 sq.

1020 2556 1070 2585 19
1120 2557 1252 2584 ventres
1285 2550 1423 2591 cerebri]
1464 2549 1486 2580 i.
1514 2560 1542 2580 e.
1571 2546 1709 2590 ἐγκεφέ-

974 2596 1038 2628 λου
1072 2595 1217 2633 κοιλίας.
1265 2595 1343 2627 Vid.
1379 2593 1554 2634 Stephon
1593 2592 1707 2624 Thes.

976 2641 1039 2671 Gr.
1079 2641 1101 2672 l.
1136 2652 1163 2671 s.
1203 2651 1232 2671 v.
1274 2637 1406 2676 κοιλία,
1449 2636 1510 2667 ubi
1549 2636 1709 2667 citantur

974 2684 1194 2716 Pllilotheus
1218 2682 1416 2713 Comment
1438 2680 1474 2711 in
1498 2680 1633 2720 Aphor.
1653 2683 1706 2719 15,

976 2731 1029 2767 1.,
1069 2728 1186 2759 Rufus
1212 2726 1304 2767 Em
1336 2736 1370 2765 Ρ.
1404 2726 1478 2760 36„
1507 2723 1707 2766 Dionysius

973 2771 1164 2813 Aegiensis
1189 2781 1233 2810 ap
1241 2769 1372 2800 ..Phot
1392 2748 1499 2799 Bibl.
1534 2770 1707 2805 ,130,18.

1017 2825 1197 2847 nervorum
1224 2837 1255 2844 ..
1285 2811 1458 2854 συζυγίαι]
1502 2811 1575 2845 Nos
1615 2793 1709 2844 (11οἰ-

973 2870 1053 2891 mus
1084 2856 1358 2891 Nervcnbu'ndel.
