1845 3131
228 15 311 59 688
851 16 902 56 lL

272 136 397 159 mones
432 124 520 158 ibid.
583 123 783 157 Convivalis
819 124 962 157 laetitia

272 171 323 203 ib.
351 172 403 202 13.
428 173 463 201 et
487 169 524 200 S.
548 168 597 207 11,
625 170 656 206 1,
683 170 712 199 1.

229 214 475 248 Convivarum
522 212 673 255 ingenia
720 211 964 254 philosophus

274 269 397 291 secum
420 256 589 288 aestimet
614 256 690 296 vll,
707 258 736 294 1,
751 259 782 286 9.
829 257 964 288 Eorum

276 312 448 334 numerus
483 300 531 332 sit
566 311 682 341 neque
715 300 832 331 minor
857 311 963 341 quam

275 345 485 377 Gratiarum
506 355 620 385 neque
645 354 752 386 quam
778 344 964 376 Musarum

274 389 504 421 numerosior
528 388 563 420 S.
591 389 619 430 Ι,
646 393 677 426 7,
707 390 757 418 12.

230 434 447 466 Convivium
464 433 726 465 tumultuosum
751 434 786 463 et
805 431 966 463 sobrium

275 477 311 510 S.
338 478 391 517 Π,
420 480 456 516 l,
484 480 512 508 1.
560 476 739 509 Convivia
765 480 864 507 muta
890 476 965 514 ΥΙΙ,

280 524 314 561 1,
353 525 404 553 17.
472 520 648 553 Convivio
696 531 739 551 an
787 520 967 551 interesse

275 565 382 598 etiam
400 565 636 608 philosophia
651 565 782 596 debeat
796 564 843 595 ib.
857 565 878 593 2
892 575 968 604 sqq.

232 610 347 652 Copia
374 620 493 642 rerum
515 620 583 640 non
603 608 827 650 negligenda
845 618 968 649 gram-

276 653 411 686 matico
437 654 471 685 S.
497 653 524 692 Ι,
546 655 602 691 24,
629 655 680 683 12.
717 652 855 692 Copiae
879 662 967 692 quo-

276 698 384 729 modo
402 696 621 729 indulserint
636 699 779 727 veteres
796 696 830 727 iu
845 706 967 737 gram-

277 741 423 773 maticis
452 740 581 772 formis
605 740 640 771 S.
667 739 694 777 Ι,
715 742 744 779 4,
775 742 824 771 16.

232 785 391 826 Copiosa
413 785 530 816 oratio
555 783 703 825 virgilii
730 783 765 821 V,
793 786 822 821 1,
849 785 869 814 9
893 794 945 823 sq.

238 833 389 871 (loquere
413 844 454 855 =
478 838 703 869 concoquere
731 827 806 864 ΥΙΙ,
836 829 868 864 4,
899 829 947 857 12.

233 874 305 906 Cor
330 873 416 915 ΥΠ,
438 876 476 911 9,
504 874 559 904 24.
607 890 651 895 —
679 871 714 903 in
747 870 968 902 animalibus

278 927 472 958 numquam
513 920 633 948 cessat
671 926 692 947 a
729 920 826 947 motu
865 914 903 947 C.
940 915 968 954 Ι,

276 964 342 999 20,
368 965 400 992 7.
450 962 522 992 Cor
560 959 654 991 caeli
691 960 746 991 sol
783 959 829 990 ib.
868 961 888 989 6
916 970 967 1000 sq.

279 1005 411 1036 Cordis
443 1004 599 1046 figuram
625 1014 688 1034 cur
713 1003 748 1034 in
780 1003 880 1033 bulla
905 1014 970 1044 ge-

277 1049 457 1080 staverint
491 1048 642 1090 ingenui
676 1046 779 1089 pueri
811 1047 847 1078 S.
873 1046 909 1085 I,
936 1050 969 1085 6,

281 1096 336 1124 17.

234 1136 434 1168 Corinaeus
460 1135 497 1175 V,
526 1138 578 1175 15,
607 1137 658 1166 10.

234 1180 434 1213 Corinthus
459 1180 588 1211 devota
611 1178 681 1216 ΙΙΙ,
706 1180 738 1217 9,
765 1180 816 1209 13.
861 1177 970 1209 Circa

279 1224 498 1256 Corinthum
531 1223 639 1254 urbes
670 1226 704 1253 ct
731 1222 874 1253 insulae
900 1226 971 1254 ter-

281 1279 341 1300 rae
366 1272 464 1299 motu
492 1268 645 1299 haustae
666 1266 729 1305 ΙΙΙ,
752 1269 784 1306 6,
809 1269 840 1296 7.

235 1313 409 1345 Cornelia
444 1313 502 1343 lex
538 1310 768 1352 sumptuaria
808 1309 880 1349 ΙΙΙ,
917 1311 970 1349 17,

235 1399 431 1433 Cornelius
456 1398 573 1429 Rufus
608 1396 792 1428 decemvir
824 1407 888 1427 cur
914 1395 972 1427 Si-

281 1444 384 1486 bylla
408 1446 442 1473 et
461 1442 590 1473 deinde
608 1441 713 1482 Syna
737 1439 973 1481 cognomina-

280 1492 338 1520 tus
373 1486 422 1518 sit
456 1485 491 1516 S.
532 1485 564 1525 l,
592 1487 649 1520 17,
674 1487 728 1516 27.
778 1484 971 1515 Cornelius

281 1542 345 1562 cur
368 1529 492 1571 Scipio
519 1533 669 1560 vocatus
692 1528 740 1559 sit
762 1528 797 1559 S.
825 1528 852 1567 1,
868 1531 900 1567 6,
916 1530 971 1559 26.

281 1575 354 1606 Cur
381 1574 491 1606 Asina
519 1574 565 1605 ib.
590 1575 645 1604 29.
701 1573 745 1613 Q.
777 1571 972 1603 Cornelius

280 1619 347 1657 Ill,
375 1620 428 1656 13,
460 1620 508 1648 11.

241 1663 366 1696 Cornix
386 1661 511 1693 cornici
535 1660 648 1691 oculos
671 1659 802 1701 effodit,
826 1670 972 1700 prover-

281 1707 381 1737 bium
402 1705 475 1743 ΥΙΙ,
502 1707 534 1743 5,
555 1708 587 1735 2.

237 1751 360 1782 Cornu
394 1748 617 1791 pellucidum
649 1750 778 1778 natura
815 1746 854 1778 C.
879 1746 915 1784 Ι,
939 1748 972 1784 3,

280 1797 336 1825 20.
386 1795 522 1825 Cornua
549 1791 620 1822 veli
648 1791 687 1830 Υ,
712 1793 768 1829 21,
794 1793 824 1820 5.

239 1840 393 1877 Cornus,
418 1838 527 1868 arbor
551 1835 658 1874 felix,
687 1834 750 1874 ΙΙΙ,
773 1837 828 1872 20,
850 1836 882 1865 2.

237 1884 403 1915 Coronae
445 1885 481 1912 et
524 1877 779 1910 huiuscemodi
821 1877 973 1909 donaria

282 1926 348 1964 111,
377 1928 428 1964 11,
451 1928 483 1957 6.
529 1925 673 1955 Corona
700 1922 846 1964 signum
875 1922 916 1953 C.
942 1921 971 1961 l,

288 1972 417 2009 1Q2r

237 2016 442 2046 Coronatus
467 2011 622 2054 populus
649 2009 682 2041 in
710 2008 808 2040 ludis
833 2007 973 2048 Apolli-

282 2057 432 2089 naribus
457 2059 623 2097 spectare
646 2054 767 2085 iussus
793 2052 827 2083 S.
856 2052 892 2091 Ι,
923 2055 973 2089 17,

282 2105 336 2132 29.
386 2098 558 2131 Coronati
588 2096 756 2139 magistri
783 2095 974 2127 introtule-

284 2148 365 2176 runt
389 2144 640 2184 acipenserem
665 2141 736 2179 ΙΙΙ,
761 2142 813 2178 16,
837 2143 867 2170 7.

239 2188 402 2228 Corpora
426 2186 566 2225 divina,
602 2184 696 2216 caeli
733 2187 768 2214 et
799 2182 973 2220 siderum,

286 2231 401 2272 prima
431 2229 593 2261 condidit
626 2227 747 2258 anima
772 2231 806 2257 et
836 2227 975 2257 anima-

285 2275 338 2305 vit
363 2273 400 2304 C.
428 2274 455 2311 Ι,
480 2274 532 2311 14,
557 2275 578 2302 8
617 2271 692 2311 (Cf.
712 2270 759 2306 ΙΙ,
785 2272 835 2308 17,
853 2273 911 2307 153
937 2269 973 2300 S.

284 2318 361 2357 vll,
391 2320 442 2357 15,
475 2317 545 2355 14.)
588 2315 690 2346 Unde
716 2313 877 2344 animata
902 2312 975 2343 sint

284 2362 332 2393 ib.
361 2364 413 2391 17.
466 2360 566 2390 Unus
593 2363 731 2389 tantum
763 2367 805 2387 ex
833 2360 973 2396 septem

285 2404 444 2437 motibus
471 2404 506 2434 in
541 2403 587 2434 iis
618 2401 803 2433 invenitur
830 2400 915 2437 ΥΙΙ,
941 2403 973 2437 9,

284 2452 316 2481 4.
382 2448 542 2488 Corpora
587 2446 724 2477 caduca
771 2443 974 2474 divinitatis

287 2492 419 2524 mentis
445 2491 541 2522 haud
574 2488 725 2531 capacia
750 2487 787 2518 C.
813 2488 839 2525 Ι,
869 2490 919 2525 14,
943 2490 974 2518 9.

284 2537 418 2567 Eorum
464 2534 612 2576 propria
650 2534 742 2564 haec
784 2532 853 2562 (luo
895 2542 976 2561 sen-

289 2580 357 2611 tire
391 2583 427 2610 et
460 2589 625 2609 crescere
658 2577 706 2608 ib.
741 2578 800 2613 10,
835 2577 891 2610 19,
919 2576 974 2605 23.

287 2623 476 2664 Quaedam
501 2623 587 2654 luna
614 2624 800 2652 crescente
827 2618 883 2649 vel
914 2618 972 2649 de-

287 2671 475 2698 crescente
500 2665 628 2707 augeri
658 2664 715 2695 vel
741 2661 855 2694 minui
882 2662 919 2692 C.
948 2662 975 2698 Ι,

289 2713 348 2747 11,
373 2714 403 2742 7.
448 2710 498 2740 Ex
526 2713 696 2750 quattuor
722 2706 914 2737 clementis
942 2709 977 2736 et

287 2754 404 2786 tribus
425 2764 550 2785 eorum
571 2750 785 2784 interstitiis
812 2752 979 2781 constant

287 2797 326 2828 C.
359 2800 392 2836 1,
416 2800 456 2836 6,
483 2799 538 2828 36.
587 2796 788 2836 Corporum
815 2797 977 2824 terreno-

287 2852 366 2873 rum
392 2845 426 2874 et
457 2850 673 2882 superorum
704 2837 914 2870 differentia
937 2835 974 2867 C.

963 14 1139 60 1NDEX

1074 125 1103 164 I,
1131 127 1181 165 12,
1210 126 1270 163 165
1298 126 1349 167 14,
1372 128 1487 167 Ssqq.
1519 124 1682 167 Corpora
1706 136 1764 157 so-

1075 168 1152 200 lida
1187 168 1319 210 quibus
1355 169 1644 202 dimensionibus
1680 180 1766 201 con-

1076 216 1174 244 stent
1204 213 1244 244 C.
1269 213 1305 252 l,
1328 215 1360 252 5,
1385 217 1425 253 93
1451 217 1484 253 6,
1510 216 1574 253 363
1602 214 1650 253 ΙΙ,
1674 216 1708 252 2,
1734 215 1766 245 3.

1077 256 1255 288 Soliditas
1275 256 1407 298 quibus
1434 258 1541 289 rebus
1567 262 1708 290 constet
1727 256 1765 289 C.

1077 300 1105 338 Ι,
1135 303 1176 339 5,
1204 304 1223 332 9
1249 312 1320 341 sq.;
1346 303 1385 339 6,
1408 303 1462 332 34.
1510 301 1650 344 Corpus
1678 301 1767 333 soli-

1079 345 1163 376 dum
1190 348 1246 376 est
1274 344 1480 376 octonarius
1507 345 1554 376 ib.
1585 348 1633 377 ll.
1679 345 1766 377 Cor-

1079 399 1206 429 porum
1250 387 1397 420 termini
1438 393 1522 420 sunt
1562 388 1768 431 incorporei

1078 432 1127 463 ib.
1155 434 1186 462 5.
1239 450 1273 454 —-
1307 431 1453 464 termini
1483 435 1565 464 sunt
1597 438 1770 474 quattuor

1080 475 1118 507 C.
1143 475 1176 513 I,
1201 478 1233 514 6,
1255 477 1309 507 36.
1359 475 1490 508 Omnia
1522 487 1674 518 corpora
1705 480 1769 509 aut

1080 519 1342 551 mathematica
1397 524 1481 551 sunt
1533 525 1596 552 aut
1649 520 1767 552 visum

1081 568 1264 595 tactumve
1301 563 1488 605 patiuntur
1525 563 1564 594 C.
1591 564 1625 603 Ι,
1652 566 1691 603 6,
1715 566 1770 595 35.

1082 607 1135 638 Cf.
1164 607 1203 638 C.
1231 607 1259 648 Ι,
1286 611 1316 647 5,
1344 611 1375 639 7.
1406 611 1442 639 et
1465 608 1520 646 Π,
1546 610 1579 647 2,
1601 609 1633 638 4.
1681 607 1769 639 Cor-

1083 662 1148 692 pus
1189 651 1454 692 geometricum
1490 651 1530 682 C.
1565 652 1602 690 l,
1639 654 1678 691 6,
1712 653 1769 683 22.

1079 695 1211 727 Omnia
1243 695 1438 737 superficie
1474 695 1649 727 finiuntur
1673 695 1711 727 C.
1741 695 1770 735 Ι,

1079 741 1118 778 5,
1155 742 1176 770 5
1214 750 1266 780 sq.
1332 739 1481 770 Nullum
1535 750 1665 780 corpus
1715 743 1772 770 est

1082 783 1227 823 proprie
1266 783 1411 823 plenum
1447 783 1494 814 ib.
1530 786 1561 814 3.
1611 783 1772 825 Corpora

1080 826 1269 857 metallica
1305 832 1408 858 vasta
1437 830 1521 858 sunt
1550 826 1588 857 C.
1617 827 1652 865 1,
1675 830 1716 865 5,
1738 829 1770 858 3.

1081 869 1196 901 Omne
1223 881 1354 911 corpus
1380 874 1435 902 est
1457 874 1587 902 natura
1612 870 1771 902 dissolu-

1081 913 1157 945 bile
1180 914 1256 953 ΥΠ,
1292 916 1345 952 12,
1369 917 1401 945 3.
1447 914 1587 955 Corpus
1610 918 1666 946 est
1688 915 1772 946 faex

1082 968 1202 989 rerum
1238 957 1442 989 divinarum
1480 957 1517 989 C.
1556 958 1588 996 1,
1621 961 1679 996 12,
1717 961 1770 989 15.

1085 1019 1119 1024 -
1146 1006 1201 1033 est
1228 1002 1382 1033 mortale
1404 1001 1462 1032 So.
1489 1004 1521 1042 8,
1540 1004 1571 1032 2.
1596 1001 1635 1033 C.
1655 1002 1771 1041 Π,12,

1081 1048 1113 1077 6.
1163 1046 1347 1086 Quamdiu
1379 1045 1562 1077 animetur
1592 1045 1629 1077 C.
1656 1046 1690 1084 l,
1717 1047 1771 1085 13,

1086 1091 1135 1120 11.
1180 1089 1335 1121 Fatiscit
1364 1089 1513 1131 inpletis
1538 1088 1699 1121 numeris
1724 1089 1773 1120 ib.

1084 1136 1136 1164 12.
1183 1134 1222 1164 ln
1264 1133 1411 1165 homine
1447 1144 1579 1174 corpus
1616 1137 1774 1165 tantum-

1083 1177 1189 1209 modo
1216 1178 1371 1209 mortale
1396 1181 1452 1208 est
1474 1177 1532 1208 So.
1551 1180 1583 1215 8,
1603 1180 1644 1216 2;
1671 1176 1708 1208 C.
1723 1176 1772 1217 II,

1083 1224 1142 1259 12,
1173 1224 1224 1253 10.
1277 1221 1449 1262 Corporis
1485 1221 1666 1252 densitate
1695 1220 1773 1252 ani-

1084 1276 1164 1297 mae
1195 1276 1281 1297 usus
1306 1265 1471 1297 hebescit
1503 1264 1539 1296 C.
1570 1265 1605 1304 Ι,
1631 1266 1688 1303 14,
1724 1265 1773 1296 14.

1084 1309 1256 1350 Corporis
1278 1309 1456 1351 cogitatio
1476 1308 1514 1340 C.
1543 1309 1570 1348 Ι,
1596 1312 1629 1345 8,
1654 1311 1688 1339 8.
1730 1324 1772 1331 -

1085 1353 1254 1394 contagio
1289 1353 1326 1384 C.
1360 1355 1392 1392 Ι,
1420 1355 1481 1391 11,
1512 1355 1563 1384 11.
1612 1352 1774 1393 Corpora

1083 1401 1208 1428 nostra
1233 1401 1316 1428 sunt
1337 1396 1444 1427 inferi
1465 1400 1498 1428 et
1525 1395 1668 1428 animae
1694 1406 1774 1427 car-

1085 1452 1146 1471 cer
1170 1445 1206 1471 et
1230 1441 1467 1481 sepulchrum
1492 1440 1528 1471 C.
1546 1440 1572 1480 1,
1594 1443 1645 1476 10,
1661 1442 1772 1480 9sqq.

1085 1484 1139 1515 Cf.
1165 1484 1222 1516 So.
1247 1486 1279 1520 3,
1305 1487 1336 1515 2.
1375 1484 1447 1514 Cur
1470 1495 1601 1524 corpus
1629 1483 1774 1514 dicatur

1085 1526 1193 1568 δέμας
1216 1532 1251 1559 et
1276 1527 1376 1567 σῶμα
1405 1527 1444 1558 C.
1469 1527 1499 1567 Ι,
1527 1530 1577 1565 11,
1605 1529 1637 1558 3.
1684 1527 1775 1558 Cor—

1087 1583 1152 1613 pus
1176 1576 1231 1602 est
1255 1571 1398 1602 animae
1423 1570 1588 1603 custodia
1609 1570 1668 1601 So.
1686 1572 1773 1609 3‚5;

1089 1617 1139 1653 14,
1164 1617 1194 1646 4.
1223 1616 1263 1646 C.
1286 1615 1456 1654 Ι,12,16.
1497 1633 1542 1639 —
1564 1613 1709 1645 sarcina
1733 1614 1774 1645 C.

1084 1659 1140 1698 ΙΙ,
1168 1662 1227 1697 17,
1258 1661 1306 1690 12.
1358 1660 1499 1698 Corpus
1533 1657 1673 1689 homini
1705 1668 1775 1689 non

1086 1706 1250 1742 praestat
1276 1706 1410 1734 motum
1438 1703 1477 1733 C.
1500 1702 1545 1740 Π,
1573 1704 1622 1742 15,
1637 1704 1682 1733 28
1698 1712 1774 1742 sqq.

1084 1747 1169 1778 Ideo
1193 1757 1259 1777 non
1286 1745 1460 1777 inmobile
1490 1750 1563 1784 est,
1595 1745 1679 1786 quia
1706 1755 1775 1776 non

1084 1790 1231 1821 videtur
1254 1789 1388 1831 agitari
1414 1790 1451 1821 C.
1474 1790 1521 1827 Π,
1544 1793 1596 1828 16,
1614 1792 1644 1821 9.
1677 1789 1776 1829 Quo-

1084 1835 1189 1866 modo
1213 1834 1443 1865 contineatur
1456 1833 1533 1872 ΥΠ,
1557 1836 1605 1871 12,
1620 1834 1653 1863 3.
1685 1833 1775 1864 Cor—

1087 1889 1172 1919 pora
1197 1878 1355 1909 humana
1382 1878 1460 1908 sola
1483 1881 1566 1908 sunt
1591 1880 1711 1908 erecta
1735 1876 1775 1907 C.

1084 1922 1121 1960 Ι,
1158 1924 1217 1961 14,
1258 1924 1290 1952 9.
1361 1921 1524 1952 Membra
1567 1920 1776 1962 septenario

1086 1966 1329 2006 disponuntur
1354 1965 1394 1996 C.
1420 1964 1454 2003 1,
1479 1967 1517 2002 6,
1540 1968 1593 1995 77.
1639 1963 1776 2005 Corpo-

1086 2021 1164 2040 rum
1193 2013 1312 2040 motus
1338 2012 1422 2040 sunt
1446 2012 1585 2048 septem
1617 2008 1655 2039 C.
1683 2007 1716 2046 1,
1743 2009 1777 2047 6,

1086 2056 1148 2092 313
1176 2053 1250 2089 Υ1Ι,
1270 2056 1302 2092 9,
1329 2055 1359 2083 3.
1409 2070 1447 2074 -
1474 2056 1612 2093 septem
1639 2051 1777 2092 gradus

1088 2101 1124 2128 et
1158 2100 1277 2137 partes
1311 2095 1461 2127 totidem
1501 2095 1701 2126 exteriores
1737 2094 1764 2125 C

1087 2140 1120 2178 l,
1143 2142 1184 2175 6,
1207 2142 1248 2170 79
1273 2151 1323 2179 sq.
1373 2139 1475 2170 Vires
1507 2138 1638 2178 quibus
1667 2138 1776 2169 rebus

1087 2183 1245 2214 maxime
1272 2183 1487 2213 roborentur
1511 2182 1546 2213 S.
1573 2182 1607 2219 Ι,
1639 2184 1695 2221 12,
1717 2183 1774 2211 33.

1094 2226 1251 2266 Corporis
1272 2237 1354 2257 usus
1376 2227 1417 2256 C.
1441 2226 1468 2264 Ι,
1492 2228 1525 2263 8,
1551 2227 1582 2256 4.
1630 2226 1776 2266 Corpore

1087 2270 1139 2301 uti
1173 2271 1212 2301 C.
1244 2269 1282 2308 Ι,
1314 2273 1353 2309 9,
1389 2272 1416 2300 1.
1475 2270 1604 2310 Corpus
1639 2267 1776 2299 ventris

1087 2313 1169 2351 ΥΠ,
1196 2316 1236 2352 8,
1264 2317 1294 2344 7.
1344 2331 1386 2335 —
1410 2312 1509 2344 sedis
1544 2311 1678 2354 unguis
1699 2311 1776 2350 vll,

1086 2358 1198 2395 21ss

1047 2400 1244 2441 Corporalis
1270 2399 1308 2430 C.
1335 2399 1368 2437 Ι,
1397 2400 1457 2436 14,
1481 2399 1512 2429 4.
1563 2397 1777 2439 corporalia

1087 2455 1167 2474 esse
1191 2443 1359 2474 videntur
1384 2442 1421 2473 C.
1446 2442 1480 2480 I,
1504 2444 1535 2480 6,
1569 2444 1620 2472 19.

1049 2489 1238 2529 Corporens
1270 2498 1303 2527 p.
1337 2497 1441 2517 xmn.
1491 2486 1696 2526 Corporeae
1730 2483 1776 2514 il-

1090 2532 1258 2562 lecebrae
1293 2531 1332 2561 C.
1368 2529 1401 2568 Ι,
1433 2531 1490 2568 13,
1523 2532 1554 2561 6.
1602 2526 1776 2568 Coi-porei

1089 2579 1207 2606 motus
1233 2574 1310 2609 ΥΙΙ,
1333 2576 1365 2611 9,
1392 2575 1423 2603 3.

1050 2618 1274 2660 Corpulentus
1299 2617 1339 2648 C.
1366 2616 1391 2654 Ι,
1417 2618 1449 2653 6,
1474 2617 1533 2651 35;
1559 2617 1620 2652 22,
1646 2615 1677 2644 5.

1045 2661 1314 2701 Coruncanius,
1345 2657 1623 2699 antiquissimus
1652 2655 1710 2688 vir
1736 2655 1774 2687 S.

1050 2728 1218 2780 Corusc'us
1249 2747 1429 2777 cristarum
1460 2744 1532 2775 luce
1564 2742 1609 2781 Υ,
1637 2743 1696 2781 11,
1720 2743 1775 2772 29.

1089 2791 1166 2823 ΥἰιΙ.
1191 2793 1263 2822 not.
1292 2789 1336 2819 ad
1363 2790 1384 2825 S
1409 2790 1464 2818 26.

1045 2834 1155 2867 Corvi
1177 2834 1396 2865 salutatores
1420 2830 1456 2862 S.
1482 2829 1528 2870 11,
1552 2830 1584 2869 4,
1604 2830 1657 2861 29.
1685 2827 1775 2860 Cor-
