1845 3126
187 59 241 100 70
820 53 1096 96 MACROBII

189 170 419 213 voluerunt;
449 166 673 219 Ianumque
704 163 752 205 ab
776 164 908 206 eundo
940 165 1102 214 dietum,
1134 165 1242 220 quod
1269 165 1442 207 mundus
1470 179 1625 221 semper
1652 171 1726 216 eat,

121 227 308 281 [waldum
344 224 383 263 in
420 222 556 263 orbem
595 220 766 262 volvitur
801 226 840 262 et
881 235 927 262 ex
962 235 1003 262 se
1034 221 1188 263 initium
1222 221 1366 263 faciens
1398 222 1437 263 in
1469 237 1510 263 se
1537 223 1726 264 refertur:

186 282 294 323 unde
319 285 358 320 et
384 277 623 320 Cornificius
642 278 881 332 Etymorum
909 277 1010 319 libro
1040 278 1177 319 tertio:
1205 279 1348 328 Cve-ero,
1378 278 1520 333 inquit,
1546 295 1628 321 non
1661 280 1726 321 Ia-

125 339 174 379 1⁶2
187 353 280 379 num
305 336 371 377 sed
394 336 552 376 Eanum
580 342 769 382 nommat,
798 335 844 375 ab
872 335 1009 375 eundo.
1076 334 1180 375 Hinc
1211 340 1249 376 et
1278 335 1497 398 Phoenices
1535 335 1574 375 in
1606 336 1726 376 saeris

187 393 397 447 imaginem
439 391 524 432 eius
569 391 833 445 exprimentes
873 390 1083 431 draconem
1131 390 1330 432 finxerunt
1376 391 1415 431 in
1458 392 1593 431 orbem
1638 392 1725 432 red-

186 455 318 490 actum
351 448 598 501 caudamque
631 461 741 488 suam
773 447 1045 495 devorantem,
1091 452 1136 487 ut
1166 453 1353 511 appareat
1383 447 1575 488 mundum
1608 453 1648 488 et
1680 461 1728 488 ex

124 506 173 547 13
188 520 229 547 se
259 506 346 560 ipso
380 504 429 545 ali
458 510 497 545 et
526 519 563 544 1n
596 517 636 544 se
665 503 823 544 revolvi.
887 504 983 544 Ideo
1014 509 1053 544 et
1080 503 1185 558 apud
1216 518 1290 544 nos
1317 505 1353 544 in
1379 509 1570 558 quattuor
1597 509 1729 559 partes

188 567 360 625 spectat,
402 565 448 601 ut
479 560 726 601 demonstrat
758 560 1041 601 simulachrum
1074 559 1159 600 eius
1190 559 1338 600 Faleris
1368 560 1589 601 advectum.
1650 559 1727 601 Ga-

188 618 276 659 vius
305 618 454 658 Bassus
485 617 524 657 in
554 631 600 658 eo
634 616 735 657 libro
769 630 887 671 quem
920 616 969 658 de
1000 616 1059 657 dis
1095 616 1310 679 conposuit
1339 617 1480 658 Ianum
1516 615 1728 657 bifrontem
1784 652 1788 657 .

190 674 284 727 fingi
315 674 386 723 ait,
434 672 547 727 quasi
580 686 768 727 superum
803 678 924 727 atque
962 672 1131 713 inferum
1164 672 1391 714 ianitorem:
1433 672 1603 714 eundem
1633 686 1731 727 qua-

126 705 441 780 14dris0rme'm‚
488 729 602 784 quasi
637 728 821 770 universa
860 729 1017 770 elimata
1052 729 1259 770 maiestate
1289 729 1540 784 conplexum
1604 728 1728 771 Salio-

277 842 380 885 [uss.
407 842 573 875 ABGPS.

188 897 259 929 GS.
283 916 325 920 —
352 898 529 939 corflcius
551 897 773 939 ethymoram
797 896 834 928 A.

187 942 223 973 S.
249 961 291 964 —
317 943 366 973 ali
391 954 459 973 om.
487 943 529 974 G.
577 942 657 974 add.
681 952 701 973 a
725 953 798 973 sec.
824 953 868 974 m.
896 940 938 972 B.

188 986 217 1017 B
242 997 262 1018 a
285 998 357 1018 see.
385 999 432 1018 m.
444 987 518 1027 ;.G
541 1005 583 1011 ——-
615 987 783 1018 Phaleris
807 996 858 1017 en.
911 987 1075 1018 Phalaris
1099 985 1153 1024 (in
1179 996 1251 1027 mg.

188 1042 213 1073 g
234 1042 304 1062 om.
331 1033 482 1073 opinor).
516 1050 557 1054 —
595 1032 778 1063 adiectum
804 1032 860 1062 x:.3
887 1031 953 1070 „In
980 1030 1118 1072 scripto
1144 1035 1224 1062 erat
1247 1031 1436 1070 adactum,
1462 1029 1554 1071 quod
1582 1029 1648 1061 alii
1672 1040 1733 1061 co-

189 1075 398 1118 gitaluint.“
425 1077 527 1108 Pont.
576 1076 619 1108 At
644 1075 678 1107 in
705 1076 731 1108 A
761 1075 899 1119 legitur
919 1076 1121 1108 advectum.
1146 1094 1188 1099 ——
1220 1075 1325 1107 Cacus
1348 1075 1425 1113 (vel
1455 1076 1500 1112 ()
1523 1085 1602 1117 v-g.
1627 1073 1671 1115 (h
1696 1073 1733 1105 in

187 1131 261 1162 mg.
294 1121 459 1160 „Gauius
485 1121 615 1153 Bassus
648 1123 735 1153 ant}
740 1121 769 1161 “)
838 1121 980 1152 Gabius
1015 1121 1092 1152 ιιιΙῑ
1123 1119 1282 1159 Μειινες
1327 1119 1536 1151 Scriverius
1570 1118 1735 1151 defendit

193 1144 337 1197 Gavius.
362 1183 407 1188 —
434 1166 565 1197 Bassus
588 1165 672 1197 add.
696 1176 717 1198 a
742 1176 815 1197 sec.
841 1176 885 1197 ιιι.
909 1165 952 1197 G.
977 1184 1014 1188 —
1045 1165 1146 1207 qnasi
1168 1187 1176 1196 .
1195 1190 1203 1197 .
1221 1188 1229 1196 .
1257 1165 1527 1207 quadriformem
1554 1175 1624 1196 om.
1650 1163 1687 1196 h.

931 899 981 928 12.
1013 897 1177 929 mundum
1202 907 1242 928 ex
1267 897 1340 939 ipso
1367 897 1418 929 ali
1440 899 1531 936 (om.
1559 900 1591 928 et
1616 898 1652 927 et
1677 897 1730 933 se)

1034 944 1083 974 13.
1130 941 1300 983 Ideoque
1324 946 1355 973 et
1380 941 1417 973 S.
1439 959 1484 966 -
1508 941 1732 972 demonstret

1280 986 1472 1025 ,l‘aleriis,
1496 984 1635 1027 opinor
1641 987 1663 1002 ⁶⁶
1685 984 1732 1024 h,
1722 996 1731 1004 ·

188 1278 262 1307 not.
285 1275 328 1307 ad
355 1274 494 1307 Comm.
519 1275 547 1315 1,
572 1278 628 1316 20,
653 1278 686 1307 8.
712 1279 747 1308 et
771 1286 863 1317 quae
889 1286 931 1307 ex

187 1320 346 1352 Arnobio
373 1325 408 1352 et
434 1320 563 1352 Servio
587 1319 694 1352 attuli
719 1321 762 1352 ad
793 1320 829 1351 h.
857 1331 886 1351 c.
914 1319 930 1361 ἕ

189 1368 221 1397 9.
266 1365 367 1396 Adde
397 1376 438 1396 ex
466 1364 567 1398 Serv.
605 1365 627 1397 l.
662 1376 714 1396 c.=
753 1366 826 1397 Alii
865 1365 930 1396 Ia-

188 1421 284 1441 num
335 1410 528 1441 mundum
580 1410 776 1452 accipiunt,
833 1410 931 1441 cuins

189 1455 314 1486 caulae
357 1455 434 1485 ideo
469 1454 504 1485 in
538 1465 624 1496 pace
662 1455 804 1486 clausae
837 1459 929 1486 sunt.

190 1500 280 1540 quod
315 1499 465 1530 mundus
498 1499 652 1540 undique
689 1499 828 1530 clausus
866 1503 927 1530 est.

191 1543 296 1575 Ovid.
323 1542 420 1574 Fast.
456 1543 484 1584 Ι,
519 1546 578 1574 117
603 1554 701 1584 sqq.;
737 1542 860 1585 Lydus
886 1543 930 1574 de

190 1598 305 1619 mens.
335 1587 399 1627 IV,
424 1590 464 1625 23
507 1588 619 1619 Varro
649 1598 706 1629 ap.
734 1587 930 1628 Augustin.

190 1632 235 1662 ‹le
260 1632 328 1663 civ.
358 1632 391 1663 d.
418 1632 494 1672 ΙῚΙ,
517 1635 550 1663 8.
588 1632 760 1663 Mueller.
783 1631 932 1663 Etrnsk.

190 1677 236 1708 ll.
256 1688 290 1718 p.
312 1679 366 1708 58.
416 1677 490 1708 Ιῐᾱ.
519 1680 593 1708 not.
618 1678 659 1708 nd
685 1688 716 1708 e.
742 1679 773 1707 7.
798 1678 818 1716 ἓ
843 1679 898 1708 20.

237 1732 427 1774 Ianumque
463 1733 505 1763 ab
545 1733 655 1764 eundo
694 1731 836 1773 (lictum]
875 1731 930 1763 Cf.

188 1775 292 1808 Serv.
321 1777 342 1807 Ι.
368 1788 395 1807 c.
426 1777 575 1817 Quidam
605 1777 758 1808 Ianum
791 1777 929 1808 Eanum

189 1821 306 1853 dicunt
330 1822 375 1853 ab
401 1833 479 1853 cun
492 1822 553 1861 do,
573 1831 716 1863 eumque
742 1831 812 1852 esse
830 1821 928 1852 Mar-

190 1870 265 1897 lem.

239 1920 370 1961 Cicero]
398 1919 476 1952 x‘id.
505 1922 578 1951 not.
604 1919 647 1951 ad
673 1921 692 1959 S
718 1922 750 1951 7.

233 1977 287 2005 12.
338 1975 521 2006 Phoenices
545 1998 553 2005 .
571 1997 578 2005 .
612 1974 793 2006 draconem
809 1977 928 2017 sinme—

188 2018 281 2060 runl]
328 2019 407 2050 vid.
446 2030 538 2060 quae
575 2019 618 2049 de
651 2018 777 2050 Oanne
817 2019 928 2052 tradit

189 2063 395 2095 Creuzerus
421 2063 447 2094 1.
474 2074 506 2104 p.
532 2065 585 2094 60.
606 2066 641 2094 et
661 2063 727 2094 III.
751 2075 784 2105 p.
809 2067 886 2096 634.

235 2121 287 2149 13.
336 2119 371 2150 in
418 2122 582 2170 quattuor
622 2122 742 2169 partes
783 2119 927 2171 spectat]

189 2162 245 2194 Cf.
272 2162 404 2194 Suidas
432 2174 459 2194 s.
486 2173 519 2194 v.
541 2158 779 2202 Ἰανουᾶριοςε
805 2158 927 2215 ἄγαλ-

186 2217 243 2248 μα
279 2203 597 2259 τετράμορφον
629 2204 705 2238 διὰ
734 2217 812 2245 τας
841 2204 927 2239 τέσ-

188 2260 328 2293 σαρας
362 2249 552 2305 τροπάς.
619 2250 792 2284 Laurent.
835 2251 926 2294 Lyd.

188 2296 255 2335 IV,
288 2299 316 2328 1.
360 2293 465 2328 ἔνθεν
498 2294 558 2327 καὶ
597 2292 926 2338 τετράμορφον,

187 2336 269 2371 ἀπὸ
300 2340 385 2372 τῶν
415 2337 635 2381 τεσσάρων
658 2340 850 2382 τροπῶν,
889 2345 925 2372 ct

186 2384 291 2416 Serv.
319 2385 363 2416 ad
398 2385 496 2427 Ιίτς.
526 2386 612 2416 Aen.
643 2385 724 2424 ΙΙΙ,
751 2388 829 2416 607.
866 2385 924 2416 Ια-

185 2441 268 2461 num
305 2440 388 2461 sane
423 2430 518 2472 apud
556 2429 691 2471 aliquos
727 2429 923 2469 bifrontem,

186 2474 283 2516 apud
307 2474 444 2515 aliquos
469 2474 820 2516 quadrifrontem
853 2485 924 2506 esse

185 2530 253 2549 non
278 2519 403 2550 mirum
432 2523 493 2550 est.
548 2519 638 2550 Nam
663 2519 727 2550 alii
753 2529 829 2550 eum
854 2519 925 2551 diei

185 2563 361 2594 dominum
384 2563 524 2601 volunt,
550 2563 585 2594 in
611 2574 677 2604 quo
701 2568 796 2595 ortus
822 2568 870 2595 est
893 2568 924 2596 et

185 2618 344 2639 occasus.-
383 2608 448 2639 alii
479 2608 565 2639 anni
595 2608 716 2646 totius,
754 2619 850 2650 quem
883 2608 924 2640 in

185 2657 391 2692 quattuor
438 2657 631 2695 tempora
677 2658 810 2685 constat
854 2663 924 2684 esse

184 2696 348 2737 divisum,
393 2699 430 2728 et
474 2696 521 2728 ib.
565 2697 608 2728 ad
653 2707 685 2728 v.
731 2699 807 2728 610.
860 2697 924 2729 alii

185 2746 388 2780 quattuor
417 2741 471 2779 (ei
497 2741 674 2773 dederunt
700 2741 835 2780 facies)
866 2752 921 2773 se·-

183 2785 330 2816 cundum
356 2791 519 2827 quattuor
541 2791 657 2829 partes
682 2787 816 2818 mundi.
849 2785 922 2818 Au-

182 2828 319 2870 gustin.
348 2830 390 2860 de
415 2830 483 2862 civ.
509 2830 542 2862 d.
569 2830 645 2871 ΙΙΙ,
671 2833 702 2862 8.
735 2832 818 2863 Cum
843 2841 922 2863 vero

182 2883 257 2903 eum
296 2874 439 2912 faciunt
487 2875 841 2916 quadrifrontem
890 2879 922 2908 et

183 2917 332 2948 Ianum
375 2917 591 2950 Geminum
629 2920 830 2961 appellant,
874 2919 922 2951 ad

180 2965 343 3001 quattuor
366 2962 486 2994 mundi
509 2967 628 3005 partes
659 2963 720 2995 hoc
751 2963 920 3006 interpre-

1000 1281 1132 1308 tantur.
1178 1274 1310 1307 Isidor.
1338 1273 1443 1318 Orig.
1471 1274 1571 1315 Ι”ΙΙΙ,
1602 1276 1654 1314 11,
1679 1275 1734 1307 37.

1000 1320 1171 1352 Mueller.
1196 1319 1348 1351 Etruslr.
1380 1320 1424 1351 ll.
1451 1331 1483 1361 p.
1507 1321 1563 1351 39.

1041 1365 1284 1396 simulachrum
1305 1365 1377 1396 eius
1391 1365 1523 1396 Faleris
1537 1364 1734 1407 advectum]

1000 1410 1202 1441 Pontnnum
1230 1409 1301 1440 hue
1331 1409 1524 1440 reserenda
1558 1419 1638 1440 esse
1668 1419 1736 1451 pu-

1000 1459 1134 1486 tantem
1162 1454 1270 1486 verba
1289 1452 1466 1494 Stephani
1491 1453 1535 1485 (le
1564 1453 1736 1485 urbibus:

1003 1495 1154 1539 Φιίλαρα
1179 1494 1279 1535 πόλις
1309 1497 1523 1539 Θετταλίας,
1560 1498 1738 1530 refutavit

998 1542 1158 1574 Zeunius
1198 1542 1417 1575 subiiciens:
1461 1542 1639 1582 „Servius
1677 1542 1737 1584 [ad

999 1587 1098 1629 Yirg.
1120 1587 1205 1618 Aen.
1229 1587 1304 1627 ΙΙΙ,
1322 1587 1416 1628 607]
1444 1598 1586 1628 quoque
1610 1592 1739 1619 auctor

997 1636 1054 1664 est
1083 1632 1207 1663 Ianum
1243 1631 1529 1672 quadriformem
1561 1643 1603 1663 ex
1635 1631 1737 1664 Fali-

999 1676 1051 1708 «εἰς
1081 1677 1173 1716 (leg.
1209 1676 1373 1715 Faliscis)
1408 1675 1481 1717 [ed.
1510 1675 1613 1707 Lion.
1642 1677 1738 1709 ΡΙια-

998 1721 1090 1762 leris]
1125 1720 1285 1752 Tusciae
1309 1720 1459 1752 civitate
1484 1720 1602 1762 captis
1625 1720 1659 1752 in
1683 1721 1739 1753 fo-

1000 1777 1077 1797 rum
1105 1764 1359 1796 transitorium
1391 1765 1543 1797 Romam
1580 1766 1737 1798 transla-

997 1815 1071 1842 tum
1107 1809 1235 1841 fuisse.
1292 1810 1525 1851 Quapropter
1565 1810 1737 1843 existimo

994 1854 1224 1886 Mam-obium
1257 1853 1452 1895 scripsisse
1480 1855 1660 1888 Falerls.‘⁶
1693 1873 1737 1878 —

996 1899 1116 1930 Etiam
1149 1898 1261 1930 Varro
1293 1898 1332 1929 L.
1364 1898 1402 1930 Ιι.
1436 1899 1481 1935 V.
1513 1901 1583 1930 162.
1624 1899 1737 1932 habet

1000 1944 1144 1975 Faleris.
1171 1943 1249 1974 Yid.
1273 1946 1346 1974 not.
1368 1942 1539 1974 Mueller-i
1565 1943 1608 1975 ad
1625 1944 1664 1984 V,
1681 1945 1734 1976 33.

998 1987 1049 2019 De
1077 1998 1114 2019 re
1141 1987 1211 2019 vid.
1239 1987 1395 2019 Merkel.
1420 1988 1464 2019 ad
1502 1987 1606 2020 ovid.
1635 1988 1737 2021 Fast.

997 2043 1030 2074 p.
1057 2042 1215 2063 ccxxvii.

1045 2076 1178 2108 Gavius
1205 2077 1336 2107 Bassus
1361 2075 1444 2128 cet.]
1476 2074 1530 2108 cf
1561 2076 1736 2109 Laurent.

995 2119 1085 2173 Lyd.
1119 2120 1184 2160 1Ι
1207 2123 1239 2151 2.
1267 2115 1307 2151 O
1337 2118 1374 2151 δὲ
1405 2117 1540 2158 Γᾶὶος
1570 2118 1737 2160 Βάσσος

995 2161 1038 2196 ἒν
1066 2164 1120 2208 τῷ
1155 2163 1255 2206 περὶ
1287 2163 1405 2196 θεῶν
1440 2164 1596 2217 δαίμονα
1622 2161 1737 2197 αὐτὸν

995 2204 1087 2240 εἶναι
1100 2199 1240 2249 νομίζει
1272 2206 1536 2261 vetayas'vov
1561 2207 1628 2242 ἐπὶ
1653 2209 1734 2242 τοῦ

995 2248 1145 2306 αέρος,
1178 2251 1249 2284 καὶ
1284 2248 1333 2284 δι’
1367 2249 1506 2285 αὐτοῦ
1538 2249 1618 2291 τὰς
1647 2253 1737 2286 τῶν

996 2293 1248 2339 ἀνθρώπων
1270 2292 1403 2348 εὐχὰς
1424 2292 1736 2343 ἀναφέρεσθαι

991 2343 1067 2379 τοῖς
1088 2341 1272 2395 κρείττοσι.
1306 2337 1418 2391 ταύτῃ
1445 2340 1623 2394 δίμορφος
1645 2344 1737 2374 εἶναι

991 2383 1139 2438 λέγεται
1162 2382 1198 2417 ἔκ
1231 2396 1267 2417 τε
1301 2384 1365 2425 τῆς
1394 2382 1484 2426 πρὸς
1512 2382 1607 2428 ἡμᾶς
1638 2383 1674 2419 ἔκ
1697 2396 1736 2419 τε

991 2430 1056 2472 τῆς
1073 2427 1165 2472 πρὸς
1182 2426 1298 2468 θεοὺς
1317 2427 1444 2471 ὄψεως.

1035 2476 1198 2507 universa
1220 2474 1374 2515 climata]
1392 2474 1417 2505 Ι
1423 2474 1543 2525 idettur
1566 2477 1735 2516 spectare

992 2519 1037 2552 ad
1078 2522 1252 2561 quattuor
1289 2518 1383 2551 caeli
1423 2517 1608 2560 regiones.
1655 2518 1734 2551 wid.

992 2575 1104 2604 supra
1141 2566 1199 2605 et·
1213 2564 1256 2595 cf.
1295 2562 1497 2595 Herodian.
1535 2563 1588 2604 ΙΙ,
1613 2564 1675 2603 11,
1699 2566 1734 2595 8.

1000 2605 1098 2641 Οὐδὲ
1120 2619 1153 2639 τι
1174 2599 1220 2648 ἢν
1240 2606 1305 2649 γῆς
1326 2605 1433 2660 μέρος
1458 2602 1480 2648 ἤ
1504 2605 1639 2659 κλίμα
1664 2617 1733 2639 ου-

996 2652 1139 2705 ρανοῧ
1171 2650 1262 2684 όπου
1292 2662 1340 2693 μη
1372 2647 1543 2692 Ρωμαῖοι
1572 2648 1638 2692 τὴν
1669 2646 1733 2694 ἅρ-

994 2695 1061 2739 χὴν
1085 2693 1269 2735 ἐξέτειναν.

1039 2742 1091 2772 14.
1142 2739 1333 2780 Saliorum]
1363 2737 1418 2771 Cf.
1444 2737 1615 2770 Laurent.
1641 2737 1733 2791 Lyd.

992 2784 1058 2824 lv,
1081 2786 1114 2815 2.
1155 2783 1385 2816 Δυοκαίδεκα
1420 2779 1610 2836 πρυτάνεις
1641 2779 1733 2824 πρὸς

989 2828 1055 2860 τοῦ
1082 2828 1216 2881 Νουμᾶ
1247 2823 1334 2865 τοὺς
1368 2824 1611 2879 καλουμένους
1648 2826 1731 2858 Σα-

989 2871 1113 2910 λίους
1124 2868 1343 2927 ορισθῆναί
1368 2880 1501 2924 φασιν,
1541 2867 1731 2925 ’ὑμνοῦν-

988 2928 1067 2955 τας
1088 2913 1168 2949 τὸν
1190 2912 1336 2949 Ἰανὸν
1357 2912 1449 2948 κατὰ
1473 2913 1537 2949 τὸν
1559 2915 1631 2949 τῶν
1643 2911 1731 2948 Ιτα-

989 2961 1095 2994 λικῶν
1117 2959 1242 3003 μηνῶν
1266 2956 1437 3003 ἄριθμόν.
