1871 3126
215 47 299 89 220
849 41 1123 84 MACROBII

154 159 438 200 l5nominant.
502 152 662 192 Marcus
698 151 816 192 etiam
847 152 947 193 Cato
982 152 1046 192 ille
1074 152 1289 193 Censorius
1328 159 1466 206 argute
1503 154 1622 195 iocari
1661 155 1751 196 soli-

217 221 281 256 tus
319 217 388 253 est.
448 210 603 249 Horum
637 221 710 247 nos
743 208 791 247 al)
826 206 972 248 invidia
1004 207 1177 248 muniret
1211 209 1444 259 auctoritas,
1494 211 1647 251 etiamsi
1680 225 1751 251 no-

218 270 307 311 stris
338 265 629 307 carillaremur:
668 268 707 303 at
736 277 827 303 cum
859 263 1057 303 veteribus
1088 263 1191 303 (licta
1217 263 1449 313 reseramus,
1492 266 1576 320 ipsa
1612 267 1753 320 utique

217 330 425 366 auctorum
462 319 652 372 (lignitate
683 319 941 359 defendimur.
1001 318 1041 359 Si
1072 332 1166 371 ergo
1197 319 1374 373 probatis
1403 320 1618 371 inventum,
1649 322 1753 375 agite

218 380 327 435 quod
363 377 508 430 cuique
547 375 595 414 (le
631 374 745 414 dictis
782 375 926 414 talibus
963 373 1001 414 in
1038 379 1208 414 mentem
1244 375 1375 415 veniet
1404 375 1574 416 vicissim
1603 391 1752 418 memo—

155 438 313 478 lssriam
338 438 514 474 nostram
548 430 755 471 excitando
787 430 1015 470 reseramus.
1074 430 1232 469 Placuit
1262 430 1455 471 universis
1487 431 1657 472 laetitiae
1687 447 1752 473 ex-

217 492 389 545 cogitata
430 486 642 528 sobrietas:
689 491 729 526 et
756 491 802 526 ut
830 487 1106 527 Praetextatus
1142 485 1368 540 incipiendo
1398 487 1675 528 auctoritatem
1706 488 1754 528 (le

216 546 395 600 exemplo
423 543 629 598 praeberet
658 541 803 582 hortati
833 547 936 582 sunt.

329 603 381 642 ΙΙ.
442 600 545 639 Tum
577 597 659 638 ille:
690 598 854 638 Dictum
882 597 972 638 Yolo
1000 596 1126 637 hostis
1158 595 1315 644 referre,
1344 596 1413 637 sed
1443 597 1535 637 victi
1567 602 1606 638 et
1641 598 1754 638 cuius

217 657 409 701 memoria
450 655 643 694 instaurat
682 655 955 694 Romanorum
998 652 1234 706 triumphos.
1309 653 1506 693 Hannibal
1550 653 1753 707 Carthagi-

217 714 365 756 niensis
395 711 498 764 apud
527 724 658 762 regem
690 708 934 750 Antiochum
964 708 1153 762 profugus
1183 707 1419 748 facetissime
1449 709 1648 750 cavillatus
1685 714 1756 750 est.

178 773 277 814 2Ea
317 767 510 809 cavillatio
544 765 822 806 huiuscemodi
859 764 943 805 suit.
1005 764 1253 817 Ostendebat
1278 764 1503 805 Antiochus
1538 765 1578 804 in
1613 779 1754 819 campo

214 826 352 880 copias
381 824 560 877 ingentes
591 835 689 875 quas
720 821 867 861 bellum
900 819 1049 874 populo
1080 813 1752 874 Romano'⁷*ffififfiffi{gffibsfffffsslffive-

216 889 295 931 rat,
339 876 931 931 corwertelmtque‘exercitum
968 873 1188 927 insignibus
1224 876 1418 927 argenteis
1453 873 1491 916 et
1512 870 1650 916 ‘aureis
1683 877 1754 917 sso-

152 934 414 995 [ss'sirontemz
456 934 670 974 inducebat
701 932 820 972 etiam
851 944 990 972 currus
1021 944 1110 970 cum
1142 930 1304 971 falcibus
1336 936 1375 971 et
1402 931 1633 985 elephantos
1664 946 1755 972 cum

216 993 394 1035 turribus
438 989 741 1043 equitatumque
785 987 903 1027 frenis
949 992 987 1027 et
1032 986 1248 1040 ephippiis,
1293 986 1507 1027 monilibus
1547 1001 1591 1027 ac
1626 987 1754 1028 faleris

217 1048 539 1104 praefulgentem.
598 1048 733 1097 Atque
763 1044 815 1084 ibi
847 1057 916 1083 rex
946 1041 1281 1095 contemplatione
1313 1042 1411 1082 tanti
1446 1047 1485 1082 et
1513 1047 1594 1083 tam
1628 1044 1756 1083 ornati

219 1103 415 1146 exercitus
446 1101 731 1154 gloriabundus
764 1098 1026 1140 Hannibalem
1057 1097 1198 1151 aspicit
1226 1102 1282 1137 et:
1312 1098 1755 1152 Rutasueffinquisssa-

179 1162 265 1204 Stis
304 1175 380 1200 esse
413 1158 605 1207 Romanis
636 1156 929 1198 haecomnia?
1001 1155 1114 1194 Tunc
1149 1154 1311 1193 Poenus
1355 1153 1517 1194 eludens
1562 1154 1754 1208 ignaviam

219 1214 501 1268 inbelliamque
531 1212 700 1254 militum
731 1211 815 1253 eius
846 1210 1018 1266 pretiose
1047 1214 1308 1250 armatorum:
1347 1210 1497 1265 Plane,
1517 1209 1664 1264 inquit,
1693 1226 1755 1253 sa-

306 1327 410 1369 [Mss.
441 1323 636 1356 ABGPSV.

218 1381 348 1424 „Nihil
374 1380 409 1412 id
435 1379 541 1421 novi,
577 1389 658 1410 nam
687 1378 759 1409 iam
788 1378 964 1409 docuerat
989 1387 1031 1408 ex
1056 1375 1244 1407 Cicerone.
1291 1374 1359 1407 Sed
1385 1374 1485 1406 aliud
1514 1375 1594 1407 vult
1619 1378 1654 1408 et
1678 1387 1755 1408 ser-

219 1431 278 1459 vat
298 1426 405 1466 liber,
424 1424 460 1456 in
484 1435 572 1464 quo:
599 1423 782 1455 dicteria.“
805 1422 908 1454 Pont.
1045 1423 1098 1452 15.
1137 1420 1298 1452 censeri
1323 1423 1420 1462 (sup.
1448 1420 1574 1459 iocari)
1600 1420 1643 1452 G.
1667 1438 1707 1443 —
1734 1432 1756 1452 a

217 1471 386 1504 veteribus
413 1479 490 1510 v-g.
512 1485 554 1490 —
578 1468 758 1499 excitando
781 1469 980 1506 referemus
1012 1468 1111 1506 (sup.
1137 1464 1217 1496 add.
1242 1465 1276 1503 r)
1302 1463 1343 1495 B.
1482 1466 1532 1495 16.
1572 1465 1692 1497 etiam
1720 1470 1757 1498 ut

217 1517 245 1549 A
272 1514 416 1557 punctis
441 1512 572 1554 positis
593 1513 660 1543 sub
682 1512 773 1549 imru
797 1510 891 1550 „B“.
937 1515 968 1542 ct
995 1510 1091 1541 ideo
1115 1514 1152 1540 ut
1182 1508 1289 1550 Sv-g.

310 1558 356 1590 ll.
408 1559 520 1599 Caput
549 1557 595 1587 ΙΙ.
634 1557 685 1588 De
711 1556 919 1587 diversorum
943 1554 1026 1586 iocis
1051 1559 1154 1595 atque
1177 1552 1339 1584 dicteriis.
1372 1550 1473 1582 cli-b.

219 1603 382 1637 dicteriis.
399 1602 470 1635 vssi.
510 1601 550 1632 In
578 1603 618 1631 vl
647 1604 703 1632 est
727 1600 850 1632 littera
873 1598 1003 1639 maior,
1029 1598 1091 1629 sed
1116 1597 1308 1637 inscriptio
1334 1596 1447 1627 nulla.

224 1650 345 1680 'I'uum
370 1646 393 1677 i.
527 1648 561 1676 2.
601 1645 658 1676 Ea
688 1669 717 1676 ..
744 1644 786 1675 de
809 1643 942 1685 praeda
966 1644 1004 1682 (θ’
1029 1641 1094 1683 3.)]
1123 1641 1177 1672 Cf.
1199 1641 1294 1672 Geli.
1323 1639 1365 1672 N.
1389 1640 1426 1670 A.
1455 1638 1494 1681 V,
1518 1642 1550 1671 5.
1570 1644 1605 1671 et
1630 1640 1755 1673 loann.

220 1692 409 1724 Saresber.
437 1690 493 1731 vl,
514 1691 567 1720 19.
595 1706 636 1712 —
668 1688 892 1720 Obtendcbat
916 1687 953 1718 P.
986 1705 1028 1710 --
1051 1686 1224 1726 fascibus
1250 1696 1317 1727 v-g
1341 1687 1385 1725 (g
1413 1683 1448 1715 in
1476 1694 1547 1726 mg.
1567 1684 1755 1725 falcibus).

1530 1552 1614 1593 Cap.
1639 1552 1666 1584 1.
1708 1553 1757 1583 De

1497 1598 1526 1626 1.
1559 1597 1685 1636 Quum
1702 1598 1755 1628 v3.

219 1736 383 1768 curribus
405 1734 444 1765 V.
471 1751 510 1756 —-—
535 1733 731 1765 mobilibus
753 1743 785 1763 v.
810 1751 848 1755 —
876 1743 897 1774 p
909 1731 1036 1762 luderis
1060 1729 1238 1772 v—ag-bl'.
1284 1729 1453 1772 phalaris
1479 1728 1516 1759 h.
1543 1746 1585 1751 --
1613 1740 1660 1760 ac
1685 1734 1756 1761 tam

219 1781 289 1813 PV.
315 1797 355 1803 ·-
381 1778 532 1820 inspicit
557 1789 575 1808 e
602 1776 740 1818 scripto
763 1775 871 1808 affert
896 1776 1079 1806 Pontanus
1103 1775 1255 1806 addens:
1276 1773 1426 1812 „Gloss.
1447 1773 1602 1814 inspicit,
1625 1768 1757 1815 ἐπιβλέ-

218 1836 285 1856 πει.
319 1824 464 1855 l’etron.
500 1821 664 1853 Arbiter:
692 1823 871 1862 Anumque
892 1820 1059 1861 inspicere
1084 1818 1288 1862 diligentius
1313 1817 1445 1859 coepi-2,
1472 1823 1508 1848 et
1532 1817 1567 1848 in
1593 1818 1757 1849 auctario

220 1873 406 1901 notarum:
441 1867 586 1907 „Quam
618 1865 814 1897 lectionem
847 1863 1038 1896 confirmat
1064 1862 1272 1895 Scriverius
1296 1861 1478 1892 Martialis
1502 1861 1556 1892 sui
1580 1862 1657 1893 loco
1684 1862 1757 1903 ΠΙ,

219 1916 274 1954 82,
296 1912 361 1955 2]:
389 1913 580 1954 Inspectum
608 1911 702 1943 velut
725 1914 829 1942 emtor
849 1914 910 1942 aut
935 1908 1063 1940 lanista
1089 1911 1124 1939 et
1147 1906 1270 1940 aliis.‘²
1320 1906 1363 1937 At
1389 1905 1425 1937 in
1450 1905 1480 1937 A
1507 1909 1562 1937 est
1586 1906 1720 1948 aspicit.

1022 2028 1098 2048 rum
1127 2017 1245 2057 facete
1283 2016 1393 2052 (licta,
1432 2019 1474 2046 ut
1513 2025 1562 2046 ea
1597 2026 1702 2057 quac
1734 2027 1756 2048 a

362 2021 492 2062 Quibus
541 2023 666 2051 sonant
718 2020 752 2050 in
807 2018 956 2050 Graecia

1023 2071 1120 2093 senc
1144 2062 1303 2091 Catone
1328 2060 1511 2090 collecta
1535 2064 1646 2099 suut,
1670 2071 1757 2101 quae

219 2034 295 2055 ria:

222 2066 446 2099 ‹lictoria.“
472 2065 585 2095 Povr.
616 2081 650 2086 -
683 2063 803 2102 „Res‚
838 2061 957 2102 inquit

222 2112 409 2142 Gesnerus
435 2108 470 2140 in
496 2107 630 2144 Thes..
664 2107 745 2148 ipsa
772 2118 790 2138 e
814 2106 955 2137 Graeco

221 2155 339 2197 petita
368 2157 442 2191 est,
479 2151 565 2193 qnia
598 2147 778 2192 δεικτήρια
807 2149 956 2192 proprie

221 2199 437 2231 dicebantur
480 2196 579 2227 dicta
621 2205 714 2235 quae
756 2194 957 2226 fundebant

220 2242 378 2275 numarii
399 2251 547 2273 scurrae
568 2239 601 2271 in
622 2239 727 2270 initio
747 2239 955 2270 fabularum

221 2288 264 2320 all
297 2286 510 2329 colligenda
535 2283 656 2315 studia
687 2287 955 2325 spectatorum:

220 2342 313 2374 quae
336 2343 415 2362 cuin
442 2333 565 2361 essent
587 2329 760 2369 pleraque
782 2327 956 2358 ridicula-

223 2377 298 2414 ria,
338 2376 408 2407 hoc
437 2373 655 2405 vocabulum
688 2372 722 2402 in
755 2371 957 2403 maledicae

222 2418 458 2463 procacitatis
482 2417 672 2449 infamiam
695 2415 825 2447 abtim
843 2416 956 2447 ZEmv.

222 2484 263 2488 —
296 2464 396 2496 Adde
418 2462 580 2494 Martial.
606 2461 669 2500 vl,
692 2461 752 2499 44,
778 2462 809 2491 3.
841 2460 958 2491 Omni-

220 2510 282 2542 bus
302 2509 446 2544 arrides,
465 2506 651 2538 dicteria
679 2505 764 2536 dicis
781 2505 814 2535 in
834 2515 958 2535 omncs.

271 2556 320 2585 15.
374 2554 458 2585 Cato
574 2555 702 2592 argute
734 2549 842 2580 iocari
876 2548 959 2580 soli-

221 2603 276 2630 ius
313 2597 375 2638 est]
413 2595 469 2627 Cf.
500 2593 691 2626 Plutarch.
727 2592 805 2624 Cat.
843 2592 890 2624 M.
924 2595 957 2623 7.

227 2638 412 2682 Τοιαύτην
464 2635 502 2671 δέ
553 2649 633 2669 τινα
684 2636 851 2679 φαίνεται
898 2634 959 2667 καὶ

224 2680 244 2715 ὁ
287 2682 389 2726 λόγος
426 2682 492 2715 τοῦ
532 2678 665 2723 ἀνδρὸς
705 2678 805 2712 ἰδέαν
850 2678 955 2721 ἔχειν·

312 2723 640 2769 φιλοσκώμμων
671 2723 731 2756 καὶ
762 2721 956 2766 αὐστηρὸς,

224 2766 635 2813 ἀποφθεγματικὸς
673 2767 733 2800 καὶ
774 2764 958 2810 ἀγωνιστι-

224 2812 294 2852 κός.
344 2815 517 2846 Fortasse
551 2814 623 2845 hue
659 2814 839 2845 trahenda
873 2815 958 2844 sunt

224 2868 267 2889 ea
299 2869 390 2899 quae
421 2860 595 2899 leguntur
621 2858 717 2898 apud
743 2856 957 2889 Ciceronem

225 2902 268 2933 (le
293 2902 354 2935 off.
380 2903 408 2942 Ι,
434 2905 489 2942 29,
517 2904 588 2934 104.
627 2902 807 2943 Multaque
834 2901 957 2933 multo-

1022 2109 1146 2136 vocant
1173 2099 1454 2144 (ἕποφθέγματα,
1478 2102 1508 2133 si
1533 2104 1639 2134 niodo
1665 2104 1757 2135 baec

1024 2149 1120 2180 idem
1146 2148 1268 2179 valent
1287 2157 1327 2178 ac
1352 2157 1440 2187 quae
1465 2157 1505 2178 cx
1532 2158 1587 2178 ore
1617 2149 1758 2179 Catonis

1025 2194 1166 2225 collecta
1196 2196 1274 2223 sunt
1306 2190 1371 2231 (cf.
1406 2201 1461 2231 ep.
1497 2191 1539 2222 ad
1572 2191 1654 2223 sam.
1690 2192 1756 2232 ΙΙΙ,

1027 2240 1081 2277 13,
1110 2239 1139 2267 1.
1172 2236 1294 2278 quibus
1319 2245 1384 2276 ego
1408 2235 1537 2266 atati
1563 2236 1653 2267 viro
1678 2248 1755 2268 con—

1026 2286 1138 2314 tentus
1164 2291 1278 2317 cram,
1301 2278 1472 2310 Miinclin.
1497 2279 1579 2310 Gel.
1605 2281 1757 2323 Anzeig.

1029 2327 1125 2357 1841.
1151 2323 1191 2356 N.
1215 2326 1325 2360 ⁶228).
1359 2322 1429 2354 Sed
1456 2334 1570 2365 nuper
1591 2335 1666 2356 rem
1692 2325 1758 2356 ‹lu-

1026 2370 1124 2402 biam
1148 2368 1238 2400 mihi
1265 2367 1503 2399 reddiderunt
1527 2379 1568 2400 ea
1587 2379 1679 2409 quae
1704 2370 1759 2400 le-

1026 2418 1162 2457 guntur
1200 2413 1244 2443 de
1281 2423 1333 2443 or.
1367 2411 1421 2449 ll,
1452 2414 1512 2452 67,
1545 2415 1622 2444 271.
1667 2413 1757 2445 Nam

1026 2459 1115 2500 quod
1162 2457 1273 2499 apud
1316 2457 1515 2488 Catonem
1562 2461 1638 2496 est,
1686 2458 1757 2498 qui

1025 2503 1160 2535 multa
1184 2501 1341 2533 retulit
1364 2504 1432 2531 cet.

1071 2547 1124 2581 ll.
1155 2549 1186 2576 2.
1240 2544 1522 2585 convertebatque
1558 2543 1754 2584 emcrcitum]

1027 2591 1081 2622 Cf.
1108 2590 1212 2621 Caes.
1236 2589 1276 2619 B.
1300 2588 1343 2619 G.
1368 2589 1402 2627 l.
1423 2590 1479 2627 25,
1504 2590 1536 2618 7.
1563 2591 1598 2618 et
1622 2587 1675 2625 ll,
1699 2590 1755 2627 26„

1027 2638 1076 2674 1.;
1098 2634 1175 2665 Liv.
1202 2632 1298 2671 vlu,
1324 2634 1377 2669 11,
1400 2633 1432 2662 4.
1459 2642 1621 2662 conversa
1642 2631 1756 2673 signa.

1024 2680 1104 2711 Hoc
1131 2679 1210 2709 loco
1235 2675 1402 2707 decursio
1437 2675 1621 2707 exercitus
1656 2676 1757 2707 vide-

1025 2727 1085 2755 tur
1119 2732 1200 2753 esse
1229 2719 1486 2761 intelligenda.
1535 2719 1613 2751 Vid.
1644 2719 1757 2751 iuter—

1026 2770 1146 2810 pretes
1172 2763 1286 2796 Gellii
1311 2764 1336 2794 l.
1361 2775 1390 2794 c.

1069 2812 1100 2842 3.
1152 2808 1343 2849 imbellium]
1384 2806 1516 2838 Festus
1553 2817 1612 2849 ap.
1651 2807 1755 2839 Paul.

1026 2854 1089 2887 lib.
1116 2853 1160 2893 X,
1184 2864 1217 2894 p.
1243 2854 1316 2883 114.
1343 2851 1467 2883 Muell.
1494 2851 1758 2893 interpretatur

1026 2899 1107 2931 belli
1131 2897 1355 2930 inscientiam.
