1844 3168
329 74 801 119 SATURNALIORUM
840 74 940 116 LlB.
976 75 1005 115 Ι.
1045 74 1163 117 CAP.
1194 73 1264 115 lx.
1302 74 1352 115 X.
1555 77 1606 118 73

70 189 115 230 lis
145 194 285 230 vocata
316 193 387 236 est,
419 187 602 228 claudere
633 187 875 236 festinarent,
904 187 996 241 quia
1028 187 1065 227 in
1097 187 1219 241 ipsam
1258 186 1392 227 hostes
1419 188 1609 229 ruebant:

69 251 282 300 postquam
314 250 374 286 est
404 245 548 292 clausa,
573 258 665 285 mox
692 250 834 298 sponte
863 244 1054 299 patefacta
1085 250 1163 283 est:
1195 258 1366 298 rumque
1394 244 1536 285 iterum
1565 260 1610 286 ae

71 302 188 343 tertio
221 302 324 342 idem
355 301 602 354 contigisset,
642 301 781 341 armati
815 300 972 355 plurimi
1007 314 1077 354 pro
1112 300 1262 349 limine,
1305 301 1397 354 quia
1427 301 1611 342 claudere

70 359 307 412 nequibant,
358 358 544 399 custodes
590 363 805 398 steterunt:
855 370 1027 410 eumque
1072 370 1117 395 ex
1162 356 1235 396 alia
1271 363 1380 409 parte
1417 358 1610 399 avessimo

68 415 216 469 praelio
264 420 499 462 certaretur,
551 414 683 453 subito
731 413 830 454 sama
869 413 1029 466 pertulit
1073 411 1181 451 susos
1220 427 1240 452 a
1287 413 1401 452 'satio
1440 421 1608 455 nostros.

69 473 202 521 Quam
248 472 299 511 ol)
345 485 504 511 eausam
541 470 709 510 Romani
747 471 814 524 qui
854 469 1003 509 aditum
1048 469 1263 508 tuebantur
1309 470 1431 509 territi
1475 471 1676 523 profu-18

67 534 226 580 gerunt:
256 541 429 580 eumque
463 527 597 567 Sabini
625 540 694 581 per
723 532 876 580 portam
907 529 1105 579 patentem
1140 525 1329 578 irrupturi
1361 533 1504 574 essent,
1536 527 1609 566 ser-

67 590 132 625 tur
162 598 206 624 ex
237 584 334 623 aede
372 583 453 623 lani
490 597 558 637 per
588 583 687 623 bane
719 588 872 637 portam
904 595 1085 633 magnam
1119 581 1193 622 vim
1226 581 1462 622 torrentium
1494 584 1610 623 undis

69 640 315 681 scatentibus
346 640 544 694 erupisse,
583 639 808 692 multasque
845 637 1107 692 perduellium
1145 643 1320 678 catervas
1353 644 1423 678 aut
1453 645 1611 679 exustas

69 696 232 737 ferventi
262 710 364 749 aqua
398 702 467 737 aut
496 696 702 736 devoratas
728 694 864 749 rapida
892 694 1077 748 voragine
1104 693 1315 748 deperisse.
1373 695 1432 735 Ea
1462 709 1503 735 re
1530 696 1610 749 pla-

68 753 203 801 citum,
234 758 280 793 ut
302 752 393 792 belli
425 758 617 806 tempore,
648 751 755 792 velut
785 751 833 791 ad
865 750 974 791 urbis
1005 750 1195 792 auxilium
1229 750 1408 805 profecto
1438 751 1526 801 deo,
1553 751 1610 793 so-

69 823 131 850 res
164 814 448 850 reserarentur.
507 809 617 849 }{aec
649 809 697 848 de
728 809 838 847 lano.

180 866 232 906 X.
294 864 390 914 Sed,
434 870 480 905 ut
509 865 558 905 ad
591 864 816 905 Saturnalia
846 868 1110 911 revertamur,
1151 862 1296 903 bellum
1330 862 1644 905 Saturnalibusl

68 935 226 963 sumere
264 921 374 962 nefas
407 921 609 970 habitum,
649 935 798 974 poenas
835 934 856 960 a
891 925 1061 959 nocente
1092 919 1215 959 isdem
1254 919 1394 959 diebus
1430 920 1677 974 exiger012401

69 977 269 1032 piaculare
298 983 368 1018 est.
428 978 549 1032 Apud
578 977 748 1018 maiores
776 982 934 1017 nostros
963 975 1186 1016 Saturnalia
1214 975 1277 1016 die
1307 989 1389 1016 uno
1419 976 1608 1017 finieban-
1626 977 1652 1017 :2

70 1039 152 1084 tur,
203 1034 271 1089 qui
311 1039 395 1075 erat
429 1048 462 1075 a.
499 1033 535 1075 d.
578 1040 764 1088 quartum
801 1031 999 1074 decimum
1041 1031 1241 1073 Kalendas
1275 1032 1498 1074 Ianuarias:
1540 1033 1609 1074 sed

1117 1157 1207 1191 Edd.
1234 1157 1521 1201 vicahgspdzb]

69 1211 251 1255 Han-tung.
277 1212 398 1256 Relig.
427 1212 459 1245 d.
485 1213 612 1245 Roem.
644 1211 698 1252 1¹,
726 1223 757 1254 p.
787 1213 865 1244 224.
907 1229 948 1236 —
986 1213 1131 1246 ruebant
1164 1213 1442 1246 ABGs-zuiass.
1492 1214 1613 1245 irrue-

68 1257 151 1289 bant
176 1257 338 1301 Sv-ng.
378 1258 532 1298 „Recte.
573 1257 635 1289 Sic
658 1262 786 1299 postea
816 1258 1023 1300 irrupturi.“
1063 1258 1174 1290 Zeun.
1214 1275 1256 1283 —
1294 1270 1334 1291 ex
1360 1259 1491 1290 altera
1514 1263 1615 1300 parte

69 1313 171 1344 vc-g.
310 1305 364 1334 18.
407 1305 592 1346 sugerunt
622 1307 702 1345 (pro
731 1301 813 1334 add.
839 1303 885 1334 ab
908 1303 956 1334 al.
979 1305 1044 1340 m.)
1071 1303 1110 1334 A.
1150 1321 1185 1326 —
1221 1315 1284 1346 per
1312 1309 1433 1336 totam
1460 1302 1536 1334 BG.
1570 1321 1612 1326 -—

69 1357 109 1379 es
134 1347 218 1380 sede
233 1346 275 1379 B.
292 1366 330 1371 —
356 1352 489 1380 exutas
515 1347 556 1379 B.
574 1365 614 1370 —
636 1352 775 1380 exustas
794 1348 948 1388 ferventi
971 1352 1033 1380 aut
1057 1358 1128 1379 om.
1153 1348 1210 1380 dz.
1234 1367 1277 1372 —
1304 1348 1502 1391 deperiisse
1520 1347 1613 1379 Edd.

160 1401 202 1434 X.
258 1404 371 1446 Caput
397 1403 436 1435 X.
469 1403 542 1444 Quo
565 1403 620 1434 die
639 1403 849 1436 Saturnalia
874 1403 1038 1435 celebrari
1065 1404 1314 1441 consueverint,
1340 1409 1370 1436 et
1394 1403 1484 1446 quod
1503 1403 1615 1446 primo

68 1458 137 1479 uno
160 1452 311 1488 tantum,
340 1448 463 1481 deinde
488 1448 646 1490 pluribus
670 1448 788 1480 diebus
810 1452 888 1480 sunt
913 1449 1096 1480 celebrata.
1124 1448 1227 1479 ch-h.
1265 1465 1309 1472 --
1346 1453 1384 1480 ut
1406 1471 1435 1479 ..
1460 1453 1615 1480 reverta-

69 1492 158 1535 mur]
180 1492 226 1524 ef.
254 1504 284 1524 c.
308 1496 342 1525 7.
369 1494 412 1533 ὃς
436 1494 564 1525 18·37.
590 1509 629 1516 —-
655 1498 692 1525 ut
714 1504 782 1525 om.
802 1492 848 1525 G.
872 1510 913 1516 ——
938 1504 960 1525 a
983 1493 1202 1526 nocentibus
1226 1492 1265 1524 P.
1357 1495 1388 1526 2.
1425 1493 1481 1525 ad
1507 1504 1614 1536 quar-

68 1606 221 1645 portnm.
256 1603 302 1636 At
319 1602 527 1636 Macrobius
553 1606 651 1636 certe
676 1603 807 1636 distin-

70 1647 152 1690 guit
175 1648 301 1680 aedem
329 1653 365 1680 et
390 1653 550 1691 portam,
588 1659 669 1680 eum
701 1649 716 1691 §
754 1652 806 1681 18.

70 1691 187 1724 dicat:
227 1703 267 1725 ex
299 1693 383 1725 aede
411 1694 491 1725 Iani
519 1704 581 1736 per
611 1693 700 1725 hanc
725 1704 808 1736 por-

70 1741 154 1770 tam.

116 1792 155 1813 ex
186 1781 322 1824 eventu]
353 1780 408 1814 Cf.
434 1792 464 1813 c.
488 1783 519 1812 6.
552 1782 572 1822 5
599 1783 653 1813 30.
688 1786 809 1814 eventu

71 1826 146 1859 tali.

118 1870 277 1903 Ianualis
308 1875 429 1903 vocata
457 1869 518 1912 est]
552 1869 606 1902 Cf.
632 1869 745 1902 Varro
769 1869 807 1901 L.

71 1914 111 1947 L.
147 1915 297 1955 v,164:
341 1915 525 1947 Praeterea
565 1915 658 1947 intra
694 1926 810 1946 muros

70 1960 170 1992 video
192 1964 313 2002 portas
340 1959 418 1991 dici.
437 1984 474 1992 ..
512 1962 586 1990 165.
619 1960 735 1992 Tertia
762 1965 810 1992 est

73 2004 277 2037 Ianualis
302 2004 395 2036 dicta
420 2005 461 2036 ab
487 2004 585 2044 Iano,
609 2009 640 2036 et
665 2005 740 2036 ideo
764 2004 811 2037 ibi

68 2050 219 2092 positum
246 2049 324 2080 Iani
347 2049 488 2092 signum
518 2054 550 2081 et
583 2049 638 2081 ius
669 2049 811 2081 institu-

70 2099 142 2127 tum
165 2105 187 2125 a
217 2093 404 2136 Pompilio,
429 2099 466 2126 ut
489 2094 606 2126 scribit
626 2094 662 2126 in
690 2095 811 2125 Anna-

71 2138 160 2171 libus
185 2138 283 2179 Piso,
313 2143 351 2171 ut
377 2139 422 2171 sit
445 2144 567 2182 aperta
592 2149 723 2182 semper
744 2139 813 2171 nisi

72 2194 173 2227 quom
193 2183 316 2214 bellum
342 2183 387 2215 sit
410 2195 594 2226 nusquam.

115 2239 193 2260 mos
222 2232 342 2270 sponte
364 2230 546 2270 patefacta
577 2225 638 2268 est]
675 2225 810 2258 Contra

72 2272 168 2314 apud
195 2271 388 2313 Augustin.
415 2272 460 2304 de
491 2272 561 2304 civ.
594 2272 626 2304 d.
659 2271 731 2310 111,
759 2272 812 2302 13.

72 2316 227 2359 legitur:
257 2317 460 2359 clausisque
477 2317 586 2360 portis
611 2327 645 2348 se
667 2316 811 2348 tueban-

72 2366 141 2394 tur.
181 2361 310 2401 Quibus
339 2362 441 2394 dolo
473 2362 646 2403 apertis
678 2361 811 2392 admis-

72 2406 186 2447 sisque
209 2405 362 2436 hostibus
386 2406 479 2438 intra
499 2406 634 2437 moenia
659 2408 727 2435 cet.
754 2405 813 2436 Ia-

72 2460 158 2481 num
182 2449 377 2481 Geminum
404 2460 471 2481 sua
492 2454 621 2492 sponte
645 2453 811 2490 apertum

73 2504 155 2527 esse
185 2493 349 2536 prodidit
381 2494 456 2526 Ael.
487 2493 674 2536 Lamprid.
705 2492 813 2525 Com-

73 2538 170 2572 mod.
196 2549 226 2570 e.
254 2540 306 2569 16.

119 2586 172 2616 18.
218 2583 322 2615 undis
355 2582 576 2624 scatentibus]
615 2581 671 2613 Cf.
706 2580 810 2614 ovid.

72 2627 174 2661 Fast.
196 2627 225 2665 I,
249 2629 316 2659 269
334 2639 387 2669 sq.
417 2628 564 2669 Oraque,
590 2638 659 2670 qua
680 2626 814 2669 pollens

74 2684 137 2716 ope
166 2683 254 2713 sum,
276 2673 427 2710 fontana
455 2672 593 2712 reclusi,
625 2672 814 2714 Sumque

73 2718 333 2760 repentinas
376 2717 628 2749 eiaculatus
667 2727 814 2758 aquas.

74 2761 225 2794 Servius
251 2762 295 2793 ad
319 2760 451 2804 virgil.
479 2761 566 2793 Aen.
591 2761 627 2802 1,
651 2763 730 2792 291.
751 2761 816 2792 alii

76 2807 196 2839 dicunt
224 2806 370 2838 Romulo
397 2810 517 2838 eontra
546 2806 694 2838 Sabinos
719 2816 814 2849 pug-

76 2855 200 2889 nante,
228 2861 331 2893 quum
354 2851 389 2882 in
414 2861 452 2883 eo
480 2855 566 2883 esset
598 2855 636 2883 ut
661 2850 814 2882 vincere-

78 2899 156 2934 tur,
189 2895 379 2927 calidam
405 2906 559 2938 aquam
591 2906 639 2927 ex
672 2895 814 2927 eodem

80 2938 169 2971 loco
198 2939 409 2981 erupisse,
435 2950 524 2983 quae
543 2939 692 2984 fugavit
717 2949 814 2973 exer-

79 2983 184 3016 citum
214 2983 433 3017 Sabinorum.

919 1603 1048 1636 multas
1078 1603 1310 1646 perduellium
1347 1603 1518 1646 catervas]
1560 1603 1615 1636 Cf.

876 1659 905 1680 c.
932 1651 962 1680 6.
996 1648 1012 1690 §
1037 1650 1091 1680 22.
1119 1648 1323 1690 copiosae
1356 1649 1617 1689 matrumfami-

876 1694 944 1724 lias
988 1698 1202 1725 catervae.
1252 1711 1295 1716 -—
1349 1692 1518 1725 Ceterum
1570 1693 1617 1726 cf.

877 1737 993 1769 Gaius
1015 1737 1050 1769 in
1079 1737 1164 1779 Dig.
1190 1736 1229 1776 L,
1259 1739 1311 1778 16,
1332 1739 1410 1769 234.
1441 1739 1532 1779 Quos
1556 1749 1618 1770 nos

876 1782 1025 1814 hostes
1056 1793 1239 1822 vocamus,
1280 1793 1336 1814 eos
1370 1788 1499 1815 veteres
1527 1793 1618 1824 per-

878 1826 1045 1858 duelles
1069 1827 1249 1866 vocabant,
1272 1831 1308 1859 et
1331 1825 1406 1859 Cic.
1432 1827 1475 1859 de
1500 1826 1562 1859 oss'.
1587 1827 1618 1868 1,

878 1873 930 1911 12,
954 1873 1008 1902 37.

921 1915 1014 1947 velut
1047 1915 1094 1946 ad
1128 1915 1222 1947 urbis
1260 1915 1429 1947 auxilium
1461 1917 1620 1958 profecto

879 1959 956 2001 deo]
992 1959 1108 1991 Aliter
1138 1959 1289 1991 Servius
1330 1960 1373 1991 ad
1406 1960 1506 2002 Virg.
1540 1960 1617 2002 Vll,

878 2007 964 2035 610:
1001 2005 1048 2036 ad
1074 2005 1246 2037 auxilium
1269 2005 1455 2048 petendum
1483 2010 1519 2038 ut
1549 2017 1616 2048 pa-

879 2054 987 2082 teant.

925 2093 969 2133 X,
1000 2095 1028 2124 1.
1068 2092 1192 2124 bellum
1216 2093 1463 2126 Saturnalibus
1487 2105 1619 2127 sumere

879 2140 980 2180 nefas
1005 2136 1174 2179 habitum]
1203 2137 1259 2169 Cf.
1287 2149 1315 2169 c.
1344 2140 1395 2171 16.
1421 2140 1440 2179 ς
1465 2141 1516 2170 16.
1545 2140 1619 2171 die·

879 2183 941 2215 bus
980 2182 1263 2215 Saturnaliorum
1400 2186 1533 2224 nefas
1570 2189 1620 2218 est

877 2228 1051 2270 praelium
1083 2238 1230 2260 sumere.
1276 2227 1415 2260 Salust.
1443 2228 1524 2271 lug.
1561 2231 1618 2269 20,

879 2274 912 2304 5.
943 2273 1042 2315 prius
1066 2277 1182 2304 tamen
1216 2273 1331 2305 omnia
1360 2273 1439 2316 pati
1469 2274 1619 2307 decrevit

881 2328 985 2360 quam
1017 2317 1172 2349 bellum
1213 2328 1393 2358 sumere,
1427 2322 1463 2350 et
1493 2319 1557 2359 83,
1591 2320 1618 2351 1.

886 2362 991 2394 Omne
1017 2361 1174 2393 bellum
1201 2362 1311 2394 sumi
1329 2363 1451 2403 facile,
1474 2367 1620 2395 ceterum

881 2417 1083 2450 aegerrume
1107 2406 1273 2439 desinere.
1304 2406 1405 2439 Suet.
1435 2406 1538 2439 Caes.
1565 2410 1621 2439 60.

885 2451 1022 2482 Proelia
1046 2463 1112 2483 non
1139 2456 1275 2484 tantum
1299 2452 1471 2484 destinato
1498 2453 1556 2484 scd
1581 2464 1621 2485 ea:

882 2496 1058 2528 occasione
1086 2497 1290 2528 sumebat.

924 2541 955 2570 2.
995 2540 1203 2572 Saturnalia
1228 2541 1284 2573 die
1307 2551 1374 2572 uno
1388 2540 1619 2582 finiebantur]

882 2583 937 2615 Cf.
965 2582 1042 2616 Liv.
1069 2585 1117 2623 ll,
1143 2587 1199 2625 21,
1223 2588 1255 2617 2.
1290 2585 1497 2617 Saturnalia
1521 2585 1622 2617 insti-

880 2632 976 2660 tutus
994 2630 1141 2669 festus
1170 2630 1280 2668 dies,
1311 2633 1347 2662 et
1368 2628 1484 2668 xxll,
1508 2631 1538 2668 1,
1568 2632 1620 2662 19.

879 2677 1050 2715 postremo
1092 2674 1268 2706 Decembri
1306 2674 1374 2705 iam
1421 2684 1534 2705 mense
1574 2674 1621 2706 ad

882 2717 1001 2748 aedem
1045 2717 1192 2750 Saturni
1233 2719 1363 2750 Romae
1407 2717 1620 2750 immolatum

882 2766 942 2799 est,
968 2761 1280 2804 lectisterniumque
1303 2763 1506 2804 imperatum
1529 2786 1537 2794 .
1554 2788 1561 2794 .
1589 2767 1621 2795 et

882 2805 1075 2838 convivium
1106 2807 1299 2848 publicum.-
1339 2817 1379 2838 ac
1411 2817 1473 2848 per
1505 2808 1621 2840 urbem

883 2850 1091 2882 Saturnalia
1125 2851 1214 2882 diem
1247 2861 1287 2882 ac
1320 2855 1453 2883 noctem
1488 2851 1620 2884 clama·

882 2895 1197 2938 tum,populusque
1217 2906 1306 2927 eum
1331 2895 1438 2927 diem
1463 2897 1621 2935 festum

882 2940 1006 2972 habere
1033 2951 1074 2972 ac
1097 2951 1234 2972 servare
1256 2940 1291 2972 in
1319 2945 1522 2983 perpetuum
1546 2941 1621 2973 ius-

884 2995 952 3018 sus.
995 2983 1109 3017 Varro
1143 2983 1182 3016 L.
1216 2983 1256 3018 L.
1287 2984 1350 3026 VI,
1375 2987 1429 3017 22.
1470 2986 1621 3019 Satur-
