<?xml version="1.0" encoding="UTF-8"?>
<!DOCTYPE html PUBLIC "-//W3C//DTD XHTML 1.0 Transitional//EN"
    "http://www.w3.org/TR/xhtml1/DTD/xhtml1-transitional.dtd">
<html xmlns="http://www.w3.org/1999/xhtml" xml:lang="en" lang="en">
 <head>
  <title>
</title>
<meta http-equiv="Content-Type" content="text/html;charset=utf-8" />
  <meta name='ocr-system' content='tesseract 3.04.00' />
  <meta name='ocr-capabilities' content='ocr_page ocr_carea ocr_par ocr_line ocrx_word'/>
</head>
<body>
  <div class='ocr_page' id='page_1' title='image "./operaquaesupersu02macruoft_0037.png"; bbox 0 0 1844 3168; ppageno 0'>
   <div class='ocr_carea' id='block_1_1' title="bbox 78 50 1691 1403">
    <p class='ocr_par' dir='ltr' id='par_1_1' title="bbox 78 50 1691 1403">
     <span class='ocr_line' id='line_1_1' title="bbox 377 50 1623 96; baseline 0.002 -3"><span class='ocrx_word' id='word_1_1' title='bbox 377 50 855 95; x_wconf 73' lang='lat' dir='ltr'><strong>SATURNALIORUM</strong></span> <span class='ocrx_word' id='word_1_2' title='bbox 901 51 999 91; x_wconf 76' lang='lat' dir='ltr'>Lm.</span> <span class='ocrx_word' id='word_1_3' title='bbox 1039 52 1066 92; x_wconf 91' lang='grc' dir='ltr'>Ι.</span> <span class='ocrx_word' id='word_1_4' title='bbox 1121 52 1240 94; x_wconf 76' lang='lat' dir='ltr'><strong>CAP.</strong></span> <span class='ocrx_word' id='word_1_5' title='bbox 1274 53 1324 93; x_wconf 90' lang='grc' dir='ltr'>ΙΙ.</span> <span class='ocrx_word' id='word_1_6' title='bbox 1575 55 1623 96; x_wconf 74' lang='lat'>153</span> 
     </span>
     <span class='ocr_line' id='line_1_2' title="bbox 85 163 1622 212; baseline 0.002 -8"><span class='ocrx_word' id='word_1_7' title='bbox 85 163 297 204; x_wconf 80' lang='lat' dir='ltr'>facundum</span> <span class='ocrx_word' id='word_1_8' title='bbox 330 169 369 205; x_wconf 80' lang='lat' dir='ltr'>et</span> <span class='ocrx_word' id='word_1_9' title='bbox 405 164 604 205; x_wconf 87' lang='lat' dir='ltr'>eruditum</span> <span class='ocrx_word' id='word_1_10' title='bbox 637 163 783 212; x_wconf 66' lang='lat' dir='ltr'>virum,</span> <span class='ocrx_word' id='word_1_11' title='bbox 828 163 1048 205; x_wconf 86' lang='lat' dir='ltr'>Eusebium</span> <span class='ocrx_word' id='word_1_12' title='bbox 1084 163 1280 205; x_wconf 77' lang='lat' dir='ltr'>rhetorem</span> <span class='ocrx_word' id='word_1_13' title='bbox 1315 165 1416 206; x_wconf 87' lang='lat' dir='ltr'>inter</span> <span class='ocrx_word' id='word_1_14' title='bbox 1447 165 1622 207; x_wconf 66' lang='lat' dir='ltr'>Graecos</span> 
     </span>
     <span class='ocr_line' id='line_1_3' title="bbox 85 220 1623 274; baseline 0.003 -16"><span class='ocrx_word' id='word_1_15' title='bbox 85 225 350 274; x_wconf 65' lang='lat' dir='ltr'>praestantem</span> <span class='ocrx_word' id='word_1_16' title='bbox 383 221 568 261; x_wconf 75' lang='lat' dir='ltr'>(minibus</span> <span class='ocrx_word' id='word_1_17' title='bbox 601 220 702 260; x_wconf 91' lang='lat' dir='ltr'>idem</span> <span class='ocrx_word' id='word_1_18' title='bbox 736 225 872 260; x_wconf 89' lang='lat' dir='ltr'>nostra</span> <span class='ocrx_word' id='word_1_19' title='bbox 901 225 1031 260; x_wconf 87' lang='lat' dir='ltr'>aetate</span> <span class='ocrx_word' id='word_1_20' title='bbox 1069 221 1272 274; x_wconf 82' lang='lat' dir='ltr'>professis,</span> <span class='ocrx_word' id='word_1_21' title='bbox 1313 222 1517 263; x_wconf 70' lang='lat' dir='ltr'>doetrinae</span> <span class='ocrx_word' id='word_1_22' title='bbox 1551 224 1623 263; x_wconf 78' lang='lat' dir='ltr'>La-</span> 
     </span>
     <span class='ocr_line' id='line_1_4' title="bbox 84 276 1622 333; baseline 0.002 -17"><span class='ocrx_word' id='word_1_23' title='bbox 84 276 193 316; x_wconf 89' lang='lat' dir='ltr'>tiaris</span> <span class='ocrx_word' id='word_1_24' title='bbox 222 276 325 317; x_wconf 92' lang='lat' dir='ltr'>baud</span> <span class='ocrx_word' id='word_1_25' title='bbox 361 277 552 325; x_wconf 65' lang='lat' dir='ltr'>insvium,</span> <span class='ocrx_word' id='word_1_26' title='bbox 586 277 848 317; x_wconf 74' lang='lat' dir='ltr'>l&#39;raetextatis</span> <span class='ocrx_word' id='word_1_27' title='bbox 877 290 1007 316; x_wconf 91' lang='lat' dir='ltr'>meum</span> <span class='ocrx_word' id='word_1_28' title='bbox 1039 277 1076 316; x_wconf 93' lang='lat' dir='ltr'>in</span> <span class='ocrx_word' id='word_1_29' title='bbox 1107 277 1236 317; x_wconf 77' lang='lat' dir='ltr'>lorum</span> <span class='ocrx_word' id='word_1_30' title='bbox 1270 279 1423 319; x_wconf 77' lang='lat' dir='ltr'>imitari</span> <span class='ocrx_word' id='word_1_31' title='bbox 1457 279 1622 333; x_wconf 65' lang='lat' dir='ltr'>iiufiera-</span> 
     </span>
     <span class='ocr_line' id='line_1_5' title="bbox 83 333 1663 387; baseline 0.002 -15"><span class='ocrx_word' id='word_1_32' title='bbox 83 333 148 373; x_wconf 70' lang='lat' dir='ltr'>vit.</span> <span class='ocrx_word' id='word_1_33' title='bbox 211 333 380 373; x_wconf 71' lang='lat' dir='ltr'>Devius:</span> <span class='ocrx_word' id='word_1_34' title='bbox 432 333 543 374; x_wconf 77' lang='lat' dir='ltr'>l&#39;nde</span> <span class='ocrx_word' id='word_1_35' title='bbox 572 333 690 383; x_wconf 60' lang='lat' dir='ltr'>igitur</span> <span class='ocrx_word' id='word_1_36' title='bbox 720 333 781 373; x_wconf 91' lang='lat' dir='ltr'>illa</span> <span class='ocrx_word' id='word_1_37' title='bbox 821 333 890 373; x_wconf 88' lang='lat' dir='ltr'>tibi</span> <span class='ocrx_word' id='word_1_38' title='bbox 928 338 1021 372; x_wconf 87' lang='lat' dir='ltr'>nota</span> <span class='ocrx_word' id='word_1_39' title='bbox 1052 339 1161 381; x_wconf 88' lang='lat' dir='ltr'>sunt,</span> <span class='ocrx_word' id='word_1_40' title='bbox 1208 347 1311 387; x_wconf 80' lang='lat' dir='ltr'>quae</span> <span class='ocrx_word' id='word_1_41' title='bbox 1342 341 1418 375; x_wconf 90' lang='lat' dir='ltr'>tam</span> <span class='ocrx_word' id='word_1_42' title='bbox 1455 336 1663 376; x_wconf 63' lang='lat' dir='ltr'>iucundos</span> 
     </span>
     <span class='ocr_line' id='line_1_6' title="bbox 83 389 1622 443; baseline 0.001 -14"><span class='ocrx_word' id='word_1_43' title='bbox 83 395 119 429; x_wconf 86' lang='lat' dir='ltr'>et</span> <span class='ocrx_word' id='word_1_44' title='bbox 150 390 316 430; x_wconf 65' lang='lat' dir='ltr'>comiter</span> <span class='ocrx_word' id='word_1_45' title='bbox 347 390 394 430; x_wconf 91' lang='lat' dir='ltr'>ad</span> <span class='ocrx_word' id='word_1_46' title='bbox 427 390 707 430; x_wconf 82' lang='lat' dir='ltr'>instituemlam</span> <span class='ocrx_word' id='word_1_47' title='bbox 740 390 857 430; x_wconf 67' lang='lat' dir='ltr'>xitam</span> <span class='ocrx_word' id='word_1_48' title='bbox 891 389 1101 443; x_wconf 75' lang='lat' dir='ltr'>exemplis,</span> <span class='ocrx_word' id='word_1_49' title='bbox 1144 394 1187 428; x_wconf 90' lang='lat' dir='ltr'>ut</span> <span class='ocrx_word' id='word_1_50' title='bbox 1218 391 1356 438; x_wconf 89' lang='lat' dir='ltr'>audio,</span> <span class='ocrx_word' id='word_1_51' title='bbox 1395 406 1524 432; x_wconf 84' lang='lat' dir='ltr'>rerum</span> <span class='ocrx_word' id='word_1_52' title='bbox 1557 408 1622 431; x_wconf 72' lang='lat' dir='ltr'>eo-</span> 
     </span>
     <span class='ocr_line' id='line_1_7' title="bbox 84 445 1623 501; baseline 0.004 -18"><span class='ocrx_word' id='word_1_53' title='bbox 84 445 318 500; x_wconf 87' lang='lat' dir='ltr'>piosissimis</span> <span class='ocrx_word' id='word_1_54' title='bbox 355 452 393 486; x_wconf 86' lang='lat' dir='ltr'>et</span> <span class='ocrx_word' id='word_1_55' title='bbox 426 447 554 487; x_wconf 62' lang='lat' dir='ltr'>xariae</span> <span class='ocrx_word' id='word_1_56' title='bbox 593 446 794 486; x_wconf 78' lang='lat' dir='ltr'>doetrinae</span> <span class='ocrx_word' id='word_1_57' title='bbox 829 446 1011 485; x_wconf 83' lang='lat' dir='ltr'>ubertate</span> <span class='ocrx_word' id='word_1_58' title='bbox 1050 445 1201 499; x_wconf 87' lang='lat' dir='ltr'>prolata</span> <span class='ocrx_word' id='word_1_59' title='bbox 1235 446 1468 501; x_wconf 64' lang='lat' dir='ltr'>digestaque</span> <span class='ocrx_word' id='word_1_60' title='bbox 1505 452 1623 489; x_wconf 79' lang='lat' dir='ltr'>sunt&#39;?</span> 
     </span>
     <span class='ocr_line' id='line_1_8' title="bbox 87 501 1662 557; baseline 0.002 -16"><span class='ocrx_word' id='word_1_61' title='bbox 87 503 391 542; x_wconf 79' lang='lat' dir='ltr'>Postumiamis:</span> <span class='ocrx_word' id='word_1_62' title='bbox 433 504 533 542; x_wconf 69' lang='lat' dir='ltr'>(lum</span> <span class='ocrx_word' id='word_1_63' title='bbox 565 502 759 542; x_wconf 72' lang='lat' dir='ltr'>solstitiali</span> <span class='ocrx_word' id='word_1_64' title='bbox 792 502 872 550; x_wconf 90' lang='lat' dir='ltr'>die,</span> <span class='ocrx_word' id='word_1_65' title='bbox 904 502 971 555; x_wconf 83' lang='lat' dir='ltr'>qui</span> <span class='ocrx_word' id='word_1_66' title='bbox 1006 501 1323 542; x_wconf 70' lang='lat' dir='ltr'>Saturnaliorum</span> <span class='ocrx_word' id='word_1_67' title='bbox 1352 503 1446 543; x_wconf 84' lang='lat' dir='ltr'>l&#39;esta</span> <span class='ocrx_word' id='word_1_68' title='bbox 1479 505 1662 557; x_wconf 63' lang='lat' dir='ltr'>quibust)</span> 
     </span>
     <span class='ocr_line' id='line_1_9' title="bbox 83 559 1623 605; baseline 0.002 -7"><span class='ocrx_word' id='word_1_69' title='bbox 83 559 145 598; x_wconf 91' lang='lat' dir='ltr'>illa</span> <span class='ocrx_word' id='word_1_70' title='bbox 182 559 359 599; x_wconf 66' lang='lat' dir='ltr'>comitia</span> <span class='ocrx_word' id='word_1_71' title='bbox 397 559 593 598; x_wconf 69' lang='lat' dir='ltr'>celebrata</span> <span class='ocrx_word' id='word_1_72' title='bbox 628 565 720 598; x_wconf 91' lang='lat' dir='ltr'>sunt</span> <span class='ocrx_word' id='word_1_73' title='bbox 755 563 995 599; x_wconf 73' lang='lat' dir='ltr'>consecutus</span> <span class='ocrx_word' id='word_1_74' title='bbox 1034 563 1111 605; x_wconf 89' lang='lat' dir='ltr'>est,</span> <span class='ocrx_word' id='word_1_75' title='bbox 1156 559 1301 598; x_wconf 90' lang='lat' dir='ltr'>sorensi</span> <span class='ocrx_word' id='word_1_76' title='bbox 1347 573 1440 599; x_wconf 81' lang='lat' dir='ltr'>eura</span> <span class='ocrx_word' id='word_1_77' title='bbox 1477 574 1623 601; x_wconf 67' lang='lat' dir='ltr'>xaeuus</span> 
     </span>
     <span class='ocr_line' id='line_1_10' title="bbox 82 614 1622 668; baseline 0.002 -14"><span class='ocrx_word' id='word_1_78' title='bbox 82 615 244 655; x_wconf 88' lang='lat' dir='ltr'>laetiore</span> <span class='ocrx_word' id='word_1_79' title='bbox 281 615 413 654; x_wconf 90' lang='lat' dir='ltr'>animo</span> <span class='ocrx_word' id='word_1_80' title='bbox 456 629 582 655; x_wconf 87' lang='lat' dir='ltr'>essem</span> <span class='ocrx_word' id='word_1_81' title='bbox 615 614 740 662; x_wconf 85' lang='lat' dir='ltr'>domi,</span> <span class='ocrx_word' id='word_1_82' title='bbox 776 629 823 655; x_wconf 91' lang='lat' dir='ltr'>eo</span> <span class='ocrx_word' id='word_1_83' title='bbox 850 614 1050 654; x_wconf 79' lang='lat' dir='ltr'>Eusebius</span> <span class='ocrx_word' id='word_1_84' title='bbox 1082 628 1170 654; x_wconf 80' lang='lat' dir='ltr'>eum</span> <span class='ocrx_word' id='word_1_85' title='bbox 1205 615 1340 668; x_wconf 69' lang='lat' dir='ltr'>paui-is</span> <span class='ocrx_word' id='word_1_86' title='bbox 1371 630 1391 655; x_wconf 88' lang='lat' dir='ltr'>e.</span> <span class='ocrx_word' id='word_1_87' title='bbox 1418 618 1622 657; x_wconf 65' lang='lat' dir='ltr'>sectatori-</span> 
     </span>
     <span class='ocr_line' id='line_1_11' title="bbox 82 670 1691 727; baseline 0.002 -16"><span class='ocrx_word' id='word_1_88' title='bbox 82 671 156 711; x_wconf 88' lang='lat' dir='ltr'>bus</span> <span class='ocrx_word' id='word_1_89' title='bbox 182 671 264 711; x_wconf 87' lang='lat' dir='ltr'>suis</span> <span class='ocrx_word' id='word_1_90' title='bbox 295 671 420 718; x_wconf 66' lang='lat' dir='ltr'>xenii,</span> <span class='ocrx_word' id='word_1_91' title='bbox 467 671 681 724; x_wconf 77' lang='lat' dir='ltr'>statimque</span> <span class='ocrx_word' id='word_1_92' title='bbox 708 671 820 711; x_wconf 70' lang='lat' dir='ltr'>vultu</span> <span class='ocrx_word' id='word_1_93' title='bbox 846 670 1052 711; x_wconf 81' lang='lat' dir='ltr'>renidens:</span> <span class='ocrx_word' id='word_1_94' title='bbox 1102 671 1324 725; x_wconf 73' lang='lat' dir='ltr'>l’ermagna</span> <span class='ocrx_word' id='word_1_95' title='bbox 1354 686 1433 721; x_wconf 92' lang='lat' dir='ltr'>me,</span> <span class='ocrx_word' id='word_1_96' title='bbox 1482 673 1622 727; x_wconf 87' lang='lat' dir='ltr'>inquit,</span> <span class='ocrx_word' id='word_1_97' title='bbox 1643 677 1691 715; x_wconf 84' lang='lat'>10</span> 
     </span>
     <span class='ocr_line' id='line_1_12' title="bbox 80 726 1624 779; baseline 0.002 -12"><span class='ocrx_word' id='word_1_98' title='bbox 80 728 150 767; x_wconf 88' lang='lat' dir='ltr'>abs</span> <span class='ocrx_word' id='word_1_99' title='bbox 180 732 236 775; x_wconf 84' lang='lat' dir='ltr'>te,</span> <span class='ocrx_word' id='word_1_100' title='bbox 286 728 562 773; x_wconf 79' lang='lat' dir='ltr'>l&#39;ostumiane,</span> <span class='ocrx_word' id='word_1_101' title='bbox 607 741 697 767; x_wconf 80' lang='lat' dir='ltr'>eum</span> <span class='ocrx_word' id='word_1_102' title='bbox 729 741 775 767; x_wconf 83' lang='lat' dir='ltr'>ex</span> <span class='ocrx_word' id='word_1_103' title='bbox 804 727 889 768; x_wconf 86' lang='lat' dir='ltr'>aliis</span> <span class='ocrx_word' id='word_1_104' title='bbox 922 732 1006 767; x_wconf 88' lang='lat' dir='ltr'>tum</span> <span class='ocrx_word' id='word_1_105' title='bbox 1039 726 1113 767; x_wconf 73' lang='lat' dir='ltr'>hoc</span> <span class='ocrx_word' id='word_1_106' title='bbox 1144 728 1314 768; x_wconf 79' lang='lat' dir='ltr'>maxime</span> <span class='ocrx_word' id='word_1_107' title='bbox 1343 728 1466 779; x_wconf 61' lang='lat' dir='ltr'>gratia</span> <span class='ocrx_word' id='word_1_108' title='bbox 1498 728 1624 770; x_wconf 82' lang='lat' dir='ltr'>fateor</span> 
     </span>
     <span class='ocr_line' id='line_1_13' title="bbox 80 784 1622 837; baseline 0.002 -14"><span class='ocrx_word' id='word_1_109' title='bbox 80 784 336 831; x_wconf 70' lang='lat' dir='ltr'>obstrictum,</span> <span class='ocrx_word' id='word_1_110' title='bbox 367 784 472 837; x_wconf 79' lang='lat' dir='ltr'>quod</span> <span class='ocrx_word' id='word_1_111' title='bbox 505 798 526 823; x_wconf 95' lang='lat' dir='ltr'>a</span> <span class='ocrx_word' id='word_1_112' title='bbox 558 784 811 824; x_wconf 78' lang='lat' dir='ltr'>Praetextato</span> <span class='ocrx_word' id='word_1_113' title='bbox 844 784 998 823; x_wconf 60' lang='lat' dir='ltr'>veniam</span> <span class='ocrx_word' id='word_1_114' title='bbox 1031 784 1271 837; x_wconf 87' lang='lat' dir='ltr'>postulando</span> <span class='ocrx_word' id='word_1_115' title='bbox 1304 785 1398 825; x_wconf 90' lang='lat' dir='ltr'>mibi</span> <span class='ocrx_word' id='word_1_116' title='bbox 1428 785 1466 825; x_wconf 89' lang='lat' dir='ltr'>in</span> <span class='ocrx_word' id='word_1_117' title='bbox 1500 800 1622 826; x_wconf 76' lang='lat' dir='ltr'>eoena</span> 
     </span>
     <span class='ocr_line' id='line_1_14' title="bbox 79 840 1621 894; baseline 0.002 -14"><span class='ocrx_word' id='word_1_118' title='bbox 79 840 327 880; x_wconf 60' lang='lat' dir='ltr'>vaeueleeisti</span> <span class='ocrx_word' id='word_1_119' title='bbox 372 840 526 880; x_wconf 73' lang='lat' dir='ltr'>lot-um:</span> <span class='ocrx_word' id='word_1_120' title='bbox 572 840 706 894; x_wconf 84' lang='lat' dir='ltr'>itaque</span> <span class='ocrx_word' id='word_1_121' title='bbox 752 840 937 891; x_wconf 67' lang='lat' dir='ltr'>intellego</span> <span class='ocrx_word' id='word_1_122' title='bbox 977 854 1056 880; x_wconf 91' lang='lat' dir='ltr'>non</span> <span class='ocrx_word' id='word_1_123' title='bbox 1094 840 1269 880; x_wconf 86' lang='lat' dir='ltr'>studium</span> <span class='ocrx_word' id='word_1_124' title='bbox 1311 847 1466 882; x_wconf 88' lang='lat' dir='ltr'>tantum</span> <span class='ocrx_word' id='word_1_125' title='bbox 1509 848 1621 883; x_wconf 91' lang='lat' dir='ltr'>tuum</span> 
     </span>
     <span class='ocr_line' id='line_1_15' title="bbox 80 896 1621 950; baseline 0.002 -14"><span class='ocrx_word' id='word_1_126' title='bbox 80 897 147 936; x_wconf 88' lang='lat' dir='ltr'>sed</span> <span class='ocrx_word' id='word_1_127' title='bbox 180 897 303 950; x_wconf 87' lang='lat' dir='ltr'>ipsam</span> <span class='ocrx_word' id='word_1_128' title='bbox 337 910 518 950; x_wconf 82' lang='lat' dir='ltr'>quoque,</span> <span class='ocrx_word' id='word_1_129' title='bbox 568 902 613 936; x_wconf 89' lang='lat' dir='ltr'>ut</span> <span class='ocrx_word' id='word_1_130' title='bbox 640 896 788 950; x_wconf 85' lang='lat' dir='ltr'>aliquid</span> <span class='ocrx_word' id='word_1_131' title='bbox 817 897 886 936; x_wconf 86' lang='lat' dir='ltr'>abs</span> <span class='ocrx_word' id='word_1_132' title='bbox 918 902 955 936; x_wconf 89' lang='lat' dir='ltr'>te</span> <span class='ocrx_word' id='word_1_133' title='bbox 985 896 1078 936; x_wconf 91' lang='lat' dir='ltr'>mibi</span> <span class='ocrx_word' id='word_1_134' title='bbox 1110 897 1177 937; x_wconf 88' lang='lat' dir='ltr'>liat</span> <span class='ocrx_word' id='word_1_135' title='bbox 1200 898 1419 947; x_wconf 85' lang='lat' dir='ltr'>commodi,</span> <span class='ocrx_word' id='word_1_136' title='bbox 1454 912 1621 939; x_wconf 76' lang='lat' dir='ltr'>eonsen-</span> 
     </span>
     <span class='ocr_line' id='line_1_16' title="bbox 79 952 1685 1007; baseline 0.003 -14"><span class='ocrx_word' id='word_1_137' title='bbox 79 953 153 993; x_wconf 83' lang='lat' dir='ltr'>tire</span> <span class='ocrx_word' id='word_1_138' title='bbox 181 959 301 1007; x_wconf 87' lang='lat' dir='ltr'>atque</span> <span class='ocrx_word' id='word_1_139' title='bbox 331 953 504 1007; x_wconf 87' lang='lat' dir='ltr'>aspirare</span> <span class='ocrx_word' id='word_1_140' title='bbox 535 952 746 993; x_wconf 87' lang='lat' dir='ltr'>fortunam.</span> <span class='ocrx_word' id='word_1_141' title='bbox 807 953 949 1002; x_wconf 67' lang='lat' dir='ltr'>Yisne,</span> <span class='ocrx_word' id='word_1_142' title='bbox 982 953 1163 1007; x_wconf 89' lang='lat' dir='ltr'>inquam,</span> <span class='ocrx_word' id='word_1_143' title='bbox 1198 954 1407 995; x_wconf 83' lang='lat' dir='ltr'>restituere</span> <span class='ocrx_word' id='word_1_144' title='bbox 1435 954 1472 994; x_wconf 90' lang='lat' dir='ltr'>id</span> <span class='ocrx_word' id='word_1_145' title='bbox 1506 956 1621 996; x_wconf 82' lang='lat' dir='ltr'>nobis</span> <span class='ocrx_word' id='word_1_146' title='bbox 1641 958 1685 998; x_wconf 98' lang='lat' dir='ltr'>ll</span> 
     </span>
     <span class='ocr_line' id='line_1_17' title="bbox 80 1009 1621 1065; baseline 0.001 -15"><span class='ocrx_word' id='word_1_147' title='bbox 80 1009 189 1063; x_wconf 84' lang='lat' dir='ltr'>quod</span> <span class='ocrx_word' id='word_1_148' title='bbox 226 1009 405 1050; x_wconf 90' lang='lat' dir='ltr'>debitum</span> <span class='ocrx_word' id='word_1_149' title='bbox 440 1014 518 1049; x_wconf 87' lang='lat' dir='ltr'>tam</span> <span class='ocrx_word' id='word_1_150' title='bbox 561 1009 731 1062; x_wconf 75' lang='lat' dir='ltr'>benigue</span> <span class='ocrx_word' id='word_1_151' title='bbox 769 1023 812 1049; x_wconf 85' lang='lat' dir='ltr'>ae</span> <span class='ocrx_word' id='word_1_152' title='bbox 853 1015 932 1049; x_wconf 85' lang='lat' dir='ltr'>tam</span> <span class='ocrx_word' id='word_1_153' title='bbox 963 1009 1130 1049; x_wconf 81' lang='lat' dir='ltr'>libenter</span> <span class='ocrx_word' id='word_1_154' title='bbox 1159 1009 1310 1058; x_wconf 85' lang='lat' dir='ltr'>fateris,</span> <span class='ocrx_word' id='word_1_155' title='bbox 1356 1016 1621 1065; x_wconf 85' lang='lat' dir='ltr'>nostrumque</span> 
     </span>
     <span class='ocr_line' id='line_1_18' title="bbox 79 1064 1688 1124; baseline 0.004 -19"><span class='ocrx_word' id='word_1_156' title='bbox 79 1065 156 1106; x_wconf 82' lang='lat' dir='ltr'>hoc</span> <span class='ocrx_word' id='word_1_157' title='bbox 182 1066 321 1113; x_wconf 85' lang='lat' dir='ltr'>otium,</span> <span class='ocrx_word' id='word_1_158' title='bbox 339 1080 420 1119; x_wconf 84' lang='lat' dir='ltr'>quo</span> <span class='ocrx_word' id='word_1_159' title='bbox 446 1064 593 1119; x_wconf 83' lang='lat' dir='ltr'>perfrui</span> <span class='ocrx_word' id='word_1_160' title='bbox 621 1079 710 1105; x_wconf 92' lang='lat' dir='ltr'>raro</span> <span class='ocrx_word' id='word_1_161' title='bbox 738 1066 952 1106; x_wconf 87' lang='lat' dir='ltr'>admodum</span> <span class='ocrx_word' id='word_1_162' title='bbox 982 1065 1083 1114; x_wconf 81' lang='lat' dir='ltr'>lieet,</span> <span class='ocrx_word' id='word_1_163' title='bbox 1107 1080 1154 1106; x_wconf 90' lang='lat' dir='ltr'>eo</span> <span class='ocrx_word' id='word_1_164' title='bbox 1180 1066 1326 1107; x_wconf 82' lang='lat' dir='ltr'>dueere</span> <span class='ocrx_word' id='word_1_165' title='bbox 1353 1073 1399 1107; x_wconf 91' lang='lat' dir='ltr'>ut</span> <span class='ocrx_word' id='word_1_166' title='bbox 1421 1067 1481 1107; x_wconf 88' lang='lat' dir='ltr'>bis</span> <span class='ocrx_word' id='word_1_167' title='bbox 1507 1068 1688 1124; x_wconf 77' lang='lat' dir='ltr'>qui-[205]</span> 
     </span>
     <span class='ocr_line' id='line_1_19' title="bbox 81 1121 1690 1173; baseline 0.002 -11"><span class='ocrx_word' id='word_1_168' title='bbox 81 1123 154 1162; x_wconf 87' lang='lat' dir='ltr'>bus</span> <span class='ocrx_word' id='word_1_169' title='bbox 193 1128 287 1162; x_wconf 85' lang='lat' dir='ltr'>tune</span> <span class='ocrx_word' id='word_1_170' title='bbox 323 1128 368 1162; x_wconf 89' lang='lat' dir='ltr'>tu</span> <span class='ocrx_word' id='word_1_171' title='bbox 406 1121 628 1162; x_wconf 83' lang='lat' dir='ltr'>interfueris</span> <span class='ocrx_word' id='word_1_172' title='bbox 665 1135 769 1162; x_wconf 81' lang='lat' dir='ltr'>nune</span> <span class='ocrx_word' id='word_1_173' title='bbox 812 1136 884 1161; x_wconf 88' lang='lat' dir='ltr'>nos</span> <span class='ocrx_word' id='word_1_174' title='bbox 926 1121 1115 1162; x_wconf 88' lang='lat' dir='ltr'>interesse</span> <span class='ocrx_word' id='word_1_175' title='bbox 1153 1122 1390 1163; x_wconf 69' lang='lat' dir='ltr'>videamur?</span> <span class='ocrx_word' id='word_1_176' title='bbox 1449 1125 1690 1173; x_wconf 74' lang='lat' dir='ltr'>l·&#39;a‹·iam‚l·2.</span> 
     </span>
     <span class='ocr_line' id='line_1_20' title="bbox 80 1178 1621 1234; baseline 0.002 -16"><span class='ocrx_word' id='word_1_177' title='bbox 80 1178 221 1232; x_wconf 87' lang='lat' dir='ltr'>inquit,</span> <span class='ocrx_word' id='word_1_178' title='bbox 249 1184 293 1218; x_wconf 84' lang='lat' dir='ltr'>ut</span> <span class='ocrx_word' id='word_1_179' title='bbox 324 1178 391 1218; x_wconf 66' lang='lat' dir='ltr'>vis.</span> <span class='ocrx_word' id='word_1_180' title='bbox 452 1179 630 1219; x_wconf 72' lang='lat' dir='ltr'>Narrabo</span> <span class='ocrx_word' id='word_1_181' title='bbox 662 1184 794 1218; x_wconf 93' lang='lat' dir='ltr'>autem</span> <span class='ocrx_word' id='word_1_182' title='bbox 823 1178 893 1219; x_wconf 90' lang='lat' dir='ltr'>tibi</span> <span class='ocrx_word' id='word_1_183' title='bbox 921 1192 1002 1218; x_wconf 87' lang='lat' dir='ltr'>non</span> <span class='ocrx_word' id='word_1_184' title='bbox 1029 1178 1161 1219; x_wconf 88' lang='lat' dir='ltr'>eibum</span> <span class='ocrx_word' id='word_1_185' title='bbox 1193 1185 1262 1219; x_wconf 90' lang='lat' dir='ltr'>aut</span> <span class='ocrx_word' id='word_1_186' title='bbox 1286 1185 1439 1234; x_wconf 86' lang='lat' dir='ltr'>potum,</span> <span class='ocrx_word' id='word_1_187' title='bbox 1464 1181 1621 1221; x_wconf 88' lang='lat' dir='ltr'>tametsi</span> 
     </span>
     <span class='ocr_line' id='line_1_21' title="bbox 80 1234 1620 1290; baseline 0.001 -15"><span class='ocrx_word' id='word_1_188' title='bbox 80 1248 125 1275; x_wconf 92' lang='lat' dir='ltr'>ea</span> <span class='ocrx_word' id='word_1_189' title='bbox 153 1248 317 1290; x_wconf 81' lang='lat' dir='ltr'>quoque.</span> <span class='ocrx_word' id='word_1_190' title='bbox 346 1234 521 1274; x_wconf 88' lang='lat' dir='ltr'>ubertim</span> <span class='ocrx_word' id='word_1_191' title='bbox 554 1239 743 1288; x_wconf 74' lang='lat' dir='ltr'>castoque</span> <span class='ocrx_word' id='word_1_192' title='bbox 773 1234 989 1275; x_wconf 81' lang='lat' dir='ltr'>adfuerint:</span> <span class='ocrx_word' id='word_1_193' title='bbox 1022 1234 1090 1275; x_wconf 87' lang='lat' dir='ltr'>sed</span> <span class='ocrx_word' id='word_1_194' title='bbox 1119 1240 1158 1275; x_wconf 89' lang='lat' dir='ltr'>et</span> <span class='ocrx_word' id='word_1_195' title='bbox 1189 1249 1291 1289; x_wconf 83' lang='lat' dir='ltr'>quae</span> <span class='ocrx_word' id='word_1_196' title='bbox 1322 1236 1380 1277; x_wconf 67' lang='lat' dir='ltr'>vel</span> <span class='ocrx_word' id='word_1_197' title='bbox 1415 1236 1453 1276; x_wconf 91' lang='lat' dir='ltr'>in</span> <span class='ocrx_word' id='word_1_198' title='bbox 1486 1238 1620 1278; x_wconf 76' lang='lat' dir='ltr'>eomi-</span> 
     </span>
     <span class='ocr_line' id='line_1_22' title="bbox 78 1290 1620 1345; baseline 0.003 -15"><span class='ocrx_word' id='word_1_199' title='bbox 78 1291 150 1331; x_wconf 77' lang='lat' dir='ltr'>viis</span> <span class='ocrx_word' id='word_1_200' title='bbox 189 1290 247 1332; x_wconf 77' lang='lat' dir='ltr'>vel</span> <span class='ocrx_word' id='word_1_201' title='bbox 282 1290 452 1331; x_wconf 79' lang='lat' dir='ltr'>maxime</span> <span class='ocrx_word' id='word_1_202' title='bbox 489 1295 598 1331; x_wconf 79' lang='lat' dir='ltr'>extra</span> <span class='ocrx_word' id='word_1_203' title='bbox 632 1305 807 1331; x_wconf 88' lang='lat' dir='ltr'>mensam</span> <span class='ocrx_word' id='word_1_204' title='bbox 836 1291 884 1331; x_wconf 91' lang='lat' dir='ltr'>ab</span> <span class='ocrx_word' id='word_1_205' title='bbox 918 1291 1040 1332; x_wconf 85' lang='lat' dir='ltr'>isdem</span> <span class='ocrx_word' id='word_1_206' title='bbox 1069 1305 1139 1345; x_wconf 87' lang='lat' dir='ltr'>per</span> <span class='ocrx_word' id='word_1_207' title='bbox 1170 1297 1231 1332; x_wconf 88' lang='lat' dir='ltr'>tot</span> <span class='ocrx_word' id='word_1_208' title='bbox 1261 1292 1344 1333; x_wconf 87' lang='lat' dir='ltr'>dies</span> <span class='ocrx_word' id='word_1_209' title='bbox 1374 1293 1478 1333; x_wconf 78' lang='lat' dir='ltr'>dieta</span> <span class='ocrx_word' id='word_1_210' title='bbox 1515 1300 1620 1341; x_wconf 82' lang='lat' dir='ltr'>sunt,</span> 
     </span>
     <span class='ocr_line' id='line_1_23' title="bbox 79 1347 1687 1403; baseline 0.003 -16"><span class='ocrx_word' id='word_1_211' title='bbox 79 1347 117 1387; x_wconf 90' lang='lat' dir='ltr'>in</span> <span class='ocrx_word' id='word_1_212' title='bbox 148 1352 342 1403; x_wconf 88' lang='lat' dir='ltr'>quantum</span> <span class='ocrx_word' id='word_1_213' title='bbox 378 1352 538 1403; x_wconf 84' lang='lat' dir='ltr'>potero,</span> <span class='ocrx_word' id='word_1_214' title='bbox 581 1347 715 1388; x_wconf 85' lang='lat' dir='ltr'>animo</span> <span class='ocrx_word' id='word_1_215' title='bbox 746 1353 935 1403; x_wconf 88' lang='lat' dir='ltr'>repetam.</span> <span class='ocrx_word' id='word_1_216' title='bbox 997 1348 1113 1399; x_wconf 84' lang='lat' dir='ltr'>Quae</span> <span class='ocrx_word' id='word_1_217' title='bbox 1139 1348 1298 1403; x_wconf 86' lang='lat' dir='ltr'>quidem</span> <span class='ocrx_word' id='word_1_218' title='bbox 1328 1363 1402 1403; x_wconf 82' lang='lat' dir='ltr'>ego</span> <span class='ocrx_word' id='word_1_219' title='bbox 1434 1364 1525 1391; x_wconf 90' lang='lat' dir='ltr'>eum</span> <span class='ocrx_word' id='word_1_220' title='bbox 1551 1365 1619 1392; x_wconf 91' lang='lat' dir='ltr'>au-</span> <span class='ocrx_word' id='word_1_221' title='bbox 1639 1351 1687 1392; x_wconf 82' lang='lat'>13</span> 
     </span>
    </p>
   </div>
   <div class='ocr_carea' id='block_1_2' title="bbox 1123 1487 1532 1532">
    <p class='ocr_par' dir='ltr' id='par_1_2' title="bbox 1123 1487 1532 1532">
     <span class='ocr_line' id='line_1_24' title="bbox 1123 1487 1532 1532; baseline 0.002 -12"><span class='ocrx_word' id='word_1_222' title='bbox 1123 1487 1214 1520; x_wconf 88' lang='lat' dir='ltr'>Edd.</span> <span class='ocrx_word' id='word_1_223' title='bbox 1249 1487 1532 1532; x_wconf 75' lang='lat' dir='ltr'>vicahgspdzb.]</span> 
     </span>
    </p>
   </div>
   <div class='ocr_carea' id='block_1_3' title="bbox 77 1541 1622 1674">
    <p class='ocr_par' dir='ltr' id='par_1_3' title="bbox 77 1541 1622 1674">
     <span class='ocr_line' id='line_1_25' title="bbox 79 1541 1622 1586; baseline 0.003 -14"><span class='ocrx_word' id='word_1_224' title='bbox 79 1552 124 1573; x_wconf 90' lang='grc' dir='ltr'>ιιι.</span> <span class='ocrx_word' id='word_1_225' title='bbox 262 1544 294 1573; x_wconf 82' lang='grc'>7.</span> <span class='ocrx_word' id='word_1_226' title='bbox 338 1541 477 1574; x_wconf 82' lang='lat' dir='ltr'>latiaris</span> <span class='ocrx_word' id='word_1_227' title='bbox 501 1541 631 1574; x_wconf 74' lang='lat' dir='ltr'>BPSH</span> <span class='ocrx_word' id='word_1_228' title='bbox 664 1541 745 1580; x_wconf 76' lang='lat' dir='ltr'>(AG</span> <span class='ocrx_word' id='word_1_229' title='bbox 778 1553 799 1575; x_wconf 77' lang='lat' dir='ltr'>n</span> <span class='ocrx_word' id='word_1_230' title='bbox 826 1555 860 1586; x_wconf 89' lang='lat' dir='ltr'>p.</span> <span class='ocrx_word' id='word_1_231' title='bbox 885 1544 951 1585; x_wconf 88' lang='lat' dir='ltr'>m.)</span> <span class='ocrx_word' id='word_1_232' title='bbox 986 1543 1142 1577; x_wconf 81' lang='lat' dir='ltr'>s-zHP2</span> <span class='ocrx_word' id='word_1_233' title='bbox 1176 1543 1219 1582; x_wconf 79' lang='lat' dir='ltr'>(h</span> <span class='ocrx_word' id='word_1_234' title='bbox 1250 1543 1284 1576; x_wconf 90' lang='lat' dir='ltr'>in</span> <span class='ocrx_word' id='word_1_235' title='bbox 1313 1555 1377 1586; x_wconf 71' lang='lat' dir='ltr'>ing</span> <span class='ocrx_word' id='word_1_236' title='bbox 1394 1546 1419 1584; x_wconf 89' lang='lat'>).</span> <span class='ocrx_word' id='word_1_237' title='bbox 1487 1545 1622 1576; x_wconf 79' lang='lat' dir='ltr'>latialis</span> 
     </span>
     <span class='ocr_line' id='line_1_26' title="bbox 78 1585 1621 1631; baseline 0.003 -14"><span class='ocrx_word' id='word_1_238' title='bbox 78 1585 160 1627; x_wconf 71' lang='lat' dir='ltr'>(AG</span> <span class='ocrx_word' id='word_1_239' title='bbox 191 1595 212 1617; x_wconf 77' lang='lat' dir='ltr'>a</span> <span class='ocrx_word' id='word_1_240' title='bbox 238 1597 310 1618; x_wconf 87' lang='lat' dir='ltr'>sec.</span> <span class='ocrx_word' id='word_1_241' title='bbox 335 1590 400 1625; x_wconf 84' lang='grc' dir='ltr'>ιιι.)</span> <span class='ocrx_word' id='word_1_242' title='bbox 428 1588 518 1627; x_wconf 74' lang='lat' dir='ltr'>v—gb</span> <span class='ocrx_word' id='word_1_243' title='bbox 551 1587 639 1627; x_wconf 76' lang='lat' dir='ltr'>„Sic</span> <span class='ocrx_word' id='word_1_244' title='bbox 666 1588 863 1630; x_wconf 82' lang='lat' dir='ltr'>legendum</span> <span class='ocrx_word' id='word_1_245' title='bbox 893 1594 991 1631; x_wconf 81' lang='lat' dir='ltr'>puto.</span> <span class='ocrx_word' id='word_1_246' title='bbox 1039 1589 1130 1621; x_wconf 68' lang='lat' dir='ltr'>Nam</span> <span class='ocrx_word' id='word_1_247' title='bbox 1157 1600 1226 1621; x_wconf 86' lang='lat' dir='ltr'>non</span> <span class='ocrx_word' id='word_1_248' title='bbox 1257 1589 1320 1620; x_wconf 83' lang='lat' dir='ltr'>hic</span> <span class='ocrx_word' id='word_1_249' title='bbox 1352 1588 1425 1621; x_wconf 87' lang='lat' dir='ltr'>dici</span> <span class='ocrx_word' id='word_1_250' title='bbox 1452 1595 1572 1631; x_wconf 84' lang='lat' dir='ltr'>potest</span> <span class='ocrx_word' id='word_1_251' title='bbox 1601 1601 1621 1621; x_wconf 82' lang='lat' dir='ltr'>a</span> 
     </span>
     <span class='ocr_line' id='line_1_27' title="bbox 77 1629 1619 1674; baseline 0.002 -13"><span class='ocrx_word' id='word_1_252' title='bbox 77 1629 214 1662; x_wconf 81' lang='lat' dir='ltr'>Latiari</span> <span class='ocrx_word' id='word_1_253' title='bbox 237 1631 272 1662; x_wconf 86' lang='grc' dir='ltr'>Ιι.</span> <span class='ocrx_word' id='word_1_254' title='bbox 290 1642 321 1663; x_wconf 83' lang='lat' dir='ltr'>e.</span> <span class='ocrx_word' id='word_1_255' title='bbox 345 1630 448 1662; x_wconf 74' lang='lat' dir='ltr'>seriis</span> <span class='ocrx_word' id='word_1_256' title='bbox 468 1631 621 1669; x_wconf 77' lang='lat' dir='ltr'>Latinis,</span> <span class='ocrx_word' id='word_1_257' title='bbox 646 1634 707 1663; x_wconf 77' lang='lat' dir='ltr'>sed</span> <span class='ocrx_word' id='word_1_258' title='bbox 729 1644 749 1664; x_wconf 84' lang='lat' dir='ltr'>a</span> <span class='ocrx_word' id='word_1_259' title='bbox 771 1632 874 1665; x_wconf 84' lang='lat' dir='ltr'>Latio</span> <span class='ocrx_word' id='word_1_260' title='bbox 934 1633 1130 1674; x_wconf 73' lang='lat' dir='ltr'>Significat</span> <span class='ocrx_word' id='word_1_261' title='bbox 1151 1634 1246 1666; x_wconf 83' lang='lat' dir='ltr'>enim</span> <span class='ocrx_word' id='word_1_262' title='bbox 1270 1634 1414 1666; x_wconf 79' lang='lat' dir='ltr'>litteras</span> <span class='ocrx_word' id='word_1_263' title='bbox 1433 1633 1619 1666; x_wconf 80' lang='lat' dir='ltr'>Latinas.‘·&#39;</span> 
     </span>
    </p>
   </div>
   <div class='ocr_carea' id='block_1_4' title="bbox 78 1676 1622 1809">
    <p class='ocr_par' dir='ltr' id='par_1_4' title="bbox 78 1676 1622 1809">
     <span class='ocr_line' id='line_1_28' title="bbox 80 1676 1622 1722; baseline 0.003 -17"><span class='ocrx_word' id='word_1_264' title='bbox 80 1676 191 1706; x_wconf 76' lang='lat' dir='ltr'>Zeun.</span> <span class='ocrx_word' id='word_1_265' title='bbox 327 1678 358 1706; x_wconf 83' lang='grc'>8,</span> <span class='ocrx_word' id='word_1_266' title='bbox 394 1676 539 1707; x_wconf 80' lang='lat' dir='ltr'>iocunde</span> <span class='ocrx_word' id='word_1_267' title='bbox 564 1676 703 1708; x_wconf 70' lang='lat' dir='ltr'>AGSvi.</span> <span class='ocrx_word' id='word_1_268' title='bbox 752 1677 916 1709; x_wconf 81' lang='lat' dir='ltr'>iucunde</span> <span class='ocrx_word' id='word_1_269' title='bbox 941 1677 1035 1709; x_wconf 85' lang='lat' dir='ltr'>Bc-b</span> <span class='ocrx_word' id='word_1_270' title='bbox 1063 1678 1168 1709; x_wconf 85' lang='lat' dir='ltr'>Bodl.</span> <span class='ocrx_word' id='word_1_271' title='bbox 1196 1696 1239 1702; x_wconf 89' lang='lat'>—</span> <span class='ocrx_word' id='word_1_272' title='bbox 1266 1679 1405 1722; x_wconf 81' lang='lat' dir='ltr'>digesta</span> <span class='ocrx_word' id='word_1_273' title='bbox 1431 1683 1520 1717; x_wconf 88' lang='lat' dir='ltr'>(om.</span> <span class='ocrx_word' id='word_1_274' title='bbox 1541 1682 1622 1721; x_wconf 73' lang='lat' dir='ltr'>quc)</span> 
     </span>
     <span class='ocr_line' id='line_1_29' title="bbox 78 1718 1621 1764; baseline 0.003 -13"><span class='ocrx_word' id='word_1_275' title='bbox 78 1718 260 1761; x_wconf 74' lang='lat' dir='ltr'>ASvichg.</span> <span class='ocrx_word' id='word_1_276' title='bbox 399 1723 431 1750; x_wconf 77' lang='lat'>9.</span> <span class='ocrx_word' id='word_1_277' title='bbox 474 1721 680 1752; x_wconf 72' lang='lat' dir='ltr'>solstitialis</span> <span class='ocrx_word' id='word_1_278' title='bbox 706 1721 789 1752; x_wconf 78' lang='lat' dir='ltr'>dies</span> <span class='ocrx_word' id='word_1_279' title='bbox 817 1721 992 1764; x_wconf 70' lang='lat' dir='ltr'><strong>BGSv-g.</strong></span> <span class='ocrx_word' id='word_1_280' title='bbox 1032 1739 1073 1745; x_wconf 90' lang='lat'>-—-</span> <span class='ocrx_word' id='word_1_281' title='bbox 1108 1723 1172 1754; x_wconf 84' lang='lat' dir='ltr'><em>ille</em></span> <span class='ocrx_word' id='word_1_282' title='bbox 1201 1721 1242 1753; x_wconf 86' lang='grc' dir='ltr'>Β.</span> <span class='ocrx_word' id='word_1_283' title='bbox 1385 1726 1436 1754; x_wconf 88' lang='grc'>10.</span> <span class='ocrx_word' id='word_1_284' title='bbox 1479 1729 1555 1756; x_wconf 81' lang='lat' dir='ltr'>tum</span> <span class='ocrx_word' id='word_1_285' title='bbox 1582 1735 1621 1755; x_wconf 71' lang='lat' dir='ltr'>cx</span> 
     </span>
     <span class='ocr_line' id='line_1_30' title="bbox 79 1763 1552 1809; baseline 0.001 -13"><span class='ocrx_word' id='word_1_286' title='bbox 79 1765 161 1796; x_wconf 79' lang='lat' dir='ltr'>aliis</span> <span class='ocrx_word' id='word_1_287' title='bbox 187 1764 222 1794; x_wconf 82' lang='lat' dir='ltr'>S.</span> <span class='ocrx_word' id='word_1_288' title='bbox 248 1780 290 1786; x_wconf 69' lang='grc' dir='ltr'>υ-</span> <span class='ocrx_word' id='word_1_289' title='bbox 322 1763 406 1794; x_wconf 74' lang='lat' dir='ltr'>mihi</span> <span class='ocrx_word' id='word_1_290' title='bbox 435 1765 494 1795; x_wconf 88' lang='lat' dir='ltr'>abs</span> <span class='ocrx_word' id='word_1_291' title='bbox 519 1770 549 1796; x_wconf 80' lang='lat' dir='ltr'>te</span> <span class='ocrx_word' id='word_1_292' title='bbox 575 1764 615 1795; x_wconf 91' lang='lat' dir='ltr'>G.</span> <span class='ocrx_word' id='word_1_293' title='bbox 646 1782 689 1788; x_wconf 85' lang='lat'>—</span> <span class='ocrx_word' id='word_1_294' title='bbox 714 1766 897 1806; x_wconf 82' lang='lat' dir='ltr'>inspirare</span> <span class='ocrx_word' id='word_1_295' title='bbox 922 1769 1020 1807; x_wconf 81' lang='lat' dir='ltr'>(sup.</span> <span class='ocrx_word' id='word_1_296' title='bbox 1047 1766 1128 1798; x_wconf 80' lang='lat' dir='ltr'>add.</span> <span class='ocrx_word' id='word_1_297' title='bbox 1156 1767 1214 1806; x_wconf 84' lang='lat' dir='ltr'>as)</span> <span class='ocrx_word' id='word_1_298' title='bbox 1241 1766 1283 1798; x_wconf 93' lang='lat' dir='ltr'>G.</span> <span class='ocrx_word' id='word_1_299' title='bbox 1332 1778 1490 1809; x_wconf 83' lang='lat' dir='ltr'>sperare</span> <span class='ocrx_word' id='word_1_300' title='bbox 1512 1768 1552 1799; x_wconf 82' lang='lat' dir='ltr'>P.</span> 
     </span>
    </p>
   </div>
   <div class='ocr_carea' id='block_1_5' title="bbox 77 1808 1620 1898">
    <p class='ocr_par' dir='ltr' id='par_1_5' title="bbox 77 1808 1620 1898">
     <span class='ocr_line' id='line_1_31' title="bbox 150 1808 1620 1852; baseline 0.003 -14"><span class='ocrx_word' id='word_1_301' title='bbox 150 1810 203 1839; x_wconf 82' lang='grc' dir='ltr'>ΙΙ.</span> <span class='ocrx_word' id='word_1_302' title='bbox 245 1808 444 1847; x_wconf 72' lang='lat' dir='ltr'>interfueris</span> <span class='ocrx_word' id='word_1_303' title='bbox 469 1814 550 1841; x_wconf 85' lang='lat' dir='ltr'>tunc</span> <span class='ocrx_word' id='word_1_304' title='bbox 576 1814 613 1841; x_wconf 82' lang='lat' dir='ltr'>tu</span> <span class='ocrx_word' id='word_1_305' title='bbox 639 1809 718 1841; x_wconf 74' lang='lat' dir='ltr'><strong>v-h.</strong></span> <span class='ocrx_word' id='word_1_306' title='bbox 766 1810 881 1851; x_wconf 77' lang='lat' dir='ltr'>interf.</span> <span class='ocrx_word' id='word_1_307' title='bbox 906 1822 1002 1842; x_wconf 78' lang='lat' dir='ltr'>nunc</span> <span class='ocrx_word' id='word_1_308' title='bbox 1028 1816 1063 1843; x_wconf 84' lang='lat' dir='ltr'>tu</span> <span class='ocrx_word' id='word_1_309' title='bbox 1089 1822 1125 1852; x_wconf 80' lang='lat' dir='ltr'>g.</span> <span class='ocrx_word' id='word_1_310' title='bbox 1269 1813 1319 1843; x_wconf 80' lang='lat'>12.</span> <span class='ocrx_word' id='word_1_311' title='bbox 1363 1813 1570 1851; x_wconf 80' lang='lat' dir='ltr'>adfuerunt</span> <span class='ocrx_word' id='word_1_312' title='bbox 1594 1812 1620 1843; x_wconf 84' lang='grc' dir='ltr'>Λ</span> 
     </span>
     <span class='ocr_line' id='line_1_32' title="bbox 77 1852 1620 1898; baseline 0.004 -15"><span class='ocrx_word' id='word_1_313' title='bbox 77 1852 120 1891; x_wconf 74' lang='lat' dir='ltr'>(S</span> <span class='ocrx_word' id='word_1_314' title='bbox 148 1853 230 1895; x_wconf 57' lang='lat' dir='ltr'>aff„</span> <span class='ocrx_word' id='word_1_315' title='bbox 256 1852 292 1883; x_wconf 80' lang='lat' dir='ltr'>M</span> <span class='ocrx_word' id='word_1_316' title='bbox 320 1853 490 1893; x_wconf 60' lang='lat' dir='ltr'>adsueta).</span> <span class='ocrx_word' id='word_1_317' title='bbox 520 1871 552 1876; x_wconf 85' lang='lat'>-</span> <span class='ocrx_word' id='word_1_318' title='bbox 582 1855 641 1886; x_wconf 68' lang='lat' dir='ltr'>scal</span> <span class='ocrx_word' id='word_1_319' title='bbox 664 1865 711 1886; x_wconf 83' lang='lat' dir='ltr'>ea</span> <span class='ocrx_word' id='word_1_320' title='bbox 738 1866 826 1897; x_wconf 83' lang='lat' dir='ltr'>quac</span> <span class='ocrx_word' id='word_1_321' title='bbox 854 1866 930 1897; x_wconf 84' lang='lat' dir='ltr'><strong>c—g.</strong></span> <span class='ocrx_word' id='word_1_322' title='bbox 958 1874 993 1878; x_wconf 94' lang='lat'><em>-</em></span> <span class='ocrx_word' id='word_1_323' title='bbox 1025 1852 1114 1898; x_wconf 70' lang='lat' dir='ltr'>quae</span> <span class='ocrx_word' id='word_1_324' title='bbox 1138 1855 1171 1887; x_wconf 84' lang='lat' dir='ltr'>in</span> <span class='ocrx_word' id='word_1_325' title='bbox 1199 1858 1288 1894; x_wconf 82' lang='lat' dir='ltr'>(om.</span> <span class='ocrx_word' id='word_1_326' title='bbox 1315 1856 1386 1893; x_wconf 86' lang='lat' dir='ltr'>vel)</span> <span class='ocrx_word' id='word_1_327' title='bbox 1409 1856 1448 1888; x_wconf 87' lang='lat' dir='ltr'>P.</span> <span class='ocrx_word' id='word_1_328' title='bbox 1481 1875 1514 1880; x_wconf 94' lang='lat'>-</span> <span class='ocrx_word' id='word_1_329' title='bbox 1543 1857 1620 1889; x_wconf 84' lang='lat' dir='ltr'>aui-</span> 
     </span>
    </p>
   </div>
   <div class='ocr_carea' id='block_1_6' title="bbox 75 1979 814 2991">
    <p class='ocr_par' dir='ltr' id='par_1_6' title="bbox 77 1979 814 2156">
     <span class='ocr_line' id='line_1_33' title="bbox 77 1979 814 2020; baseline 0.001 -9"><span class='ocrx_word' id='word_1_330' title='bbox 77 1980 307 2011; x_wconf 76' lang='lat' dir='ltr'>demonstrat</span> <span class='ocrx_word' id='word_1_331' title='bbox 341 1979 527 2011; x_wconf 73' lang='lat' dir='ltr'>Pantanus</span> <span class='ocrx_word' id='word_1_332' title='bbox 569 1980 612 2011; x_wconf 80' lang='lat' dir='ltr'>nd</span> <span class='ocrx_word' id='word_1_333' title='bbox 656 1980 702 2020; x_wconf 70' lang='lat' dir='ltr'>V,</span> <span class='ocrx_word' id='word_1_334' title='bbox 729 1984 766 2019; x_wconf 80' lang='lat'>7,</span> <span class='ocrx_word' id='word_1_335' title='bbox 793 1983 814 2012; x_wconf 77' lang='lat'><strong>2</strong></span> 
     </span>
     <span class='ocr_line' id='line_1_34' title="bbox 77 2024 814 2066; baseline 0.001 -10"><span class='ocrx_word' id='word_1_336' title='bbox 77 2025 204 2056; x_wconf 80' lang='lat' dir='ltr'>allatis</span> <span class='ocrx_word' id='word_1_337' title='bbox 233 2024 374 2055; x_wconf 87' lang='lat' dir='ltr'>duabus</span> <span class='ocrx_word' id='word_1_338' title='bbox 407 2025 496 2056; x_wconf 80' lang='lat' dir='ltr'>loeis</span> <span class='ocrx_word' id='word_1_339' title='bbox 529 2025 696 2066; x_wconf 74' lang='lat' dir='ltr'>Apuleii,</span> <span class='ocrx_word' id='word_1_340' title='bbox 737 2027 814 2057; x_wconf 70' lang='lat' dir='ltr'>Me-</span> 
     </span>
     <span class='ocr_line' id='line_1_35' title="bbox 79 2069 814 2109; baseline 0.003 -8"><span class='ocrx_word' id='word_1_341' title='bbox 79 2076 162 2101; x_wconf 83' lang='lat' dir='ltr'>tam.</span> <span class='ocrx_word' id='word_1_342' title='bbox 188 2070 214 2109; x_wconf 78' lang='lat'>1,</span> <span class='ocrx_word' id='word_1_343' title='bbox 240 2071 284 2099; x_wconf 79' lang='lat'>22</span> <span class='ocrx_word' id='word_1_344' title='bbox 313 2074 348 2100; x_wconf 80' lang='lat' dir='ltr'>et</span> <span class='ocrx_word' id='word_1_345' title='bbox 374 2069 439 2107; x_wconf 91' lang='grc' dir='ltr'>ΙΙΙ,</span> <span class='ocrx_word' id='word_1_346' title='bbox 467 2071 505 2100; x_wconf 76' lang='lat'>12</span> <span class='ocrx_word' id='word_1_347' title='bbox 531 2075 567 2100; x_wconf 86' lang='lat' dir='ltr'>et</span> <span class='ocrx_word' id='word_1_348' title='bbox 594 2081 663 2102; x_wconf 87' lang='lat' dir='ltr'>uno</span> <span class='ocrx_word' id='word_1_349' title='bbox 690 2082 730 2102; x_wconf 85' lang='lat' dir='ltr'>ex</span> <span class='ocrx_word' id='word_1_350' title='bbox 759 2070 814 2103; x_wconf 93' lang='lat' dir='ltr'>in-</span> 
     </span>
     <span class='ocr_line' id='line_1_36' title="bbox 78 2114 596 2156; baseline -0.002 -10"><span class='ocrx_word' id='word_1_351' title='bbox 78 2120 238 2156; x_wconf 78' lang='lat' dir='ltr'>terprete</span> <span class='ocrx_word' id='word_1_352' title='bbox 263 2114 446 2156; x_wconf 79' lang='lat' dir='ltr'>Apollonii</span> <span class='ocrx_word' id='word_1_353' title='bbox 477 2114 596 2156; x_wconf 67' lang='lat' dir='ltr'>Tyrii.</span> 
     </span>
    </p>

    <p class='ocr_par' dir='ltr' id='par_1_7' title="bbox 77 2158 814 2378">
     <span class='ocr_line' id='line_1_37' title="bbox 122 2158 813 2201; baseline 0.004 -13"><span class='ocrx_word' id='word_1_354' title='bbox 122 2162 155 2189; x_wconf 79' lang='lat'>7.</span> <span class='ocrx_word' id='word_1_355' title='bbox 205 2159 293 2189; x_wconf 80' lang='lat' dir='ltr'>idem</span> <span class='ocrx_word' id='word_1_356' title='bbox 327 2183 356 2190; x_wconf 92' lang='lat'>..</span> <span class='ocrx_word' id='word_1_357' title='bbox 387 2158 566 2201; x_wconf 81' lang='lat' dir='ltr'>professis]</span> <span class='ocrx_word' id='word_1_358' title='bbox 607 2158 631 2191; x_wconf 90' lang='lat' dir='ltr'>i.</span> <span class='ocrx_word' id='word_1_359' title='bbox 663 2170 693 2191; x_wconf 83' lang='lat' dir='ltr'>e..</span> <span class='ocrx_word' id='word_1_360' title='bbox 726 2169 813 2191; x_wconf 81' lang='lat' dir='ltr'>ean-</span> 
     </span>
     <span class='ocr_line' id='line_1_38' title="bbox 78 2203 811 2242; baseline 0.003 -8"><span class='ocrx_word' id='word_1_361' title='bbox 78 2203 158 2234; x_wconf 81' lang='lat' dir='ltr'>dem</span> <span class='ocrx_word' id='word_1_362' title='bbox 184 2208 314 2242; x_wconf 74' lang='lat' dir='ltr'>artem,</span> <span class='ocrx_word' id='word_1_363' title='bbox 339 2203 577 2238; x_wconf 75' lang='lat' dir='ltr'>rhetoricam.</span> <span class='ocrx_word' id='word_1_364' title='bbox 606 2204 651 2235; x_wconf 82' lang='lat' dir='ltr'>cf.</span> <span class='ocrx_word' id='word_1_365' title='bbox 677 2203 752 2235; x_wconf 78' lang='lat' dir='ltr'>Cic.</span> <span class='ocrx_word' id='word_1_366' title='bbox 777 2204 811 2236; x_wconf 91' lang='lat' dir='ltr'>in</span> 
     </span>
     <span class='ocr_line' id='line_1_39' title="bbox 78 2247 811 2291; baseline 0 -12"><span class='ocrx_word' id='word_1_367' title='bbox 78 2247 152 2279; x_wconf 85' lang='lat' dir='ltr'>Pis.</span> <span class='ocrx_word' id='word_1_368' title='bbox 182 2249 237 2278; x_wconf 76' lang='lat'>29.</span> <span class='ocrx_word' id='word_1_369' title='bbox 266 2250 319 2279; x_wconf 78' lang='lat'>71.</span> <span class='ocrx_word' id='word_1_370' title='bbox 359 2259 459 2290; x_wconf 80' lang='lat' dir='ltr'>quam</span> <span class='ocrx_word' id='word_1_371' title='bbox 495 2248 811 2291; x_wconf 78' lang='lat' dir='ltr'>(philosophiam)</span> 
     </span>
     <span class='ocr_line' id='line_1_40' title="bbox 77 2293 814 2335; baseline 0.004 -13"><span class='ocrx_word' id='word_1_372' title='bbox 77 2293 136 2334; x_wconf 80' lang='lat' dir='ltr'>qui</span> <span class='ocrx_word' id='word_1_373' title='bbox 154 2293 346 2334; x_wconf 80' lang='lat' dir='ltr'>profitetur,</span> <span class='ocrx_word' id='word_1_374' title='bbox 373 2293 620 2335; x_wconf 74' lang='lat' dir='ltr'>gravissimam</span> <span class='ocrx_word' id='word_1_375' title='bbox 647 2295 814 2327; x_wconf 77' lang='lat' dir='ltr'>sustinere</span> 
     </span>
     <span class='ocr_line' id='line_1_41' title="bbox 77 2337 540 2378; baseline 0.004 -11"><span class='ocrx_word' id='word_1_376' title='bbox 77 2337 162 2368; x_wconf 81' lang='lat' dir='ltr'>mihi</span> <span class='ocrx_word' id='word_1_377' title='bbox 185 2347 365 2378; x_wconf 81' lang='lat' dir='ltr'>personam</span> <span class='ocrx_word' id='word_1_378' title='bbox 394 2338 540 2369; x_wconf 80' lang='lat' dir='ltr'>videtur.</span> 
     </span>
    </p>

    <p class='ocr_par' dir='ltr' id='par_1_8' title="bbox 78 2380 813 2502">
     <span class='ocr_line' id='line_1_42' title="bbox 127 2380 813 2422; baseline 0.004 -12"><span class='ocrx_word' id='word_1_379' title='bbox 127 2380 292 2422; x_wconf 69' lang='lat' dir='ltr'>Latiaris]</span> <span class='ocrx_word' id='word_1_380' title='bbox 324 2381 426 2412; x_wconf 81' lang='lat' dir='ltr'>lianc</span> <span class='ocrx_word' id='word_1_381' title='bbox 452 2383 607 2414; x_wconf 79' lang='lat' dir='ltr'>atteram</span> <span class='ocrx_word' id='word_1_382' title='bbox 639 2381 813 2414; x_wconf 63' lang='lat' dir='ltr'>adiectis-i</span> 
     </span>
     <span class='ocr_line' id='line_1_43' title="bbox 78 2424 813 2459; baseline 0.004 -3"><span class='ocrx_word' id='word_1_383' title='bbox 78 2424 232 2456; x_wconf 82' lang='lat' dir='ltr'>formam</span> <span class='ocrx_word' id='word_1_384' title='bbox 266 2424 424 2457; x_wconf 86' lang='lat' dir='ltr'>Zeunius</span> <span class='ocrx_word' id='word_1_385' title='bbox 459 2425 556 2458; x_wconf 86' lang='lat' dir='ltr'>haud</span> <span class='ocrx_word' id='word_1_386' title='bbox 599 2432 697 2459; x_wconf 78' lang='lat' dir='ltr'>recte</span> <span class='ocrx_word' id='word_1_387' title='bbox 736 2427 813 2459; x_wconf 73' lang='lat' dir='ltr'>vult</span> 
     </span>
     <span class='ocr_line' id='line_1_44' title="bbox 79 2468 477 2502; baseline -0.003 -1"><span class='ocrx_word' id='word_1_388' title='bbox 79 2468 212 2501; x_wconf 79' lang='lat' dir='ltr'>mutari</span> <span class='ocrx_word' id='word_1_389' title='bbox 238 2469 271 2500; x_wconf 88' lang='lat' dir='ltr'>in</span> <span class='ocrx_word' id='word_1_390' title='bbox 302 2469 477 2502; x_wconf 80' lang='lat' dir='ltr'>Latialis.</span> 
     </span>
    </p>

    <p class='ocr_par' dir='ltr' id='par_1_9' title="bbox 78 2514 811 2597">
     <span class='ocr_line' id='line_1_45' title="bbox 122 2514 811 2557; baseline 0.001 -12"><span class='ocrx_word' id='word_1_391' title='bbox 122 2514 266 2545; x_wconf 76' lang='lat' dir='ltr'>invitari</span> <span class='ocrx_word' id='word_1_392' title='bbox 305 2514 501 2557; x_wconf 75' lang='lat' dir='ltr'>imperavit]</span> <span class='ocrx_word' id='word_1_393' title='bbox 542 2514 620 2546; x_wconf 68' lang='lat' dir='ltr'>Vid.</span> <span class='ocrx_word' id='word_1_394' title='bbox 657 2518 728 2546; x_wconf 86' lang='lat' dir='ltr'>not.</span> <span class='ocrx_word' id='word_1_395' title='bbox 766 2515 811 2547; x_wconf 83' lang='lat' dir='ltr'>ad</span> 
     </span>
     <span class='ocr_line' id='line_1_46' title="bbox 78 2557 424 2597; baseline 0.003 -8"><span class='ocrx_word' id='word_1_396' title='bbox 78 2557 214 2589; x_wconf 75' lang='lat' dir='ltr'>comm.</span> <span class='ocrx_word' id='word_1_397' title='bbox 243 2558 289 2597; x_wconf 74' lang='grc'>11,</span> <span class='ocrx_word' id='word_1_398' title='bbox 320 2561 347 2595; x_wconf 65' lang='lat' dir='ltr'>lq</span> <span class='ocrx_word' id='word_1_399' title='bbox 376 2562 424 2590; x_wconf 90' lang='grc'>10.</span> 
     </span>
    </p>

    <p class='ocr_par' dir='ltr' id='par_1_10' title="bbox 75 2603 813 2991">
     <span class='ocr_line' id='line_1_47' title="bbox 120 2603 813 2645; baseline -0.001 -11"><span class='ocrx_word' id='word_1_400' title='bbox 120 2606 151 2634; x_wconf 85' lang='grc'>9.</span> <span class='ocrx_word' id='word_1_401' title='bbox 201 2603 378 2636; x_wconf 79' lang='lat' dir='ltr'>solstitiali</span> <span class='ocrx_word' id='word_1_402' title='bbox 396 2605 450 2636; x_wconf 81' lang='lat' dir='ltr'>die</span> <span class='ocrx_word' id='word_1_403' title='bbox 469 2604 528 2645; x_wconf 77' lang='lat' dir='ltr'>qui</span> <span class='ocrx_word' id='word_1_404' title='bbox 552 2629 558 2635; x_wconf 93' lang='lat'>.</span> <span class='ocrx_word' id='word_1_405' title='bbox 579 2628 586 2634; x_wconf 93' lang='lat'><strong><em>.</em></strong></span> <span class='ocrx_word' id='word_1_406' title='bbox 613 2607 813 2634; x_wconf 76' lang='lat' dir='ltr'>consecutus</span> 
     </span>
     <span class='ocr_line' id='line_1_48' title="bbox 76 2647 811 2689; baseline -0.003 -10"><span class='ocrx_word' id='word_1_407' title='bbox 76 2647 137 2689; x_wconf 85' lang='lat' dir='ltr'>est]</span> <span class='ocrx_word' id='word_1_408' title='bbox 160 2648 364 2680; x_wconf 72' lang='lat' dir='ltr'>solstitialis</span> <span class='ocrx_word' id='word_1_409' title='bbox 388 2649 459 2680; x_wconf 81' lang='lat' dir='ltr'>dies</span> <span class='ocrx_word' id='word_1_410' title='bbox 485 2653 540 2680; x_wconf 84' lang='lat' dir='ltr'>est</span> <span class='ocrx_word' id='word_1_411' title='bbox 558 2648 700 2685; x_wconf 76' lang='lat' dir='ltr'>bruma,</span> <span class='ocrx_word' id='word_1_412' title='bbox 719 2657 811 2688; x_wconf 80' lang='lat' dir='ltr'>quae</span> 
     </span>
     <span class='ocr_line' id='line_1_49' title="bbox 76 2692 812 2731; baseline -0.001 -8"><span class='ocrx_word' id='word_1_413' title='bbox 76 2696 132 2723; x_wconf 82' lang='lat' dir='ltr'>est</span> <span class='ocrx_word' id='word_1_414' title='bbox 164 2692 226 2723; x_wconf 61' lang='lat' dir='ltr'>IX.</span> <span class='ocrx_word' id='word_1_415' title='bbox 260 2692 340 2724; x_wconf 72' lang='lat' dir='ltr'>Kal.</span> <span class='ocrx_word' id='word_1_416' title='bbox 374 2693 449 2725; x_wconf 87' lang='lat' dir='ltr'>lan.</span> <span class='ocrx_word' id='word_1_417' title='bbox 504 2693 733 2731; x_wconf 78' lang='lat' dir='ltr'>Saturnalia,</span> <span class='ocrx_word' id='word_1_418' title='bbox 775 2696 812 2722; x_wconf 88' lang='lat' dir='ltr'>ut</span> 
     </span>
     <span class='ocr_line' id='line_1_50' title="bbox 78 2735 811 2779; baseline 0.001 -12"><span class='ocrx_word' id='word_1_419' title='bbox 78 2735 287 2768; x_wconf 83' lang='lat' dir='ltr'>Macrobius</span> <span class='ocrx_word' id='word_1_420' title='bbox 326 2738 439 2769; x_wconf 80' lang='lat' dir='ltr'>refert</span> <span class='ocrx_word' id='word_1_421' title='bbox 470 2750 498 2770; x_wconf 87' lang='lat' dir='ltr'>c.</span> <span class='ocrx_word' id='word_1_422' title='bbox 535 2740 585 2769; x_wconf 87' lang='lat'>10.</span> <span class='ocrx_word' id='word_1_423' title='bbox 626 2738 642 2779; x_wconf 87' lang='lat'><strong>§</strong></span> <span class='ocrx_word' id='word_1_424' title='bbox 676 2739 750 2776; x_wconf 80' lang='lat'><strong>23.‚</strong></span> <span class='ocrx_word' id='word_1_425' title='bbox 791 2747 811 2768; x_wconf 80' lang='lat' dir='ltr'>a</span> 
     </span>
     <span class='ocr_line' id='line_1_51' title="bbox 77 2780 808 2823; baseline 0 -11"><span class='ocrx_word' id='word_1_426' title='bbox 77 2785 180 2812; x_wconf 80' lang='lat' dir='ltr'>sexto</span> <span class='ocrx_word' id='word_1_427' title='bbox 210 2781 352 2813; x_wconf 72' lang='lat' dir='ltr'>decimo</span> <span class='ocrx_word' id='word_1_428' title='bbox 384 2782 468 2814; x_wconf 76' lang='lat' dir='ltr'>Kal.</span> <span class='ocrx_word' id='word_1_429' title='bbox 502 2782 577 2814; x_wconf 87' lang='lat' dir='ltr'>lan.</span> <span class='ocrx_word' id='word_1_430' title='bbox 612 2786 741 2823; x_wconf 76' lang='lat' dir='ltr'>coepta</span> <span class='ocrx_word' id='word_1_431' title='bbox 775 2780 808 2812; x_wconf 89' lang='lat' dir='ltr'>in</span> 
     </span>
     <span class='ocr_line' id='line_1_52' title="bbox 76 2826 810 2866; baseline 0.001 -10"><span class='ocrx_word' id='word_1_432' title='bbox 76 2830 242 2866; x_wconf 84' lang='lat' dir='ltr'>quartum</span> <span class='ocrx_word' id='word_1_433' title='bbox 285 2826 467 2859; x_wconf 74' lang='lat' dir='ltr'>decimum</span> <span class='ocrx_word' id='word_1_434' title='bbox 509 2826 698 2865; x_wconf 79' lang='lat' dir='ltr'>desinunt,</span> <span class='ocrx_word' id='word_1_435' title='bbox 748 2826 810 2858; x_wconf 86' lang='lat' dir='ltr'>sed</span> 
     </span>
     <span class='ocr_line' id='line_1_53' title="bbox 75 2869 810 2912; baseline 0 -11"><span class='ocrx_word' id='word_1_436' title='bbox 75 2869 353 2912; x_wconf 79' lang='lat' dir='ltr'>Sigillariorum</span> <span class='ocrx_word' id='word_1_437' title='bbox 378 2872 522 2904; x_wconf 82' lang='lat' dir='ltr'>adiecta</span> <span class='ocrx_word' id='word_1_438' title='bbox 551 2871 750 2903; x_wconf 84' lang='lat' dir='ltr'>celebritas</span> <span class='ocrx_word' id='word_1_439' title='bbox 777 2870 810 2901; x_wconf 90' lang='lat' dir='ltr'>in</span> 
     </span>
     <span class='ocr_line' id='line_1_54' title="bbox 76 2915 811 2958; baseline 0.003 -13"><span class='ocrx_word' id='word_1_440' title='bbox 76 2919 216 2955; x_wconf 82' lang='lat' dir='ltr'>septem</span> <span class='ocrx_word' id='word_1_441' title='bbox 262 2915 340 2948; x_wconf 83' lang='lat' dir='ltr'>dies</span> <span class='ocrx_word' id='word_1_442' title='bbox 389 2916 569 2950; x_wconf 79' lang='lat' dir='ltr'>laetitiam</span> <span class='ocrx_word' id='word_1_443' title='bbox 618 2916 811 2958; x_wconf 68' lang='lat' dir='ltr'>religionis</span> 
     </span>
     <span class='ocr_line' id='line_1_55' title="bbox 77 2958 250 2991; baseline 0.017 -3"><span class='ocrx_word' id='word_1_444' title='bbox 77 2958 250 2991; x_wconf 86' lang='lat' dir='ltr'>extendit.</span> 
     </span>
    </p>
   </div>
   <div class='ocr_carea' id='block_1_7' title="bbox 882 1982 1621 2203">
    <p class='ocr_par' dir='ltr' id='par_1_11' title="bbox 882 1982 1621 2203">
     <span class='ocr_line' id='line_1_56' title="bbox 923 1982 1621 2025; baseline 0.001 -11"><span class='ocrx_word' id='word_1_445' title='bbox 923 1982 1058 2023; x_wconf 79' lang='lat' dir='ltr'>forensi</span> <span class='ocrx_word' id='word_1_446' title='bbox 1079 1993 1162 2014; x_wconf 81' lang='lat' dir='ltr'>cura</span> <span class='ocrx_word' id='word_1_447' title='bbox 1185 1982 1329 2025; x_wconf 83' lang='lat' dir='ltr'>vacuus]</span> <span class='ocrx_word' id='word_1_448' title='bbox 1351 1982 1445 2015; x_wconf 82' lang='lat' dir='ltr'>Casu</span> <span class='ocrx_word' id='word_1_449' title='bbox 1466 1986 1621 2022; x_wconf 80' lang='lat' dir='ltr'>tantum,</span> 
     </span>
     <span class='ocr_line' id='line_1_57' title="bbox 882 2027 1620 2061; baseline 0.004 -3"><span class='ocrx_word' id='word_1_450' title='bbox 882 2031 921 2059; x_wconf 86' lang='lat' dir='ltr'>ut</span> <span class='ocrx_word' id='word_1_451' title='bbox 960 2027 1115 2059; x_wconf 77' lang='lat' dir='ltr'>videtur.</span> <span class='ocrx_word' id='word_1_452' title='bbox 1164 2027 1254 2060; x_wconf 66' lang='lat' dir='ltr'>Nam</span> <span class='ocrx_word' id='word_1_453' title='bbox 1294 2028 1508 2060; x_wconf 78' lang='lat' dir='ltr'>solstitialis</span> <span class='ocrx_word' id='word_1_454' title='bbox 1542 2029 1620 2061; x_wconf 79' lang='lat' dir='ltr'>dies</span> 
     </span>
     <span class='ocr_line' id='line_1_58' title="bbox 883 2072 1621 2116; baseline 0.001 -13"><span class='ocrx_word' id='word_1_455' title='bbox 883 2072 1081 2104; x_wconf 87' lang='lat' dir='ltr'>comitialis</span> <span class='ocrx_word' id='word_1_456' title='bbox 1108 2072 1196 2111; x_wconf 83' lang='lat' dir='ltr'>fuit,</span> <span class='ocrx_word' id='word_1_457' title='bbox 1234 2072 1269 2104; x_wconf 90' lang='lat' dir='ltr'>in</span> <span class='ocrx_word' id='word_1_458' title='bbox 1295 2084 1365 2114; x_wconf 90' lang='lat' dir='ltr'>quo</span> <span class='ocrx_word' id='word_1_459' title='bbox 1390 2077 1425 2105; x_wconf 83' lang='lat' dir='ltr'>et</span> <span class='ocrx_word' id='word_1_460' title='bbox 1450 2084 1530 2105; x_wconf 82' lang='lat' dir='ltr'>cum</span> <span class='ocrx_word' id='word_1_461' title='bbox 1556 2086 1621 2116; x_wconf 89' lang='lat' dir='ltr'>po-</span> 
     </span>
     <span class='ocr_line' id='line_1_59' title="bbox 883 2116 1618 2160; baseline 0.005 -13"><span class='ocrx_word' id='word_1_462' title='bbox 883 2117 969 2158; x_wconf 88' lang='lat' dir='ltr'>pulo</span> <span class='ocrx_word' id='word_1_463' title='bbox 1002 2116 1064 2159; x_wconf 82' lang='lat' dir='ltr'>agi</span> <span class='ocrx_word' id='word_1_464' title='bbox 1098 2122 1134 2150; x_wconf 68' lang='lat' dir='ltr'>et</span> <span class='ocrx_word' id='word_1_465' title='bbox 1167 2118 1251 2160; x_wconf 85' lang='lat' dir='ltr'>lege</span> <span class='ocrx_word' id='word_1_466' title='bbox 1287 2117 1349 2160; x_wconf 81' lang='lat' dir='ltr'>agi</span> <span class='ocrx_word' id='word_1_467' title='bbox 1381 2123 1515 2160; x_wconf 85' lang='lat' dir='ltr'>posset.</span> <span class='ocrx_word' id='word_1_468' title='bbox 1564 2119 1618 2151; x_wconf 77' lang='lat' dir='ltr'>Cf.</span> 
     </span>
     <span class='ocr_line' id='line_1_60' title="bbox 883 2162 1117 2203; baseline 0 -10"><span class='ocrx_word' id='word_1_469' title='bbox 883 2173 911 2193; x_wconf 83' lang='lat' dir='ltr'>c.</span> <span class='ocrx_word' id='word_1_470' title='bbox 944 2165 993 2201; x_wconf 86' lang='lat'>16,</span> <span class='ocrx_word' id='word_1_471' title='bbox 1021 2162 1037 2203; x_wconf 65' lang='lat'><strong>9</strong></span> <span class='ocrx_word' id='word_1_472' title='bbox 1068 2163 1117 2193; x_wconf 78' lang='lat'>14.</span> 
     </span>
    </p>
   </div>
   <div class='ocr_carea' id='block_1_8' title="bbox 881 2216 1619 2304">
    <p class='ocr_par' dir='ltr' id='par_1_12' title="bbox 881 2216 1619 2304">
     <span class='ocr_line' id='line_1_61' title="bbox 926 2216 1619 2259; baseline 0.001 -10"><span class='ocrx_word' id='word_1_473' title='bbox 926 2228 943 2249; x_wconf 84' lang='lat' dir='ltr'>e</span> <span class='ocrx_word' id='word_1_474' title='bbox 991 2218 1215 2250; x_wconf 78' lang='lat' dir='ltr'>sectatoribus</span> <span class='ocrx_word' id='word_1_475' title='bbox 1265 2217 1350 2259; x_wconf 86' lang='lat' dir='ltr'>suis]</span> <span class='ocrx_word' id='word_1_476' title='bbox 1409 2216 1619 2250; x_wconf 72' lang='lat' dir='ltr'>sectatores</span> 
     </span>
     <span class='ocr_line' id='line_1_62' title="bbox 881 2261 1471 2304; baseline 0.002 -11"><span class='ocrx_word' id='word_1_477' title='bbox 881 2261 1042 2295; x_wconf 74' lang='lat' dir='ltr'>rhetoris</span> <span class='ocrx_word' id='word_1_478' title='bbox 1069 2267 1154 2294; x_wconf 85' lang='lat' dir='ltr'>sunt</span> <span class='ocrx_word' id='word_1_479' title='bbox 1182 2262 1261 2294; x_wconf 81' lang='lat' dir='ltr'>eius</span> <span class='ocrx_word' id='word_1_480' title='bbox 1285 2261 1471 2304; x_wconf 87' lang='lat' dir='ltr'>discipuli.</span> 
     </span>
    </p>
   </div>
   <div class='ocr_carea' id='block_1_9' title="bbox 925 2317 1594 2361">
    <p class='ocr_par' dir='ltr' id='par_1_13' title="bbox 925 2317 1594 2361">
     <span class='ocr_line' id='line_1_63' title="bbox 925 2317 1594 2361; baseline -0.001 -12"><span class='ocrx_word' id='word_1_481' title='bbox 925 2317 1099 2359; x_wconf 73' lang='lat' dir='ltr'>renidens]</span> <span class='ocrx_word' id='word_1_482' title='bbox 1132 2317 1210 2349; x_wconf 63' lang='lat' dir='ltr'><strong>x‘id.</strong></span> <span class='ocrx_word' id='word_1_483' title='bbox 1238 2318 1408 2361; x_wconf 79' lang='lat' dir='ltr'>prolegg.</span> <span class='ocrx_word' id='word_1_484' title='bbox 1436 2329 1470 2361; x_wconf 89' lang='lat' dir='ltr'>p.</span> <span class='ocrx_word' id='word_1_485' title='bbox 1496 2327 1594 2349; x_wconf 76' lang='lat' dir='ltr'>xmv.</span> 
     </span>
    </p>
   </div>
   <div class='ocr_carea' id='block_1_10' title="bbox 880 2373 1618 2459">
    <p class='ocr_par' dir='ltr' id='par_1_14' title="bbox 880 2373 1618 2459">
     <span class='ocr_line' id='line_1_64' title="bbox 928 2373 1618 2416; baseline 0.001 -12"><span class='ocrx_word' id='word_1_486' title='bbox 928 2375 981 2404; x_wconf 90' lang='lat'>10.</span> <span class='ocrx_word' id='word_1_487' title='bbox 1028 2373 1166 2404; x_wconf 82' lang='lat' dir='ltr'>veniam</span> <span class='ocrx_word' id='word_1_488' title='bbox 1188 2373 1413 2416; x_wconf 84' lang='lat' dir='ltr'>postulando]</span> <span class='ocrx_word' id='word_1_489' title='bbox 1439 2373 1464 2405; x_wconf 88' lang='lat' dir='ltr'>i.</span> <span class='ocrx_word' id='word_1_490' title='bbox 1490 2384 1522 2406; x_wconf 80' lang='lat' dir='ltr'>e.</span> <span class='ocrx_word' id='word_1_491' title='bbox 1548 2384 1618 2405; x_wconf 89' lang='lat' dir='ltr'>non</span> 
     </span>
     <span class='ocr_line' id='line_1_65' title="bbox 880 2416 1392 2459; baseline -0.002 -9"><span class='ocrx_word' id='word_1_492' title='bbox 880 2416 1095 2459; x_wconf 80' lang='lat' dir='ltr'>accipiendo</span> <span class='ocrx_word' id='word_1_493' title='bbox 1124 2417 1392 2450; x_wconf 74' lang='lat' dir='ltr'>invitationem.</span> 
     </span>
    </p>
   </div>
   <div class='ocr_carea' id='block_1_11' title="bbox 878 2471 1617 2787">
    <p class='ocr_par' dir='ltr' id='par_1_15' title="bbox 879 2471 1617 2594">
     <span class='ocr_line' id='line_1_66' title="bbox 925 2471 1617 2515; baseline 0.001 -12"><span class='ocrx_word' id='word_1_494' title='bbox 925 2474 1085 2515; x_wconf 81' lang='lat' dir='ltr'>aspirare</span> <span class='ocrx_word' id='word_1_495' title='bbox 1103 2473 1304 2515; x_wconf 84' lang='lat' dir='ltr'>fortunam]</span> <span class='ocrx_word' id='word_1_496' title='bbox 1330 2472 1386 2504; x_wconf 83' lang='lat' dir='ltr'>Cf.</span> <span class='ocrx_word' id='word_1_497' title='bbox 1413 2471 1513 2515; x_wconf 69' lang='lat' dir='ltr'>Virg.</span> <span class='ocrx_word' id='word_1_498' title='bbox 1532 2472 1617 2504; x_wconf 71' lang='lat' dir='ltr'><strong>Aen.</strong></span> 
     </span>
     <span class='ocr_line' id='line_1_67' title="bbox 879 2516 1617 2561; baseline 0.001 -13"><span class='ocrx_word' id='word_1_499' title='bbox 879 2516 934 2556; x_wconf 84' lang='grc' dir='ltr'>ΙΙ,</span> <span class='ocrx_word' id='word_1_500' title='bbox 960 2520 1038 2550; x_wconf 81' lang='grc'><strong>385.</strong></span> <span class='ocrx_word' id='word_1_501' title='bbox 1065 2519 1256 2560; x_wconf 80' lang='lat' dir='ltr'>Aspirat</span> <span class='ocrx_word' id='word_1_502' title='bbox 1287 2519 1400 2561; x_wconf 84' lang='lat' dir='ltr'>primo</span> <span class='ocrx_word' id='word_1_503' title='bbox 1428 2519 1617 2558; x_wconf 82' lang='lat' dir='ltr'>fortuna</span> 
     </span>
     <span class='ocr_line' id='line_1_68' title="bbox 881 2562 1003 2594; baseline 0.016 -2"><span class='ocrx_word' id='word_1_504' title='bbox 881 2562 1003 2594; x_wconf 79' lang='lat' dir='ltr'>labori.</span> 
     </span>
    </p>

    <p class='ocr_par' dir='ltr' id='par_1_16' title="bbox 879 2620 1617 2698">
     <span class='ocr_line' id='line_1_69' title="bbox 927 2620 1617 2664; baseline 0 -11"><span class='ocrx_word' id='word_1_505' title='bbox 927 2623 979 2653; x_wconf 88' lang='grc'>11.</span> <span class='ocrx_word' id='word_1_506' title='bbox 1026 2633 1063 2654; x_wconf 88' lang='lat' dir='ltr'>eo</span> <span class='ocrx_word' id='word_1_507' title='bbox 1098 2622 1234 2664; x_wconf 80' lang='lat' dir='ltr'>ducere]</span> <span class='ocrx_word' id='word_1_508' title='bbox 1276 2621 1298 2655; x_wconf 85' lang='lat' dir='ltr'>i.</span> <span class='ocrx_word' id='word_1_509' title='bbox 1333 2633 1365 2654; x_wconf 84' lang='lat' dir='ltr'>e.</span> <span class='ocrx_word' id='word_1_510' title='bbox 1398 2621 1433 2653; x_wconf 89' lang='lat' dir='ltr'>in</span> <span class='ocrx_word' id='word_1_511' title='bbox 1468 2620 1502 2653; x_wconf 90' lang='lat' dir='ltr'>id</span> <span class='ocrx_word' id='word_1_512' title='bbox 1531 2631 1617 2653; x_wconf 88' lang='lat' dir='ltr'>con-</span> 
     </span>
     <span class='ocr_line' id='line_1_70' title="bbox 879 2672 1035 2698; baseline 0.006 -1"><span class='ocrx_word' id='word_1_513' title='bbox 879 2672 1035 2698; x_wconf 68' lang='lat' dir='ltr'>vertere.</span> 
     </span>
    </p>

    <p class='ocr_par' dir='ltr' id='par_1_17' title="bbox 878 2709 1615 2787">
     <span class='ocr_line' id='line_1_71' title="bbox 923 2709 1615 2753; baseline 0 -12"><span class='ocrx_word' id='word_1_514' title='bbox 923 2711 1066 2743; x_wconf 78' lang='lat' dir='ltr'>ubertim</span> <span class='ocrx_word' id='word_1_515' title='bbox 1092 2711 1263 2753; x_wconf 80' lang='lat' dir='ltr'>casteque]</span> <span class='ocrx_word' id='word_1_516' title='bbox 1303 2709 1326 2742; x_wconf 88' lang='lat' dir='ltr'>i.</span> <span class='ocrx_word' id='word_1_517' title='bbox 1364 2720 1393 2741; x_wconf 83' lang='lat' dir='ltr'>e.</span> <span class='ocrx_word' id='word_1_518' title='bbox 1432 2712 1471 2741; x_wconf 92' lang='lat' dir='ltr'>ut</span> <span class='ocrx_word' id='word_1_519' title='bbox 1501 2709 1615 2748; x_wconf 72' lang='lat' dir='ltr'>laute,</span> 
     </span>
     <span class='ocr_line' id='line_1_72' title="bbox 878 2753 1253 2787; baseline -0.003 -1"><span class='ocrx_word' id='word_1_520' title='bbox 878 2753 931 2787; x_wconf 75' lang='lat' dir='ltr'>ita</span> <span class='ocrx_word' id='word_1_521' title='bbox 956 2766 1025 2786; x_wconf 90' lang='lat' dir='ltr'>non</span> <span class='ocrx_word' id='word_1_522' title='bbox 1054 2755 1253 2787; x_wconf 74' lang='lat' dir='ltr'>luxuriose.</span> 
     </span>
    </p>
   </div>
   <div class='ocr_carea' id='block_1_12' title="bbox 878 2813 1614 2901">
    <p class='ocr_par' dir='ltr' id='par_1_18' title="bbox 878 2813 1614 2901">
     <span class='ocr_line' id='line_1_73' title="bbox 924 2813 1614 2856; baseline 0 -11"><span class='ocrx_word' id='word_1_523' title='bbox 924 2816 978 2846; x_wconf 80' lang='lat'>12.</span> <span class='ocrx_word' id='word_1_524' title='bbox 1026 2821 1123 2847; x_wconf 62' lang='lat' dir='ltr'>extra</span> <span class='ocrx_word' id='word_1_525' title='bbox 1149 2825 1300 2847; x_wconf 84' lang='lat' dir='ltr'>mensam</span> <span class='ocrx_word' id='word_1_526' title='bbox 1330 2814 1372 2846; x_wconf 81' lang='lat' dir='ltr'>ab</span> <span class='ocrx_word' id='word_1_527' title='bbox 1400 2814 1519 2856; x_wconf 82' lang='lat' dir='ltr'>isdem]</span> <span class='ocrx_word' id='word_1_528' title='bbox 1543 2813 1614 2855; x_wconf 82' lang='lat' dir='ltr'>Qui</span> 
     </span>
     <span class='ocr_line' id='line_1_74' title="bbox 878 2859 1570 2901; baseline -0.001 -10"><span class='ocrx_word' id='word_1_529' title='bbox 878 2859 1023 2901; x_wconf 87' lang='lat' dir='ltr'>quidem</span> <span class='ocrx_word' id='word_1_530' title='bbox 1049 2859 1229 2892; x_wconf 69' lang='lat' dir='ltr'>conviviis</span> <span class='ocrx_word' id='word_1_531' title='bbox 1255 2859 1333 2891; x_wconf 90' lang='lat' dir='ltr'>illis</span> <span class='ocrx_word' id='word_1_532' title='bbox 1357 2859 1570 2891; x_wconf 82' lang='lat' dir='ltr'>intererant.</span> 
     </span>
    </p>
   </div>
   <div class='ocr_carea' id='block_1_13' title="bbox 879 2914 1612 3001">
    <p class='ocr_par' dir='ltr' id='par_1_19' title="bbox 879 2914 1612 3001">
     <span class='ocr_line' id='line_1_75' title="bbox 903 2914 1612 3001; baseline 0.001 -56"><span class='ocrx_word' id='word_1_533' title='bbox 903 2920 1055 3001; x_wconf 57' lang='lat' dir='ltr'>dpgi‘Qtot</span> <span class='ocrx_word' id='word_1_534' title='bbox 1080 2915 1165 2957; x_wconf 69' lang='lat' dir='ltr'>dies]</span> <span class='ocrx_word' id='word_1_535' title='bbox 1193 2914 1246 2946; x_wconf 81' lang='lat' dir='ltr'>Cf.</span> <span class='ocrx_word' id='word_1_536' title='bbox 1272 2914 1287 2955; x_wconf 61' lang='lat' dir='ltr'>fi</span> <span class='ocrx_word' id='word_1_537' title='bbox 1308 2917 1360 2945; x_wconf 82' lang='lat'>13.</span> <span class='ocrx_word' id='word_1_538' title='bbox 1385 2919 1421 2946; x_wconf 79' lang='lat' dir='ltr'>et</span> <span class='ocrx_word' id='word_1_539' title='bbox 1446 2914 1518 2946; x_wconf 62' lang='lat' dir='ltr'>wid.</span> <span class='ocrx_word' id='word_1_540' title='bbox 1542 2918 1612 2947; x_wconf 87' lang='lat' dir='ltr'>not.</span> 
     </span>
     <span class='ocr_line' id='line_1_76' title="bbox 879 2970 1019 2992; baseline -0.007 0"><span class='ocrx_word' id='word_1_541' title='bbox 879 2970 898 2992; x_wconf 82' lang='lat' dir='ltr'>a</span> <span class='ocrx_word' id='word_1_542' title='bbox 1012 2983 1019 2991; x_wconf 89' lang='lat'><strong>.</strong></span> 
     </span>
    </p>
   </div>
  </div>
 </body>
</html>
