1871 3126
175 47 257 90 238
810 42 1085 85 MACROBIl

109 157 408 212 [3421bun0ulum
438 159 454 178 *
487 153 650 203 habeas,
697 153 768 194 ἵνα
798 152 989 206 συντέμω
1019 152 1180 204 πάντα,
1226 152 1425 208 μάλαγμα
1458 154 1716 197 moecharum.

264 268 366 311 [uss.
389 265 558 298 ABGPS.

176 324 284 357 lectio
309 321 413 353 unice
438 322 562 352 vera.“
579 318 719 351 Weich.
765 319 965 351 cilueorum
991 318 1205 361 Av-gM3P2
1230 318 1403 351 Crinitus.
1452 321 1653 353 cilheorum
1677 320 1718 353 B.

175 370 390 401 ctiucorum
415 366 475 398 Ρῖ.
523 365 737 397 crineorum
764 363 862 396 SMl.
916 364 1132 395 erineorum
1161 364 1231 394 Mt).-
1257 364 1564 406 „Pcutbagathus
1592 367 1718 408 legen*-

176 414 260 444 dum
288 415 392 454 putat
430 410 660 442 Ciliniorum
693 409 893 452 smaragde.
934 408 1010 450 [Sic
1037 410 1145 440 ct³am
1175 408 1331 440 Ursinus
1357 409 1399 440 nd
1427 409 1502 441 Liv.
1532 409 1580 449 Χ,
1606 412 1644 449 3,
1674 410 1718 451 1.]

175 457 267 490 Nam
293 456 412 487 dictus
440 455 586 487 Cilinius
606 453 811 484 Maecenas.
859 452 1062 484 Brusouius
1088 453 1150 484 lib.
1176 454 1208 484 4.
1238 464 1316 495 cap.
1338 456 1368 484 6.
1407 452 1638 486 Facetiarum
1667 455 1718 485 le-

178 502 248 545 git:
276 501 485 533 Cillonnm
507 498 706 541 smaragde.
753 497 880 529 Cicero
900 509 928 528 c.
945 497 1081 529 Salust.
1103 496 1149 539 [6,
1168 497 1252 540 18.];
1281 498 1444 539 quicquid
1466 499 1718 540 impudicorum

175 547 375 579 cillonunz.“
400 544 505 575 Pout.
541 562 584 567 —
618 543 848 585 smagragde
872 553 890 573 e
917 542 948 573 G
974 542 1083 574 ass'ert
1112 541 1250 573 Weicb.
1287 560 1325 565 —
1364 542 1481 584 iaspis
1506 542 1648 585 Si-ng
1673 543 1719 581 (Α

178 602 199 624 a
234 601 306 623 sec.
342 589 408 626 m.)
446 587 651 629 „Equidem
686 586 845 628 praetuli
877 586 1055 618 Graecam
1090 585 1250 619 vocativi
1283 586 1455 625 formam,
1494 597 1564 628 qua
1594 588 1720 629 Augu-

178 639 257 668 stus
283 635 368 666 data
389 643 501 674 opera
526 632 672 664 videtur
697 642 784 663 usus
807 642 900 668 esse,
923 642 1075 672 eamque
1105 631 1315 673 praeferunt
1333 631 1567 674 Rutgersius,
1588 630 1719 663 Schot-

180 685 250 721 tus,
276 677 482 717 Fabricius„
509 675 755 708 For-cellinius
786 680 822 708 et
847 675 1088 707 Muellerus-‘⁶
1114 676 1253 708 Weicb.
1303 675 1404 707 Idem
1432 675 1582 717 scripsit
1604 677 1722 719 Figu-

181 726 291 758 lorum
315 734 379 766 pro
401 723 553 764 vulgato
575 721 787 763 figulorum.
820 719 896 752 rid.
923 724 992 752 not.
1017 739 1058 744 —-
1085 720 1203 752 berille
1227 719 1434 752 ASthP7.
1479 721 1616 752 berulle
1639 720 1724 752 [⁵1²2

182 770 235 811 (G
261 780 281 801 a
305 780 336 810 p.
364 767 443 808 m.).
478 785 519 789 —
553 776 761 808 porsennae
785 764 814 795 Β
840 774 860 796 a
885 776 957 796 sec.
983 776 1048 803 m.;
1076 765 1206 806 v-gP2.
1245 782 1285 788 -
1322 765 1547 797 carbunculm
1568 764 1658 797 h'at
1685 769 1723 797 ut

181 816 217 847 in
246 814 304 845 Gr.
340 813 371 844 G
406 809 658 852 „Coniectavit
690 809 737 841 Is.
766 808 1004 841 Casaubouus
1036 809 1288 841 Carbunculum
1326 810 1507 849 Italiae,
1540 808 1614 840 καὶ
1651 808 1721 841 ἵνα.

180 859 303 891 Simeo
338 856 469 887 Rosius
501 853 672 886 licentius
716 854 968 885 Carbunculum
1002 854 1250 891 'I'olumnii3
1285 853 1444 894 habeas,
1483 852 1577 885 i'vcw
1617 853 1722 885 Pout.

179 902 370 945 „Crinitus
396 904 431 932 et
456 899 639 942 Gyraldus
663 898 855 929 ediderunt
881 898 1006 939 berylle
1038 902 1077 930 et
1107 898 1352 929 carbunculum
1377 898 1567 930 Porsenae:
1597 903 1632 929 et
1656 898 1722 930 ille

181 947 328 990 quidem
353 946 480 977 habeas
505 948 541 975 et
565 954 658 985 quae
685 947 886 984 sequuntur
912 942 1052 974 Graeca
1077 942 1184 984 plane
1210 941 1364 981 dclevit3
1400 942 1462 973 hic
1492 947 1574 983 post
1603 943 1722 974 Porse-

179 1004 247 1025 nae
274 991 395 1034 posuit
419 993 589 1031 punctum
616 998 819 1029 novumque
842 986 956 1018 κῶλον
988 985 1125 1028 incepit
1157 986 1307 1026 Habeas,
1334 985 1393 1018 ἵνα
1421 987 1513 1025 κτλ.,·
1547 986 1723 1019 schottus

182 1038 309 1069 habeas
334 1036 377 1066 de
399 1034 527 1065 urendo
553 1036 763 1074 suspectum
790 1032 922 1071 babet3
949 1031 983 1062 in
1010 1031 1217 1062 Casauboni
1246 1030 1471 1062 correctione
1496 1042 1625 1062 nomeu
1652 1033 1725 1063 Ila-

183 1083 252 1113 liae
277 1091 297 1113 a
330 1084 501 1111 contextu
533 1077 801 1109 alienissimum
833 1080 904 1115 est,
943 1075 1077 1118 quippe
1116 1075 1150 1106 in
1190 1086 1259 1117 quo
1294 1075 1417 1107 omnia
1451 1075 1643 1117 speciatim
1679 1076 1723 1108 ad

183 1125 370 1157 Etruriam
411 1123 542 1155 referri
585 1126 774 1163 oporteat„
818 1125 854 1152 et
895 1121 1026 1162 copula
1065 1120 1157 1151 hanc
1199 1120 1392 1151 verborum
1434 1121 1723 1162 complexionem

181 1166 384 1206 ἄσυνδέτως
411 1168 545 1199 factam
569 1167 702 1198 turbat.
748 1164 912 1206 Denique
939 1164 1072 1196 Rosius
1101 1163 1221 1196 verbis
1249 1165 1395 1206 quidem
1423 1164 1615 1204 audacius,
1659 1166 1723 1197 sed

184 1225 291 1247 seusu
320 1214 427 1256 longe
451 1211 677 1243 commodius
702 1209 877 1242 correxit:
915 1210 1160 1242 carbunculum
1197 1209 1435 1248 'I'olumnii5
1467 1209 1540 1241 hav
1554 1220 1631 1250 cas,
1664 1208 1724 1241 ἵνα

183 1259 254 1291 κτλ.
284 1258 361 1289 ΠιΙ.
394 1257 469 1290 Liv.
495 1257 561 1296 lv,
590 1259 640 1288 17.
668 1256 808 1288 Ilaveas
839 1254 977 1296 placet,
1018 1265 1133 1296 neque
1164 1257 1284 1285 tamen
1319 1253 1490 1286 licentius
1521 1254 1726 1286 correxeris

184 1304 315 1335 valeas
361 1302 490 1334 Verum
515 1301 610 1333 enim
637 1311 722 1332 vero
747 1299 838 1331 mihi
865 1299 1076 1340 scrupulum
1105 1298 1224 1330 iniicit
1250 1298 1438 1330 vocativus
1462 1299 1725 1331 carbunculum.

185 1347 362 1381 Neutrum
389 1347 498 1378 buius
524 1345 623 1378 vocis
646 1356 714 1377 non
741 1343 938 1387 reperitur:
965 1343 1037 1376 nisi
1064 1343 1156 1375 forte
1181 1343 1216 1374 h.
1243 1343 1266 1375 1.
1294 1343 1386 1375 illud
1411 1338 1510 1383 ἅπαξ
1540 1339 1726 1385 λεγόμενον

236 1446 427 1479 Cilniorum
461 1444 662 1488 smaragde]
699 1443 820 1476 Cilnio
858 1454 923 1483 ge-

187 1502 274 1523 nere
297 1495 398 1522 ortus
424 1495 502 1522 erat
526 1490 732 1521 Maecenas.
774 1488 830 1520 Cf.
853 1488 921 1519 Sil.

189 1536 273 1568 Ital.
297 1535 375 1575 vll,
392 1537 447 1565 29.
475 1540 509 1567 et
536 1534 754 1575 interpretes
779 1533 823 1565 ad
845 1532 923 1564 Liv.

190 1581 233 1620 X,
255 1582 286 1611 3.
336 1579 504 1611 Mueller.
520 1579 666 1611 Etrusk.
681 1578 711 1618 I,
735 1589 767 1620 p.
782 1580 858 1609 376.
880 1595 923 1601 —

191 1624 425 1656 WVeicbertus
469 1624 703 1666 smaragdum
751 1621 804 1655 ait
847 1615 924 1652 κατ’

189 1665 315 1711 ἐξοχὴν
363 1667 557 1709 designare
607 1667 738 1699 viridis
790 1665 925 1697 coloris

191 1723 376 1756 gemmas,
407 1714 494 1745 coll.
518 1713 722 1755 iuterprett.
749 1711 794 1744 ad
820 1711 925 1742 luve-

191 1759 263 1791 ual.
287 1758 343 1796 vt,
371 1759 447 1789 458.

235 1801 547 1845 iaspifigulorum]
564 1799 814 1840 „Mentionem
832 1798 928 1840 ligu-

190 1848 307 1879 lorum
336 1848 468 1878 factam
501 1856 582 1877 esse
616 1845 765 1887 plurimi
797 1842 927 1876 existi-

191 1896 290 1924 mant
316 1896 463 1933 propter
488 1890 684 1927 Arretium,
711 1890 814 1921 cuius
839 1898 929 1931 ager

191 1942 289 1969 terra
321 1935 530 1968 abundabat
562 1934 754 1976 aptissima
787 1933 830 1965 ad
866 1944 926 1963 co-

191 1980 334 2022 quenda
366 1979 516 2018 fictilia,
557 1980 600 2010 de
626 1979 758 2020 quibus
783 1976 927 2009 Plinius

192 2026 233 2058 N.
255 2025 299 2056 11.
327 2024 467 2062 XXXV,
489 2026 594 2055 c.12.
620 2025 635 2063 ς
664 2026 726 2055 160
748 2022 783 2054 S.
819 2022 858 2053 ln
887 2031 928 2052 ea

192 2069 364 2110 opinione
388 2073 443 2100 est
467 2069 510 2100 G.
537 2068 580 2099 de
606 2068 740 2105 Rhoer,
768 2066 928 2106 itemque

194 2114 260 2146 0d.
287 2113 488 2144 Muellerus
512 2111 546 2143 iu
571 2112 716 2143 Etrusk.
743 2111 771 2150 l,
798 2122 829 2152 p.
850 2112 928 2140 246.

194 2163 230 2190 et
253 2160 331 2189 376.
357 2180 364 2188 .
384 2183 392 2189 .
417 2157 494 2198 Ego
523 2181 530 2188 .
548 2180 555 2187 .
583 2167 713 2187 nomen
741 2155 929 2197 proprium

194 2202 375 2239 desidero,
403 2211 530 2233 nomeu
554 2199 714 2231 hominis
740 2199 800 2240 qui
827 2198 931 2230 vivus

194 2248 229 2279 iu
260 2247 496 2278 Etruscorum
531 2245 639 2276 rebus
671 2243 849 2276 studiisve
880 2243 931 2274 sa-

195 2302 291 2323 mam
316 2291 469 2332 adeptus
495 2293 577 2331 post
602 2294 753 2321 mortem
787 2288 821 2319 in
853 2297 931 2319 ma-

196 2347 268 2378 gno
295 2340 392 2367 esset
420 2335 568 2366 bonore.
618 2333 811 2365 Meditanti
840 2331 932 2363 mibi

198 2381 232 2412 in
271 2384 428 2411 mentem
466 2378 566 2411 veuit
600 2378 638 2409 P.
676 2378 844 2421 Nigidius
874 2377 932 2408 Fi-

195 2426 321 2469 gulus,
353 2423 518 2465 aequalis
544 2422 754 2462 Ciceronis,
786 2424 933 2463 praetor

196 2481 228 2501 a.
256 2481 288 2501 u.
315 2480 344 2500 c.
376 2472 452 2500 695.
558 2466 696 2499 Annius
728 2465 932 2498 Yiterbieu-

197 2513 269 2553 sis,
300 2517 339 2545 ut
360 2512 522 2545 Crinitus
547 2512 679 2552 refert,
704 2512 842 2553 figulos
867 2520 932 2551 pro

197 2558 316 2600 poetis
360 2558 476 2590 dictos
522 2557 675 2598 accepit.
739 2554 933 2586 lnliccte!“

199 2603 341 2634 ivi-neu.
363 2621 408 2627 —-
433 2601 608 2643 Equidem
629 2600 849 2632 Muellerum
876 2610 933 2630 se-

198 2659 306 2688 quor,
347 2658 412 2678 uec
445 2646 639 2688 quidquam
671 2649 727 2676 est
756 2644 850 2686 quod
877 2654 934 2674 me

200 2691 348 2723 dubium
389 2691 520 2723 saciat:
561 2689 743 2721 Arretium
780 2692 836 2720 est
871 2698 934 2729 pa-

200 2736 273 2767 tria
320 2736 543 2779 figulorum,
605 2734 645 2766 bi
695 2737 817 2765 autem
866 2743 935 2763 non

202 2784 350 2811 utuntur
386 2781 527 2822 iaspide
562 2779 655 2820 (vid.
691 2777 786 2809 Pliu.
818 2776 860 2808 N.
889 2777 934 2807 H.

203 2823 387 2861 XXXVH,
415 2836 443 2856 c.
468 2828 499 2855 8.
527 2835 555 2855 s.
579 2826 619 2854 37
637 2827 670 2862 ],
698 2832 789 2863 quae
814 2820 937 2852 iocose

202 2867 264 2898 iiic
288 2868 333 2898 iis
358 2868 542 2909 tribuitur‚
568 2868 629 2899 sed
657 2871 755 2898 terra
781 2866 847 2897 illa
877 2875 937 2896 ru-

204 2911 269 2943 bra
291 2922 383 2953 quae
413 2923 525 2954 prope
557 2912 738 2945 Arretium
763 2908 938 2943 effoditur

990 1441 1081 1481 (vid.
1124 1441 1272 1474 Etrusk.
1307 1441 1360 1481 ll,
1397 1454 1431 1484 p.
1471 1442 1582 1482 244.)
1636 1441 1725 1474 Cum

991 1487 1150 1519 Porsena
1195 1487 1349 1528 denique
1390 1487 1578 1518 commode
1622 1486 1725 1529 iungi

992 1543 1099 1574 posse
1134 1530 1269 1573 figulos
1305 1532 1408 1563 docet
1432 1530 1614 1563 Martialis
1650 1531 1728 1572 epi·

992 1585 1156 1618 gramma
1183 1576 1294 1617 (xlv,
1320 1576 1416 1616 98.)‚
1452 1576 1544 1617 quod
1574 1576 1730 1607 Muelle-

994 1632 1055 1653 rus
1083 1620 1210 1652 attulit
1239 1620 1291 1659 11,
1320 1631 1353 1662 p.
1381 1621 1456 1651 243.
1485 1621 1645 1652 Arretina
1673 1621 1728 1652 ni—

992 1666 1057 1697 mis
1084 1676 1127 1697 ne
1147 1676 1288 1707 spernas
1310 1676 1395 1696 vasa
1418 1675 1602 1696 monemus.
1633 1665 1729 1696 Lau-

994 1716 1048 1742 tus
1084 1715 1158 1742 erat
1195 1710 1344 1742 Tuscis
1385 1710 1572 1742 Porsena
1603 1710 1728 1750 ficti-

994 1755 1120 1786 libus.

1039 1798 1164 1840 berylle
1217 1796 1399 1839 Porsenae]
1454 1796 1555 1828 llaec
1602 1797 1729 1830 addita

995 1854 1076 1875 esse
1102 1847 1237 1881 censet.
1264 1841 1507 1881 Weicbcrtus,
1533 1852 1629 1883 „quo
1656 1842 1732 1874 for-

996 1888 1069 1919 tius
1101 1888 1293 1919 Maecenas
1325 1886 1433 1918 etiam
1466 1887 1510 1917 ob
1544 1886 1633 1918 belli
1665 1898 1732 1928 ge-

996 1931 1098 1963 rendi
1120 1931 1287 1974 peritiam
1314 1936 1349 1964 et
1371 1930 1623 1963 fortitudinem
1651 1931 1731 1963 lau-

995 1977 1138 2008 detur.“
1183 1977 1260 2017 Ego
1285 1975 1477 2008 maluerim
1504 1976 1665 2017 cogitare
1688 1976 1732 2007 de

995 2021 1175 2052 fictilibus
1202 2020 1279 2052 illis
1306 2021 1488 2052 Porsenae
1513 2020 1629 2058 vasis,
1659 2019 1732 2052 nisi

995 2065 1076 2106 quis
1110 2065 1203 2096 forte
1238 2065 1375 2097 mavult
1407 2064 1478 2095 huc
1514 2065 1651 2095 referre
1679 2065 1731 2095 la-

998 2110 1101 2151 pides
1128 2109 1324 2150 quadratos
1356 2108 1488 2150 quibus
1523 2113 1732 2140 exstructus

997 2158 1077 2185 erat
1116 2152 1346 2195 labyrinthus
1387 2163 1493 2194 quem
1534 2153 1621 2185 fecit
1660 2153 1732 2185 sibi

998 2199 1159 2230 Porsena
1217 2208 1279 2229 rex
1336 2197 1505 2229 Etruriae
1571 2197 1734 2239 sepulcri

999 2253 1127 2281 causa,
1178 2246 1217 2273 ut
1262 2242 1375 2274 refert
1412 2241 1556 2273 Plinius
1602 2242 1642 2273 N.
1686 2242 1733 2274 H.

1000 2286 1159 2323 xxxx'l,
1178 2288 1227 2319 13.
1251 2297 1279 2318 s.
1306 2289 1355 2317 19.
1380 2288 1400 2326 ἓ
1423 2289 1477 2318 91.
1511 2286 1562 2317 De
1587 2286 1732 2330 beryllo

1001 2331 1073 2364 vid.
1100 2331 1187 2362 ibid.
1213 2331 1392 2371 xxxxv,
1419 2333 1448 2362 6.
1475 2342 1502 2362 s.
1528 2333 1582 2362 20.

1045 2376 1291 2408 carbunculum
1311 2375 1327 2393 *
1351 2375 1492 2417 habeas]
1525 2375 1626 2406 Haec
1654 2385 1736 2406 cor-

999 2425 1107 2462 rupta
1132 2431 1213 2452 esse
1238 2431 1342 2451 nemo
1374 2431 1442 2451 uon
1474 2418 1586 2451 videt.
1636 2419 1736 2451 Inter

1000 2476 1043 2497 ea
1078 2476 1170 2506 quae
1206 2464 1272 2496 alii
1312 2468 1541 2496 tentaverunt
1576 2463 1734 2495 maxime

1001 2510 1093 2541 mibi
1118 2510 1238 2550 placet
1259 2509 1418 2541 haveas:
1442 2509 1504 2540 sed
1531 2512 1650 2540 tamen
1677 2517 1735 2538 me

1000 2554 1154 2586 oss'endit
1179 2553 1431 2585 coniunctivus
1465 2556 1546 2594 post
1575 2551 1735 2593 impera·

1000 2599 1113 2630 tivum
1146 2598 1242 2637 sale,
1271 2601 1307 2628 et
1330 2596 1519 2628 vocativus
1546 2596 1736 2627 carbuncu—

1001 2644 1094 2675 lum.
1143 2641 1233 2673 vide
1263 2652 1351 2683 ergo
1386 2652 1429 2671 ne
1460 2640 1653 2683 legendum
1687 2639 1735 2671 sit

1003 2686 1214 2719 carbuncule
1249 2697 1341 2717 mas.-
1381 2684 1473 2725 quod
1501 2685 1533 2716 si
1557 2683 1733 2725 scriptum

1003 2735 1100 2768 erat,
1138 2729 1249 2761 facile
1271 2729 1404 2760 mutari
1426 2732 1571 2770 poterat
1597 2727 1632 2759 iu
1659 2739 1735 2759 car-

1003 2774 1185 2807 bunculum
1211 2785 1261 2813 as,
1285 2773 1526 2804 carbunculum
1551 2771 1637 2811 hds,
1659 2783 1735 2804 car-

1004 2819 1187 2851 bunculum
1222 2818 1359 2849 habeas.
1408 2816 1462 2848 Cf.
1497 2817 1589 2848 Pliu¹
1622 2816 1662 2848 N.
1689 2817 1734 2848 ΙΙ.

1007 2862 1179 2901 XXXVII,
1206 2864 1225 2893 7
1251 2873 1279 2893 s.
1305 2863 1360 2892 25.
1387 2863 1406 2901 §
1431 2864 1509 2893 92:
1554 2862 1735 2903 Principa-

1004 2913 1075 2942 tum
1097 2906 1222 2939 habent
1255 2906 1592 2939 carbunculi
1629 2906 1736 2938 Prae-
