1845 3126
203 40 257 81 42
831 36 1107 80 MACROBII

204 164 294 192 cum
325 154 457 204 raptas
487 148 535 189 ad
566 146 851 189 consolandum
880 155 1078 200 vocasset,
1120 151 1382 206 spopondisse
1411 152 1535 194 fertur
1568 167 1610 195 se
1647 154 1732 196 eius

200 206 338 247 infanti
365 218 467 259 quae
494 203 620 258 prima
645 203 718 243 sibi
747 204 871 245 civem
898 205 1126 248 Romanum
1155 213 1260 248 esset
1288 208 1423 259 enixa,
1468 210 1619 251 illustre
1644 225 1731 252 mu-

137 263 276 304 1711us
315 262 512 302 daturum.
575 259 764 301 Nonnulli
803 261 971 302 eredunt
1005 262 1186 316 ingenuis
1224 265 1356 318 pueris
1394 266 1646 316 attributum,
1686 272 1733 307 ut

132 316 353 373 [223]cordis
382 317 545 371 figuram
576 316 615 356 in
646 316 753 357 hulla
783 322 873 358 ante
903 322 1042 379 pectus
1048 294 1338 369 ‘’annecterenn
1370 334 1489 375 quam
1522 322 1731 376 inspicien-

199 380 256 414 tes
295 374 348 414 ita
375 373 535 414 demum
568 386 609 413 se
645 371 825 413 homines
864 373 1103 426 cogitarent,
1149 375 1180 415 si
1211 376 1330 416 corde
1360 382 1625 430 praestarent,
1670 384 1731 419 to-

197 443 367 484 Oamque
395 434 637 483 praetextam
670 428 729 468 his
760 428 953 478 additam,
986 435 1033 470 ut
1065 444 1111 471 ex
1142 444 1343 486 purpurae
1374 433 1521 474 rubore
1550 433 1730 487 ingenui-

132 485 288 527 18tatis
331 486 484 541 pudore
526 489 768 539 regerentur.
837 485 1023 526 Diximus
1061 487 1168 527 unde
1200 495 1408 543 praetexta
1440 489 1657 530 adiecimus
1692 494 1732 530 et

197 555 337 582 causas
371 542 516 595 quibus
552 541 785 581 aestimatur
818 555 1004 582 concessa
1037 543 1397 606 pueritiae1nunc
1430 545 1534 585 idom
1568 544 1728 586 habitus

197 611 278 652 quo
326 602 559 651 argumento
595 597 795 637 tlansierit
833 597 873 638 in
908 611 1027 639 usum
1068 599 1240 640 nominis
1278 600 1412 654 paucis
1452 601 1729 655 explicandum

131 653 181 695 19
196 659 265 694 est
324 655 416 695 Mos
446 659 566 716 antea·
590 653 839 694 senatoribus
873 652 948 694 fuit
979 654 1019 694 in
1048 655 1198 695 curiam
1235 669 1325 697 cum
1354 657 1608 710 praetextatis
1639 656 1729 698 filiis

193 710 368 751 introire.
424 710 525 751 Cum
557 709 596 749 in
626 714 766 749 senatu
794 723 857 750 res
883 710 1009 751 maior
1037 712 1246 766 quaepiam
1273 713 1573 753 consultabatur
1602 726 1729 767 eaque

192 765 233 806 in
267 771 472 820 posterum
506 766 609 806 diem
646 766 800 819 prolata
832 771 910 815 est,
957 767 1104 829 placuit
1135 774 1182 808 ut
1222 768 1324 808 hanc
1364 781 1446 809 rem
1491 781 1610 823 super
1649 782 1727 822 qua

125 821 180 861 20
193 823 468 863 tractavissent
500 835 549 863 ne
582 821 671 875 quis
699 822 924 863 enuntiaret
958 822 1190 877 priusquam
1228 824 1386 864 decreta
1422 829 1535 865 esset.
1597 824 1729 865 Mater

1471 885 1728 934 percontatur

191 878 340 932 Papirii
369 878 499 932 pueri,
547 878 616 932 qui
644 891 733 918 cum
764 883 927 940 parente
961 892 1034 919 suo
1065 879 1104 919 in
1137 879 1246 920 curia
1280 878 1427 929 fuerat,

192 934 316 974 filium
346 934 534 988 quidnam
568 948 607 973 in
642 938 783 974 senatu
813 934 986 987 egissent
1011 935 1163 976 Patres.

191 990 286 1030 dum
318 1004 420 1039 esse,
451 1003 580 1044 neque
610 989 649 1029 id
680 989 757 1030 dici
787 989 915 1031 licere

1218 936 1327 975 Puer
1356 936 1560 990 respondit
1591 941 1725 976 tacen-

966 990 1112 1031 Mulier
1142 991 1185 1031 fit
1215 991 1400 1032 audiendi
1432 992 1634 1046 cupidior:
1665 1005 1725 1032 se-

191 1052 342 1088 cretum
373 1047 429 1087 rei
459 1052 499 1087 et
526 1045 725 1087 silentium
756 1046 868 1100 pueri
902 1046 1078 1088 animum
1108 1046 1192 1088 eius
1223 1047 1272 1088 ad
1306 1047 1587 1101 inquirendum
1617 1061 1724 1089 ever-

278 1160 378 1202 [Mss.
404 1161 569 1194 ARGPS.

232 1217 286 1248 17.
328 1217 412 1259 Cap.
445 1218 483 1249 V
520 1217 597 1257 Qua
613 1217 741 1260 figura
766 1216 810 1250 sit
833 1216 941 1249 bulla.
962 1228 993 1249 v
1020 1236 1064 1241 —
1093 1222 1211 1262 togam
1232 1229 1388 1260 quoque
1407 1221 1620 1260 praetextam
1643 1227 1723 1259 v-g.

322 1263 376 1292 18
419 1261 497 1293 exis
505 1262 660 1293 ttmatur
690 1260 798 1304 Sv-g.

937 1264 990 1294 19.
1030 1262 1106 1294 Mos
1141 1286 1149 1295 .

1190 1263 1450 1305 ‚prudentiam
1487 1263 1525 1301 (ἓ
1557 1263 1610 1294 24.
1615 1261 1643 1304 )]
1677 1261 1723 1293 cf.

185 1304 285 1336 Geli.
312 1304 354 1336 N.
379 1305 418 1337 A.
449 1305 477 1345 Ι,
502 1307 556 1337 23.
584 1307 627 1345 ὃς
646 1307 686 1337 4-
691 1307 743 1337 13.
769 1324 811 1328 -
837 1305 873 1337 in
899 1307 1003 1338 curia
1027 1306 1066 1338 A.
1093 1325 1134 1329 —
1162 1307 1421 1339 consultabatur
1443 1306 1646 1338 BGPvis-z
1676 1305 1721 1344 (A

185 1349 444 1382 consulabatur
470 1350 563 1391 quod
590 1351 634 1381 ab
665 1350 743 1381 ead.
775 1361 822 1382 m.
856 1354 1036 1382 mutatum
1070 1354 1126 1382 est
1156 1350 1190 1382 iu
1222 1352 1290 1383 tab.
1305 1374 1314 1391 ,
1352 1362 1372 1383 a
1398 1362 1469 1383 sec
1498 1361 1544 1382 ιιι.
1570 1350 1606 1382 in
1639 1351 1720 1390 cb..)

183 1393 343 1432 „Modus
369 1395 471 1426 verbi
497 1395 757 1426 consultabatur
788 1394 819 1426 si
845 1405 913 1426 non
939 1395 1021 1426 usui
1046 1394 1250 1436 particulae
1274 1407 1349 1427 cum
1379 1398 1580 1437 repugnat,
1623 1399 1722 1426 certe

183 1437 398 1479 repudiatur
431 1449 452 1470 a
489 1438 726 1480 sequentibus
764 1449 871 1482 caque

827 1483 884 1515 vel
919 1494 1051 1515 revoca
1082 1484 1233 1516 Arnoldi
1264 1483 1298 1515 in
1331 1484 1385 1515 ed.
1415 1484 1492 1515 Col.
1524 1484 1720 1515 lectionem

503 1528 614 1559 Zeuu.
661 1529 933 1561 consultaretur
957 1528 1085 1570 Sv3-g.
1123 1546 1166 1552 —-
1204 1529 1239 1560 in
1261 1529 1349 1560 diem
1371 1534 1545 1571 posterum
1570 1528 1642 1560 GS-
1676 1546 1720 1552 —-

862 1575 916 1604 20.
945 1574 993 1614 fit
1025 1573 1194 1605 audiendi
1219 1573 1377 1614 cupidior
1403 1578 1565 1605 secretum
1591 1573 1662 1611 rci,·
1696 1572 1718 1603 b

183 1482 380 1514 lectionem
409 1483 525 1515 Gellii
555 1484 779 1523 consultata,

183 1527 449 1560 consultaretur
455 1530 478 1544 ‘⁶

178 1572 322 1613 prolata
346 1576 458 1604 essct
488 1571 514 1603 A
543 1572 632 1603 Edd.
658 1571 725 1604 PS-

982 1440 1123 1482 prolata
1160 1445 1255 1472 essct.
1310 1440 1437 1481 ltaque
1473 1440 1533 1471 vel
1568 1450 1722 1480 sequere

183 1616 360 1647 suadente
385 1616 536 1648 Zeunio.
557 1634 602 1640 -
625 1616 799 1648 silentium
825 1617 972 1648 deberi
993 1628 1079 1658 puer
1103 1617 1342 1658 affirmans
1364 1617 1479 1648 Gellii
1505 1617 1584 1648 edd.
1608 1627 1720 1658 quae-

182 1660 264 1692 dam
296 1660 524 1702 improbante
550 1660 700 1692 Zeuuio.
737 1678 779 1683 -
817 1661 890 1693 cius
916 1662 1068 1693 animum
1096 1661 1142 1692 vi.

226 1771 450 1814 spopondisse
485 1772 599 1810 fertur
633 1780 668 1802 se
701 1794 741 1802 ..
782 1770 917 1803 illustre

181 1827 305 1848 munus
360 1815 537 1857 daturum]
607 1814 663 1846 Cf.
723 1814 914 1846 Plutarch.

182 1861 334 1901 Quaest.
361 1861 465 1891 Rom.
497 1871 525 1890 c.
555 1862 630 1891 101.
663 1855 815 1901 πότερον
845 1856 916 1891 ἐπι

181 1904 281 1947 τιμῇ
321 1904 406 1936 τῶν
439 1900 732 1956 ἡρπασμένων
763 1914 914 1957 γυναι-

180 1948 267 1979 κῶν
301 1944 417 1989 ὥσπερ
451 1944 539 1979 ἄλλα
571 1944 684 1979 πολλὰ
712 1946 775 1979 καὶ
804 1947 913 1979 τοῦτο

180 1989 405 2043 ἐψηφίσαντο
430 1994 506 2028 τοῖς
534 1989 570 2031 ἐξ
595 1987 717 2023 αὐτῶν
743 1988 913 2032 γεννωμέ-

177 2047 253 2073 νοις
276 2046 467 2087 υπαρχεινς
493 2031 514 2077 ἢ
538 2034 604 2077 τήν
633 2034 838 2077 Ταρκυνίου
864 2046 913 2066 τι-

176 2079 311 2121 μῶντες
336 2075 609 2132 ανὸραγαθίαν,·
633 2084 669 2110 et
685 2080 829 2110 Romul.
855 2082 911 2110 20.

179 2126 306 2175 φορεῖν
342 2121 379 2155 δὲ
412 2123 473 2155 καὶ
506 2122 592 2161 τοὺς
621 2123 758 2160 παῖδας
789 2118 912 2155 αὐτῶν

177 2165 244 2219 τὴν
267 2166 487 2221 καλουμένην
518 2165 711 2220 βούλλαν
740 2163 813 2199 απὸ
846 2167 910 2198 τοῦ

198 2254 258 2267 ΙΝ
416 2208 542 2253 ὅμοιον
576 2209 780 2253 πομφόλυγι
815 2221 911 2252 περι-

223 2304 275 2332 17.
324 2306 361 2333 ut
398 2302 510 2333 cordis
539 2304 702 2343 sig-‘uiam
743 2301 777 2332 in
818 2300 914 2331 bulla

176 2351 257 2378 ante
283 2351 402 2387 pectus
434 2345 666 2386 annecterent]
704 2344 799 2376 Hinc
830 2345 910 2376 bul-

175 2390 248 2421 lam
269 2390 389 2421 cordis
409 2389 572 2433 effigiem
594 2390 732 2421 referre
750 2388 801 2420 ait
815 2388 912 2421 Har-

176 2434 308 2466 duinus
340 2435 385 2466 ad
418 2435 511 2466 Plin.
540 2435 580 2467 N.
608 2434 654 2468 H.
681 2433 852 2472 XXXIII,
882 2436 910 2465 l.

176 2489 205 2510 s.
237 2480 270 2509 4.
326 2479 389 2510 sed
412 2479 551 2511 bullam
576 2478 767 2510 rotundam
794 2478 910 2509 fuisse

175 2503 297 2554 elueel:
329 2526 365 2554 et
399 2533 441 2554 ex
474 2523 664 2556 Plutarchi
696 2523 720 2553 l.
755 2533 784 2553 c.
823 2526 859 2553 et
890 2533 909 2554 e

176 2567 326 2608 Quaest
351 2568 454 2599 Rom.
474 2572 525 2607 [e.
549 2570 625 2600 101.
651 2563 739 2598 ἄλλα
766 2562 834 2607 όρα
855 2563 905 2609 μὴ

174 2622 233 2643 και
254 2611 362 2643 τοῦτο
388 2608 447 2643 διὰ
471 2609 537 2655 τὴν
568 2608 714 2654 σελήνην
739 2611 904 2663 φοροῦσι.

174 2652 215 2686 τὸ
246 2667 313 2705 μιρ
339 2653 558 2709 φαινόμενον
583 2657 701 2708 σχῆμα
720 2656 783 2697 τῆς
808 2656 863 2686 σελ
866 2652 905 2698 ή-

173 2709 236 2738 νης
259 2695 346 2731 όταν
369 2699 390 2744 ῄ
419 2698 623 2743 διχόμηνος,
655 2711 697 2731 ου
725 2709 906 2753 σφαιροει-

175 2740 231 2779 ὸές
284 2740 305 2774 c}
310 2736 377 2775 M&
428 2742 665 2787 φακοειδές
719 2743 791 2776 ἐστι
844 2742 905 2776 καὶ

174 2784 448 2827 δισκοειδές.)
485 2793 520 2821 et.
556 2800 599 2821 ex
633 2788 795 2830 antiquis
832 2792 907 2821 sta-

173 2829 259 2867 tuis,
280 2833 400 2871 qualis
424 2837 480 2865 est
503 2833 540 2865 in
566 2833 604 2865 C.
619 2833 660 2866 Ο.
679 2833 849 2865 Mueller.
870 2835 906 2864 et

174 2872 212 2904 C.
232 2874 437 2919 Oestcrlep.
457 2878 608 2909 Denkin.
636 2878 669 2909 d.
696 2878 760 2909 alt.
785 2877 906 2909 Runst

173 2917 249 2949 tol.
276 2918 303 2950 Ι.
329 2920 402 2952 tab.
430 2921 554 2962 hun,
576 2924 652 2954 29].
701 2921 790 2954 Cum
816 2931 904 2954 ansa

1191 1672 1264 1693 clus
1289 1672 1565 1704 annuumque(
1557 1672 1589 1693 a·
1638 1661 1718 1693 ani-

984 1781 1072 1803 sane
1105 1770 1371 1813 quodammodo
1406 1771 1526 1803 cordis
1559 1770 1717 1813 figuram

983 1815 1104 1848 reddit
1131 1816 1253 1856 hulla,
1293 1816 1355 1847 sed
1387 1815 1471 1848 vide
1502 1826 1546 1847 ne.
1575 1816 1718 1848 Maero-

982 1859 1065 1892 bius
1102 1859 1236 1891 dixerit
1270 1870 1402 1901 pueros
1436 1859 1617 1902 ingenuos
1652 1871 1717 1903 ge-

981 1908 1101 1936 stasse
1130 1903 1251 1936 cordis
1276 1904 1434 1946 ii‘ruram
1461 1903 1497 1936 in
1527 1904 1629 1936 bulla
1661 1905 1716 1936 in-

981 1949 1134 1980 clusam.

1025 1998 1091 2025 ut.
1108 2015 1115 2023 .
1141 1992 1373 2034 immunitatis
1394 1992 1526 2034 pudore
1549 2002 1714 2047 regeren-

978 2037 1048 2077 tur]
1086 2035 1141 2067 Cf.
1174 2037 1273 2068 Plut.
1311 2037 1360 2090 Q
1392 2037 1432 2067 R.
1473 2036 1496 2067 l.
1535 2048 1563 2068 c.
1601 2048 1634 2088 η
1653 2035 1715 2069 καὶ

979 2078 1069 2122 πρὸς
1125 2076 1293 2131 εὐταξίαν
1344 2077 1417 2112 ἐστὶ
1456 2077 1715 2132 φυλακτηριον

977 2125 1106 2167 τοῦτο,
1134 2123 1195 2156 καὶ
1227 2120 1361 2176 τρόπον
1392 2135 1471 2155 τινα
1491 2123 1556 2156 τοῦ
1583 2120 1712 2157 ἀκολά-

979 2177 1065 2200 στου
1126 2165 1270 2210 χαλινὸς
1326 2166 1590 2220 αἰσχυνομένων
1650 2180 1712 2200 αν-

979 2212 1161 2264 δροῦσθαι
1194 2209 1300 2263 πρινὴ
1338 2209 1379 2244 τὸ
1417 2210 1585 2244 παιδικὸν
1622 2223 1711 2245 απο-

977 2253 1117 2289 θέσθαι
1157 2253 1390 2298 παράσημον,
1432 2260 1468 2288 et
1509 2267 1602 2297 quae
1640 2257 1712 2288 ibi—

981 2301 1063 2332 dem
1107 2304 1325 2342 sequuntur:
1374 2300 1483 2332 τοῦτο
1512 2298 1713 2353 σι’μβολον

979 2341 1168 2388 ευβουλίας
1188 2344 1443 2386 περιτίθεσθαι
1463 2342 1549 2383 τοὺς
1564 2344 1711 2384 παῖδας.

979 2388 1078 2421 Fest.
1124 2400 1180 2431 ap.
1224 2389 1328 2421 Paul.
1374 2389 1438 2420 lib.
1482 2389 1529 2420 ll.
1577 2401 1609 2431 p.
1655 2392 1710 2421 36.

981 2434 1114 2466 Bulla
1145 2445 1276 2466 aurea
1309 2434 1447 2477 insigne
1479 2438 1553 2466 erat
1583 2444 1710 2476 puero-

976 2489 1052 2511 rum
1076 2483 1390 2521 praetextatorum,
1424 2488 1512 2519 quac
1538 2478 1709 2519 depende-

977 2524 1036 2556 bat
1067 2524 1114 2555 εἰς
1142 2534 1164 2554 a
1191 2527 1342 2565 pectore,
1384 2527 1422 2554 ut
1449 2522 1710 2564 signeficaretur

973 2579 1048 2600 cam
1074 2572 1221 2599 aetatem
1246 2567 1440 2598 alterius
1470 2565 1707 2608 regendam

973 2612 1176 2644 consilio.
1231 2611 1332 2642 Dicta
1357 2615 1405 2641 est
1439 2614 1552 2640 antem
1585 2610 1707 2641 bulla

973 2668 995 2688 a
1020 2657 1149 2688 Gracco
1171 2665 1322 2686 sermone
1343 2649 1488 2697 βουλή,
1513 2653 1602 2704 quod
1624 2665 1706 2685 con-

972 2702 1086 2733 silium
1109 2699 1235 2731 dicitur
1257 2698 1408 2750 ’Latium
1446 2697 1499 2728 vel
1524 2698 1605 2738 quia
1631 2708 1706 2729 eam

969 2750 1104 2788 partem
1128 2743 1280 2785 corporis
1307 2743 1402 2774 bulla
1428 2742 1627 2785 contingat
1668 2742 1706 2774 id

973 2795 1022 2822 est
1052 2792 1186 2830 pectus,
1226 2787 1263 2818 in
1297 2798 1362 2828 quo
1395 2767 1564 2818 naturale
1589 2791 1706 2819 manet

972 2833 1163 2866 consilium.

1015 2880 1070 2909 20.
1106 2879 1270 2909 secretum
1290 2875 1340 2906 rei
1360 2879 1391 2906 ct
1414 2872 1586 2905 silentium
1605 2873 1705 2915 pueri

971 2922 1122 2954 animum
1153 2920 1225 2952 eius
1257 2920 1304 2952 ad
1338 2918 1577 2961 inquirendum
1605 2928 1702 2950 ever-
