1865 3116
249 33 304 74 24
881 27 1160 70 MACROBII

251 146 306 186 lia
337 148 376 184 et
404 141 599 197 Aqonolea
635 141 667 181 V
663 140 867 194 i‘nalzaque
897 144 937 181 et
967 140 1120 195 reliqua
1147 139 1207 181 his
1238 141 1379 182 similia
1413 142 1605 184 festorum
1635 142 1782 185 dierum

186 199 436 262 [212]nomina
465 201 569 245 sunt,
588 210 661 237 nec
690 196 942 250 singulariter
964 197 1233 246 nominantur,
1254 203 1334 247 aut,
1355 198 1385 238 si
1411 198 1598 253 singulari
1623 213 1784 241 numero

251 255 406 303 dixeris,
433 267 514 294 non
546 252 650 294 idem
680 252 930 306 signifieabss,
958 253 1033 293 nisi
1067 229 1256 295 adieceris
1285 253 1443 303 festum,
1472 261 1519 296 ut
1544 256 1794 297 Bacchanale

247 315 402 374 festum,
439 310 613 365 Aqonale
636 311 776 364 festum
807 314 846 349 et
874 309 1045 363 reliqua,
1083 315 1129 350 ut
1158 310 1234 350 iam
1262 325 1343 351 non
1369 311 1583 365 positivum
1614 312 1680 361 sit,
1723 312 1791 353 sed

190 367 500 416 lOadiectivum,
533 366 640 420 quod
667 364 809 406 Graeci
846 363 1045 406 ἐπίθετον
1079 371 1230 407 vocant.
1290 367 1467 408 Animati
1500 373 1593 408 sunt
1620 382 1713 422 ergo
1742 368 1792 409 ad

251 423 469 465 faciendam
508 421 786 463 discretionem
817 421 856 461 in
893 422 1066 475 genitivo
1103 436 1213 471 casu,
1258 428 1304 463 ut
1343 437 1389 464 ex
1425 424 1497 464 hac
1532 423 1794 465 declinatione

255 480 521 534 exprimerent
552 492 697 519 nomen
729 478 931 519 sollemnis
963 478 1053 527 diei,
1082 478 1249 520 seientes
1275 479 1312 519 in
1340 480 1541 521 nonnullis
1575 494 1691 535 saepe
1721 495 1791 521 no-

252 536 428 578 minibus
456 535 622 576 dativo
614 550 652 574 m
674 536 743 576 bns
769 540 938 575 exeunte
966 535 1224 576 nihilominus
1253 536 1469 589 genitivum
1496 536 1535 577 in
1562 551 1653 578 rum
1677 536 1792 586 finiri,

192 593 297 634 llut
326 593 501 633 domibus
529 592 749 660 domorum,
779 592 929 633 duobus
959 592 1149 641 duorum,
1178 592 1362 633 ambobus
1392 593 1604 633 tonberum.
1664 594 1724 633 Ita
1754 598 1789 634 et

251 650 412 697 vi'rzdea,
445 662 536 688 cum
567 645 662 688 ἀντὶ
694 645 897 689 ἐπιθέτου
932 648 1200 703 accipiuntur,
1229 648 1445 701 genitiuim
1475 648 1514 688 in
1541 664 1608 689 um
1632 647 1788 699 faciunt,

253 711 299 746 ut
326 705 473 746 (ιωνηίῑα
496 712 629 760 prata,
654 705 845 745 zirnlznm
863 713 1094 761 pratorum:
1120 719 1211 745 cum
1239 718 1331 745 veto
1362 704 1487 758 ipsam
1519 705 1593 745 loci
1618 704 1788 746 viridita-

256 767 336 802 tem
369 761 590 814 significare
616 761 818 811 volumus,
847 761 1083 803 viridiorum
1112 761 1303 809 dicimus,
1332 766 1378 800 ut
1403 775 1494 802 eum
1527 761 1688 802 dieitur:
1709 764 1790 816 for·

255 833 364 859 mosa
390 792 511 872 socies
539 817 710 858 medeor
713 832 798 859 nm
844 823 940 858 tuno
974 817 1079 858 enim
1111 818 1255 858 viridia
1287 817 1399 870 quasi
1433 816 1646 870 positivum
1680 832 1790 872 poni-

193 874 243 915 12
256 880 340 922 tur,
384 888 463 913 non
503 873 694 914 accidens
755 874 881 914 Tanta
912 879 1045 914 autem
1077 873 1182 927 apud
1209 878 1359 913 veteres
1390 873 1463 913 suit
1492 873 1648 914 lieentia
1674 873 1792 914 huius

257 906 439 984 genitivi,
473 935 519 970 ut
544 929 708 971 Asinius
739 930 868 971 Pollio
898 930 1188 984 vecteyalzorum
1222 929 1450 983 frequenter
1474 936 1658 985 usurpet,
1685 929 1791 984 quod

256 987 419 1041 vectigal
446 1000 526 1026 non
554 986 686 1027 minus
712 986 866 1028 dicatur
895 1000 1014 1040 quam
1039 986 1249 1040 veeliqalia.
1310 985 1386 1026 Sed
1414 991 1453 1026 et
1482 1000 1572 1027 eum
1599 986 1793 1040 legamus:

196 1044 244 1084 13
259 1044 464 1099 Laevoque
487 1043 612 1084 ancile
637 1044 802 1098 qen-ebat,
829 1049 962 1083 tamen
993 1048 1031 1082 et
1060 1043 1291 1083 anciliorum
1319 1042 1486 1083 relatum
1516 1048 1586 1083 est.
1649 1042 1793 1083 Viden-

347 1171 451 1214 [Wlss.
479 1171 685 1205 ABGPSU.

255 1229 344 1261 (om.
370 1227 433 1267 sit)
458 1226 492 1258 S.
518 1246 560 1251 ——
588 1227 920 1260 ΕΠΙΘΕΤΝΟΝ
941 1227 977 1259 A
1029 1231 1062 1258 ul
1087 1227 1120 1257 in
1147 1226 1206 1257 Gr.
1233 1225 1287 1267 (in
1315 1237 1386 1268 mg
1413 1227 1591 1269 epidelon]
1617 1227 1658 1259 G.

259 1274 311 1302 10.
349 1277 387 1304 ut
410 1272 492 1304 haec
518 1274 615 1314 (sup.
642 1284 682 1304 ex
705 1274 788 1314 hac)
814 1273 856 1304 B.
881 1291 923 1297 -
949 1272 1177 1303 declinatione
1201 1270 1254 1308 (in
1278 1253 1584 1313 n1g⁰a1.discue.)
1607 1271 1645 1303 S.
1670 1288 1712 1295 —
1738 1282 1796 1304 ex-

254 1316 442 1369 primerent
471 1316 599 1348 adm-1
624 1328 685 1348 sec
722 1329 767 1349 m.
793 1318 837 1349 G.
976 1318 1026 1347 11.
1070 1327 1142 1347 cum
1167 1327 1231 1358 pro
1255 1317 1380 1358 epileto
1405 1316 1447 1347 G
1496 1328 1569 1348 cum
1598 1320 1686 1353 (om.
1715 1311 1797 1348 αντὶ

258 1357 448 1398 ἐπιθέτου)
473 1361 510 1392 Α.
536 1378 581 1386 —-
608 1363 802 1405 genitiium
830 1362 864 1393 in
889 1372 944 1392 um
965 1361 1105 1401 faciunt
1130 1371 1198 1391 om.
1225 1359 1261 1391 S.
1288 1379 1331 1383 —
1365 1361 1399 1392 in
1427 1372 1481 1392 nm
1511 1361 1618 1393 ABG.
1667 1361 1701 1393 in
1726 1362 1796 1392 ium

257 1404 349 1435 Edd.
373 1405 450 1436 PM.
548 1408 598 1438 12.
646 1407 759 1440 Tanta
786 1407 890 1438 enim
914 1406 1018 1437 s-IJP.
1057 1423 1098 1428 —-
1135 1416 1219 1436 cum
1252 1405 1405 1448 vectigal
1432 1404 1455 1436 S
1489 1405 1540 1443 (G
1564 1416 1584 1438 a
1612 1417 1684 1437 sec.
1713 1406 1794 1445 m.).

259 1467 304 1472 —
332 1449 529 1493 Laevaque]
558 1450 655 1494 11ης.
682 1453 768 1484 Aen.
796 1451 871 1491 ul,
901 1453 974 1481 188.
1012 1469 1052 1473 ’-
1095 1450 1207 1481 ancile
1233 1450 1376 1491 levaque
1399 1449 1437 1480 A.
1577 1453 1628 1482 13.
1668 1455 1798 1483 veteres

256 1556 362 1596 τοὺς
399 1559 659 1598 στενωποὺς
691 1562 850 1593 καλοῦσι.
898 1561 993 1593 Har-

257 1609 361 1645 tnng.
387 1604 510 1647 Relig.
537 1605 569 1635 d.
590 1606 717 1639 Roem.
742 1607 810 1638 vol.
838 1607 864 1638 1.
889 1618 922 1647 p.
938 1608 993 1636 62.

257 1648 479 1689 Hertzberg.
517 1649 561 1680 de
594 1650 666 1681 diis
694 1655 787 1693 patr.
817 1662 850 1692 p.
876 1653 913 1681 41
942 1661 994 1690 sq.

257 1692 993 1736 81:1uve1u:l‹.lvlyth.d.Romu.p.240.

257 1736 414 1769 Becker.
432 1738 575 1769 IIandb
594 1739 624 1770 d
652 1750 764 1771 roem.
783 1740 863 1771 Ant
892 1738 938 1770 II.
959 1741 994 1777 1;

258 1794 291 1824 p.
327 1783 399 1813 174
458 1781 631 1814 Creuzer.
656 1783 820 1827 Sy.n1bol
855 1795 887 1815 u.
915 1762 995 1825 My-

259 1826 351 1858 thol.
371 1826 592 1868 111.p.567.

305 1871 557 1914 Bacchanalia]
606 1871 719 1904 Erant
767 1872 912 1903 occulta
959 1874 994 1902 et

1109 1562 1160 1591 10.
1210 1560 1366 1592 Animati
1398 1566 1476 1593 sunt
1511 1586 1545 1592 ..
1582 1561 1629 1593 ad
1659 1561 1798 1602 facien-

1063 1605 1144 1635 dam
1174 1604 1424 1646 discretionem]
1464 1605 1509 1636 cf.
1543 1617 1571 1637 c.
1605 1609 1653 1637 11.
1689 1607 1704 1647 §
1742 1608 1797 1637 21.

1063 1649 1121 1690 qui
1156 1648 1191 1679 in
1226 1650 1380 1692 Augusti
1409 1660 1521 1681 necem
1552 1652 1676 1691 suerat
1710 1652 1799 1682 ani-

1062 1697 1212 1724 matus.

1107 1737 1141 1768 in
1171 1737 1347 1769 nonnullis
1373 1747 1476 1780 saepe
1504 1738 1710 1781 nominibus]
1743 1742 1800 1771 est

1063 1781 1296 1822 pleonasmus
1337 1781 1495 1823 quidam.
1565 1783 1634 1815 Aut
1675 1783 1799 1816 dicen-

1062 1826 1146 1857 dum
1184 1831 1262 1858 erat
1304 1827 1340 1858 in
1378 1828 1555 1859 nonnullis
1592 1828 1799 1868 nominibus,

1062 1875 1124 1902 ant
1157 1882 1259 1913 saepe
1296 1875 1448 1904 tantum.
1516 1871 1687 1904 Ceterum
1724 1873 1798 1905 vid.

257 1919 435 1947 nocturna
461 1927 568 1948 sacra
595 1927 636 1948 ex
665 1917 812 1948 Etruria
840 1917 992 1948 Rolnam

258 1960 460 1998 translata,
519 1961 564 1992 de
612 1960 746 2002 quibus
791 1960 864 1994 vid.
913 1960 993 1992 Liv.

260 2003 423 2035 XXXIX.
452 2006 564 2037 8-19.

303 2048 498 2091 Agonalia]
544 2049 645 2081 Inter
684 2047 797 2080 ferias
837 2048 992 2081 stativas

258 2097 509 2125 memorantur
536 2105 564 2125 c.
593 2096 643 2125 16.
671 2095 690 2133 S
715 2096 748 2125 6.
792 2094 880 2126 Iano
905 2104 995 2135 nge-

258 2138 393 2169 bantur
418 2148 449 2169 a.
477 2138 509 2169 (1.
542 2138 581 2169 V.
609 2138 662 2169 Id.
686 2138 783 2179 Ian..
809 2138 890 2169 XII.
915 2138 994 2169 Kal.

258 2182 351 2220 Iun.
382 2182 434 2213 III
477 2182 529 2213 Id.
555 2183 639 2214 Dee.
688 2182 743 2214 Cf.
771 2182 875 2215 Ovid.
896 2182 994 2214 Fast.

259 2226 288 2264 Ι,
312 2228 509 2265 317-332.,
535 2227 573 2266 V,
592 2229 655 2258 721
676 2238 728 2268 sq.
774 2227 887 2259 Varro
904 2226 941 2258 L.
957 2226 996 2257 L.

260 2270 319 2311 vl,
344 2273 378 2310 3,
404 2273 455 2302 12.
492 2271 587 2304 Fest.
615 2282 673 2313 ap.
697 2272 803 2303 Paul.
830 2272 858 2311 Ι,
885 2283 906 2313 p
944 2274 995 2303 10.

259 2327 288 2347 s.
310 2326 342 2347 v.
368 2316 548 2358 agoniam.
585 2316 770 2358 Hartung.
795 2316 842 2355 ΙΙ,
868 2328 901 2357 p.
927 2318 997 2355 33„

260 2359 323 2390 ubi
349 2360 496 2392 additur
521 2361 600 2393 XII.
624 2361 706 2392 Kal.
732 2361 829 2403 Apr.,
858 2361 902 2392 de
926 2372 995 2401 quo

260 2404 320 2435 die
344 2405 417 2437 vid.
443 2405 486 2436 ad
513 2407 534 2446 ἓ
558 2408 608 2437 15.
648 2405 807 2438 Merkel.
826 2406 870 2438 ad
888 2405 993 2438 Ovid.

260 2448 360 2481 Fast.
390 2461 424 2491 p.
453 2461 485 2481 ι..

311 2494 464 2537 Vinalia]
490 2493 566 2525 Iovi
593 2493 799 2536 agebantur
819 2504 851 2526 a.
879 2494 913 2525 (1.
933 2494 994 2526 IX.

259 2537 344 2569 Kal.
367 2538 450 2570 Mai.
475 2542 510 2570 et
535 2538 626 2570 XIV.
661 2538 738 2579 (vel
765 2539 884 2579 XIII.)
912 2538 993 2570 Kal.

260 2582 361 2624 Sept.
409 2583 464 2615 Cf.
487 2582 593 2615 Ovid.
619 2582 718 2615 Fast.
747 2583 804 2623 lv,
829 2587 896 2615 863
919 2595 995 2625 sqq.

260 2628 373 2658 Varro
398 2627 436 2659 L.
462 2627 500 2659 L.
527 2627 585 2667 H,
613 2630 651 2665 3
678 2630 698 2666 S
729 2631 799 2665 16
828 2633 862 2660 et
886 2629 928 2659 R.
953 2628 993 2658 R

260 2671 290 2710 l.
312 2674 340 2709 1,
361 2675 394 2704 6.
433 2672 528 2704 Plin.
546 2671 586 2704 N.
607 2673 652 2704 H.
672 2672 801 2711 XVIII
824 2676 878 2705 29.
895 2684 923 2704 s.
940 2675 995 2704 69.

261 2717 281 2754 ἓ
305 2718 370 2747 234
384 2728 460 2759 sqq
489 2718 671 2760 Ilartung.
691 2717 738 2758 ΙΙ,
762 2729 794 2760 p.
815 2720 870 2750 36.
897 2718 996 2749 Mer-

261 2759 335 2790 kel.
360 2772 494 2801 p.x1,vx
517 2773 595 2804 sqq.

305 2805 546 2848 singulariter]
590 2806 686 2838 idem
725 2808 781 2838 est
818 2809 927 2848 atque
957 2805 994 2838 id

261 2848 355 2889 quod
381 2851 558 2890 sequitur,
580 2851 758 2894 singulari
780 2862 930 2883 numero.

303 2893 551 2935 positivum]i
575 2907 604 2927 e.
632 2896 924 2930 substantivum
948 2895 993 2927 cf.

261 2938 360 2976 §11

1062 1919 1135 1946 not.
1161 1916 1204 1947 ad
1232 1927 1260 1946 c.
1281 1917 1312 1946 2.
1341 1915 1356 1956 §
1383 1917 1415 1947 2.

1107 1972 1159 2002 11.
1206 1969 1425 2011 viridiorum]
1467 1970 1569 2003 Haec
1603 1971 1720 2004 forma
1754 1983 1798 2004 ex

1061 2014 1132 2045 Iioe
1161 2025 1231 2045 uno
1264 2015 1343 2046 loco
1377 2019 1461 2046 nota
1497 2021 1562 2048 est.
1608 2016 1662 2049 Cf.
1690 2016 1728 2050 C.
1757 2016 1795 2049 L.

1061 2058 1266 2091 Schneider
1291 2059 1477 2091 Formenl.
1505 2072 1536 2102 p.
1561 2063 1638 2093 266.

1105 2104 1290 2146 positivum
1317 2129 1324 2136 .
1345 2128 1373 2144 .,
1413 2116 1481 2137 non
1513 2105 1687 2148 accidens]
1718 2105 1741 2138 i.
1766 2116 1797 2138 e.

1062 2148 1346 2189 substantivum,
1371 2160 1439 2181 non
1467 2149 1702 2184 adiectis-um.
1741 2149 1796 2183 Cf.

1063 2193 1139 2234 ζμ).

1109 2251 1160 2280 12.
1210 2253 1246 2280 ut
1282 2249 1422 2281 Asinius
1458 2249 1570 2281 Pollio
1602 2249 1797 2291 vectiga-

1063 2294 1218 2325 liorum
1234 2295 1436 2335 frequenter
1457 2293 1609 2336 usurpet]
1635 2294 1682 2326 cf.
1701 2293 1799 2326 cha-

1064 2337 1126 2369 ris.
1152 2338 1179 2377 l,
1208 2349 1239 2379 p.
1266 2340 1321 2369 46.
1347 2338 1387 2370 P.
1422 2339 1579 2370 Asinius:
1604 2339 1799 2382 vectiga-

1064 2383 1222 2414 liorum
1248 2383 1458 2425 reipublicae
1483 2394 1602 2415 curam
1633 2393 1706 2416 esse
1733 2383 1798 2415 ha-

1063 2428 1227 2467 bendam,
1260 2428 1308 2459 ih.
1343 2439 1375 2469 p.
1410 2429 1483 2458 119.
1519 2430 1666 2469 praeter
1700 2427 1799 2459 hunc

1064 2472 1184 2503 Ionum
1212 2471 1386 2504 affertur:
1429 2473 1459 2503 t
1467 2472 1798 2514 ectigaliorum,

1069 2517 1185 2549 Cicero
1228 2517 1275 2548 ad
1318 2517 1470 2548 Atticum
1509 2517 1635 2557 (quem
1676 2518 1797 2548 tamen

1062 2562 1183 2593 locum
1218 2561 1254 2592 in
1294 2560 1373 2592 illis
1410 2559 1650 2601 epistolarum
1691 2560 1799 2593 libris

1064 2617 1132 2637 non
1170 2604 1356 2643 inienias)
1394 2609 1430 2636 et
1467 2606 1577 2637 larro
1604 2605 1646 2636 de
1677 2605 1799 2638 biblio-

1063 2650 1167 2682 thecis
1214 2650 1384 2681 secundo:
1437 2649 1796 2692 vectigaliorum.

1063 2694 1267 2726 Schneider
1293 2695 1317 2725 I.
1344 2705 1373 2725 c.
1403 2705 1433 2734 μ.
1464 2696 1542 2725 265.
1575 2694 1679 2726 addit
1706 2693 1798 2726 Sue-

1063 2744 1135 2771 ton.
1153 2739 1245 2781 Aug.
1263 2744 1354 2771 extr.
1372 2737 1500 2770 Tiber.
1522 2740 1578 2770 49.
1602 2738 1721 2782 Calig.
1747 2741 1800 2771 16.

1107 2794 1200 2837 quod
1227 2817 1259 2826 ..
1285 2793 1433 2835 dicatur]
1479 2793 1681 2825 Dicendum
1720 2796 1800 2826 erat

1063 2844 1126 2872 aut
1151 2850 1253 2880 quum
1278 2842 1340 2870 aut
1367 2839 1401 2870 in
1427 2850 1492 2881 quo
1515 2839 1662 2871 nomine.

1108 2893 1327 2935 anciliorum]
1349 2892 1492 2925 Charis.
1510 2893 1537 2924 Ι.
1558 2905 1591 2935 p.
1612 2894 1663 2925 46.
1687 2903 1797 2925 unum

1063 2938 1210 2971 Horatii
1237 2939 1355 2971 Iocum
1379 2938 1466 2980 (Od.
1492 2938 1559 2979 III,
1585 2940 1617 2979 5,
1641 2938 1714 2980 10.)
1740 2937 1796 2970 af-
