<?xml version="1.0" encoding="UTF-8"?>
<!DOCTYPE html PUBLIC "-//W3C//DTD XHTML 1.0 Transitional//EN"
    "http://www.w3.org/TR/xhtml1/DTD/xhtml1-transitional.dtd">
<html xmlns="http://www.w3.org/1999/xhtml" xml:lang="en" lang="en">
 <head>
  <title>
</title>
<meta http-equiv="Content-Type" content="text/html;charset=utf-8" />
  <meta name='ocr-system' content='tesseract 3.04.00' />
  <meta name='ocr-capabilities' content='ocr_page ocr_carea ocr_par ocr_line ocrx_word'/>
</head>
<body>
  <div class='ocr_page' id='page_1' title='image "./operaquaesupersu02macruoft_0668.png"; bbox 0 0 1845 3131; ppageno 0'>
   <div class='ocr_carea' id='block_1_1' title="bbox 141 37 1748 1255">
    <p class='ocr_par' dir='ltr' id='par_1_1' title="bbox 203 37 1743 311">
     <span class='ocr_line' id='line_1_1' title="bbox 203 37 1100 85; baseline -0.009 0"><span class='ocrx_word' id='word_1_1' title='bbox 203 45 286 85; x_wconf 70' lang='lat'><strong>(342</strong></span> <span class='ocrx_word' id='word_1_2' title='bbox 824 37 1100 79; x_wconf 85' lang='lat' dir='ltr'>MACROBII</span> 
     </span>
     <span class='ocr_line' id='line_1_2' title="bbox 207 143 1742 209; baseline -0.006 -15"><span class='ocrx_word' id='word_1_3' title='bbox 207 155 387 207; x_wconf 79' lang='lat' dir='ltr'><strong>Aegypto</strong></span> <span class='ocrx_word' id='word_1_4' title='bbox 419 162 569 197; x_wconf 78' lang='lat' dir='ltr'><strong>mures,</strong></span> <span class='ocrx_word' id='word_1_5' title='bbox 612 152 660 187; x_wconf 92' lang='lat' dir='ltr'><strong>ut</strong></span> <span class='ocrx_word' id='word_1_6' title='bbox 695 147 780 187; x_wconf 85' lang='lat' dir='ltr'><strong>aliis</strong></span> <span class='ocrx_word' id='word_1_7' title='bbox 814 146 854 187; x_wconf 92' lang='lat' dir='ltr'><strong>in</strong></span> <span class='ocrx_word' id='word_1_8' title='bbox 894 146 992 187; x_wconf 85' lang='lat' dir='ltr'><strong>loeis</strong></span> <span class='ocrx_word' id='word_1_9' title='bbox 1031 157 1151 187; x_wconf 84' lang='lat' dir='ltr'><strong>ranae</strong></span> <span class='ocrx_word' id='word_1_10' title='bbox 1186 151 1471 209; x_wconf 77' lang='lat' dir='ltr'>serpentesque</span> <span class='ocrx_word' id='word_1_11' title='bbox 1512 150 1552 186; x_wconf 85' lang='lat' dir='ltr'><strong>et</strong></span> <span class='ocrx_word' id='word_1_12' title='bbox 1589 143 1742 186; x_wconf 80' lang='lat' dir='ltr'><strong>similia.</strong></span> 
     </span>
     <span class='ocr_line' id='line_1_3' title="bbox 206 200 1743 256; baseline -0.006 -6"><span class='ocrx_word' id='word_1_13' title='bbox 206 211 292 250; x_wconf 84' lang='lat' dir='ltr'><strong>Ova</strong></span> <span class='ocrx_word' id='word_1_14' title='bbox 321 213 452 248; x_wconf 84' lang='lat' dir='ltr'><strong>autem</strong></span> <span class='ocrx_word' id='word_1_15' title='bbox 481 216 699 256; x_wconf 77' lang='lat' dir='ltr'>numquam</span> <span class='ocrx_word' id='word_1_16' title='bbox 727 203 775 242; x_wconf 90' lang='lat' dir='ltr'><strong>de</strong></span> <span class='ocrx_word' id='word_1_17' title='bbox 807 207 911 243; x_wconf 81' lang='lat' dir='ltr'><strong>terra</strong></span> <span class='ocrx_word' id='word_1_18' title='bbox 944 207 1038 242; x_wconf 86' lang='lat' dir='ltr'><strong>sunt</strong></span> <span class='ocrx_word' id='word_1_19' title='bbox 1067 206 1291 256; x_wconf 83' lang='lat' dir='ltr'><strong>procreata,</strong></span> <span class='ocrx_word' id='word_1_20' title='bbox 1333 203 1426 256; x_wconf 82' lang='lat' dir='ltr'><strong>quia</strong></span> <span class='ocrx_word' id='word_1_21' title='bbox 1457 202 1496 242; x_wconf 90' lang='lat' dir='ltr'><strong>in</strong></span> <span class='ocrx_word' id='word_1_22' title='bbox 1528 201 1605 242; x_wconf 86' lang='lat' dir='ltr'><strong>illis</strong></span> <span class='ocrx_word' id='word_1_23' title='bbox 1636 200 1743 241; x_wconf 80' lang='lat' dir='ltr'><strong>nulla</strong></span> 
     </span>
     <span class='ocr_line' id='line_1_4' title="bbox 205 256 1743 318; baseline -0.006 -12.935"><span class='ocrx_word' id='word_1_24' title='bbox 205 263 396 318; x_wconf 50' lang='lat' dir='ltr'><strong>{welloe-tio</strong></span> <span class='ocrx_word' id='word_1_25' title='bbox 435 266 516 308; x_wconf 87' lang='lat' dir='ltr'><strong>est,</strong></span> <span class='ocrx_word' id='word_1_26' title='bbox 565 264 707 299; x_wconf 81' lang='lat' dir='ltr'><strong>natura</strong></span> <span class='ocrx_word' id='word_1_27' title='bbox 740 271 832 298; x_wconf 87' lang='lat' dir='ltr'><strong>vero</strong></span> <span class='ocrx_word' id='word_1_28' title='bbox 869 257 1042 311; x_wconf 79' lang='lat' dir='ltr'><strong>perfecta</strong></span> <span class='ocrx_word' id='word_1_29' title='bbox 1080 257 1243 305; x_wconf 80' lang='lat' dir='ltr'><strong>format,</strong></span> <span class='ocrx_word' id='word_1_30' title='bbox 1289 262 1328 297; x_wconf 83' lang='lat' dir='ltr'><strong>et</strong></span> <span class='ocrx_word' id='word_1_31' title='bbox 1364 258 1412 298; x_wconf 90' lang='lat' dir='ltr'><strong>de</strong></span> <span class='ocrx_word' id='word_1_32' title='bbox 1446 257 1629 311; x_wconf 81' lang='lat' dir='ltr'><strong>perfectis</strong></span> <span class='ocrx_word' id='word_1_33' title='bbox 1669 256 1743 297; x_wconf 83' lang='lat' dir='ltr'><strong>ista</strong></span> 
     </span>
    </p>

    <p class='ocr_par' dir='ltr' id='par_1_2' title="bbox 144 313 1743 593">
     <span class='ocr_line' id='line_1_5' title="bbox 144 313 1742 373; baseline -0.006 -13"><span class='ocrx_word' id='word_1_34' title='bbox 144 280 437 378; x_wconf 32' lang='grc' dir='ltr'><strong>ΙἩὶῖηοῡοὼιηῐ,</strong></span> <span class='ocrx_word' id='word_1_35' title='bbox 468 320 514 355; x_wconf 84' lang='lat' dir='ltr'><strong>ut</strong></span> <span class='ocrx_word' id='word_1_36' title='bbox 543 314 591 354; x_wconf 84' lang='lat' dir='ltr'><strong>de</strong></span> <span class='ocrx_word' id='word_1_37' title='bbox 617 313 841 366; x_wconf 75' lang='lat' dir='ltr'><strong>integritate</strong></span> <span class='ocrx_word' id='word_1_38' title='bbox 869 318 1012 366; x_wconf 88' lang='lat' dir='ltr'><strong>partes.</strong></span> <span class='ocrx_word' id='word_1_39' title='bbox 1072 314 1173 355; x_wconf 76' lang='lat' dir='ltr'><strong>Nam</strong></span> <span class='ocrx_word' id='word_1_40' title='bbox 1200 318 1244 352; x_wconf 90' lang='lat' dir='ltr'><strong>ut</strong></span> <span class='ocrx_word' id='word_1_41' title='bbox 1271 313 1483 352; x_wconf 80' lang='lat' dir='ltr'>concedam</span> <span class='ocrx_word' id='word_1_42' title='bbox 1513 327 1586 353; x_wconf 83' lang='lat' dir='ltr'><strong>ova</strong></span> <span class='ocrx_word' id='word_1_43' title='bbox 1611 313 1742 353; x_wconf 81' lang='lat' dir='ltr'><strong>avium</strong></span> 
     </span>
     <span class='ocr_line' id='line_1_6' title="bbox 207 367 1743 430; baseline -0.004 -17"><span class='ocrx_word' id='word_1_44' title='bbox 207 388 292 414; x_wconf 72' lang='lat' dir='ltr'><strong>(sse</strong></span> <span class='ocrx_word' id='word_1_45' title='bbox 320 386 443 413; x_wconf 77' lang='lat' dir='ltr'><strong>semin</strong></span> <span class='ocrx_word' id='word_1_46' title='bbox 449 384 550 419; x_wconf 86' lang='grc'><strong>1111</strong></span> <span class='ocrx_word' id='word_1_47' title='bbox 583 370 786 410; x_wconf 80' lang='lat' dir='ltr'><strong>videamus</strong></span> <span class='ocrx_word' id='word_1_48' title='bbox 818 369 913 423; x_wconf 89' lang='lat' dir='ltr'><strong>quid</strong></span> <span class='ocrx_word' id='word_1_49' title='bbox 947 369 995 409; x_wconf 87' lang='lat' dir='ltr'><strong>de</strong></span> <span class='ocrx_word' id='word_1_50' title='bbox 1023 368 1172 408; x_wconf 86' lang='lat' dir='ltr'><strong>semine</strong></span> <span class='ocrx_word' id='word_1_51' title='bbox 1204 368 1289 422; x_wconf 89' lang='lat' dir='ltr'><strong>ipso</strong></span> <span class='ocrx_word' id='word_1_52' title='bbox 1317 367 1643 430; x_wconf 76' lang='lat' dir='ltr'><strong>philosophorum</strong></span> <span class='ocrx_word' id='word_1_53' title='bbox 1676 368 1743 408; x_wconf 91' lang='lat' dir='ltr'><strong>de-</strong></span> 
     </span>
     <span class='ocr_line' id='line_1_7' title="bbox 207 423 1743 478; baseline -0.004 -9"><span class='ocrx_word' id='word_1_54' title='bbox 207 429 332 469; x_wconf 85' lang='lat' dir='ltr'><strong>linitio</strong></span> <span class='ocrx_word' id='word_1_55' title='bbox 372 433 558 474; x_wconf 83' lang='lat' dir='ltr'><strong>testatur,</strong></span> <span class='ocrx_word' id='word_1_56' title='bbox 602 439 704 478; x_wconf 82' lang='lat' dir='ltr'><strong>quae</strong></span> <span class='ocrx_word' id='word_1_57' title='bbox 734 425 786 465; x_wconf 84' lang='lat' dir='ltr'><strong>ita</strong></span> <span class='ocrx_word' id='word_1_58' title='bbox 819 425 961 465; x_wconf 81' lang='lat' dir='ltr'><strong>sancit:</strong></span> <span class='ocrx_word' id='word_1_59' title='bbox 1007 424 1149 465; x_wconf 86' lang='lat' dir='ltr'><strong>Semen</strong></span> <span class='ocrx_word' id='word_1_60' title='bbox 1182 429 1241 464; x_wconf 88' lang='lat' dir='ltr'><strong>est</strong></span> <span class='ocrx_word' id='word_1_61' title='bbox 1269 423 1471 478; x_wconf 81' lang='lat' dir='ltr'><strong>generatio</strong></span> <span class='ocrx_word' id='word_1_62' title='bbox 1501 424 1548 463; x_wconf 87' lang='lat' dir='ltr'><strong>ad</strong></span> <span class='ocrx_word' id='word_1_63' title='bbox 1580 423 1664 463; x_wconf 89' lang='lat' dir='ltr'><strong>eius</strong></span> <span class='ocrx_word' id='word_1_64' title='bbox 1697 437 1743 463; x_wconf 87' lang='lat' dir='ltr'><strong>ex</strong></span> 
     </span>
     <span class='ocr_line' id='line_1_8' title="bbox 207 478 1743 539; baseline -0.005 -14"><span class='ocrx_word' id='word_1_65' title='bbox 207 499 287 539; x_wconf 85' lang='lat' dir='ltr'><strong>quo</strong></span> <span class='ocrx_word' id='word_1_66' title='bbox 322 489 382 524; x_wconf 80' lang='lat' dir='ltr'><strong>est</strong></span> <span class='ocrx_word' id='word_1_67' title='bbox 421 481 719 523; x_wconf 82' lang='lat' dir='ltr'><strong>similitudinem</strong></span> <span class='ocrx_word' id='word_1_68' title='bbox 760 493 945 534; x_wconf 84' lang='lat' dir='ltr'><strong>pergens:</strong></span> <span class='ocrx_word' id='word_1_69' title='bbox 989 494 1069 520; x_wconf 88' lang='lat' dir='ltr'><strong>non</strong></span> <span class='ocrx_word' id='word_1_70' title='bbox 1108 484 1241 534; x_wconf 89' lang='lat' dir='ltr'><strong>potest</strong></span> <span class='ocrx_word' id='word_1_71' title='bbox 1270 484 1402 519; x_wconf 88' lang='lat' dir='ltr'><strong>autem</strong></span> <span class='ocrx_word' id='word_1_72' title='bbox 1435 479 1484 519; x_wconf 84' lang='lat' dir='ltr'><strong>ad</strong></span> <span class='ocrx_word' id='word_1_73' title='bbox 1519 478 1743 518; x_wconf 89' lang='lat' dir='ltr'><strong>similitudi—</strong></span> 
     </span>
     <span class='ocr_line' id='line_1_9' title="bbox 207 534 1744 598; baseline -0.005 -18"><span class='ocrx_word' id='word_1_74' title='bbox 207 554 296 581; x_wconf 85' lang='lat' dir='ltr'><strong>nem</strong></span> <span class='ocrx_word' id='word_1_75' title='bbox 329 538 435 593; x_wconf 78' lang='lat' dir='ltr'><strong>peigi</strong></span> <span class='ocrx_word' id='word_1_76' title='bbox 465 538 519 578; x_wconf 86' lang='lat' dir='ltr'><strong>rei</strong></span> <span class='ocrx_word' id='word_1_77' title='bbox 546 551 648 598; x_wconf 77' lang='lat' dir='ltr'><strong>quae</strong></span> <span class='ocrx_word' id='word_1_78' title='bbox 679 536 849 576; x_wconf 83' lang='lat' dir='ltr'>necdum</span> <span class='ocrx_word' id='word_1_79' title='bbox 882 541 952 584; x_wconf 89' lang='lat' dir='ltr'><strong>est,</strong></span> <span class='ocrx_word' id='word_1_80' title='bbox 985 536 1088 576; x_wconf 85' lang='lat' dir='ltr'><strong>sieut</strong></span> <span class='ocrx_word' id='word_1_81' title='bbox 1119 548 1190 575; x_wconf 85' lang='lat' dir='ltr'><strong>nec</strong></span> <span class='ocrx_word' id='word_1_82' title='bbox 1217 549 1352 575; x_wconf 84' lang='lat' dir='ltr'><strong>semen</strong></span> <span class='ocrx_word' id='word_1_83' title='bbox 1383 548 1429 574; x_wconf 88' lang='lat' dir='ltr'><strong>ex</strong></span> <span class='ocrx_word' id='word_1_84' title='bbox 1462 547 1509 574; x_wconf 86' lang='lat' dir='ltr'><strong>eo</strong></span> <span class='ocrx_word' id='word_1_85' title='bbox 1541 534 1649 587; x_wconf 88' lang='lat' dir='ltr'><strong>quod</strong></span> <span class='ocrx_word' id='word_1_86' title='bbox 1676 534 1744 573; x_wconf 81' lang='lat' dir='ltr'><strong>ad-</strong></span> 
     </span>
    </p>

    <p class='ocr_par' dir='ltr' id='par_1_3' title="bbox 147 589 1744 644">
     <span class='ocr_line' id='line_1_10' title="bbox 147 589 1744 644; baseline -0.004 -10"><span class='ocrx_word' id='word_1_87' title='bbox 147 596 286 637; x_wconf 80' lang='lat' dir='ltr'><strong>l4huc</strong></span> <span class='ocrx_word' id='word_1_88' title='bbox 322 609 403 635; x_wconf 90' lang='lat' dir='ltr'><strong>non</strong></span> <span class='ocrx_word' id='word_1_89' title='bbox 442 592 623 633; x_wconf 82' lang='lat' dir='ltr'><strong>subsistit</strong></span> <span class='ocrx_word' id='word_1_90' title='bbox 660 597 829 632; x_wconf 84' lang='lat' dir='ltr'><strong>emanat.</strong></span> <span class='ocrx_word' id='word_1_91' title='bbox 888 592 996 644; x_wconf 81' lang='lat' dir='ltr'><strong>Ergo</strong></span> <span class='ocrx_word' id='word_1_92' title='bbox 1030 591 1068 631; x_wconf 90' lang='lat' dir='ltr'><strong>in</strong></span> <span class='ocrx_word' id='word_1_93' title='bbox 1100 591 1229 644; x_wconf 88' lang='lat' dir='ltr'><strong>primo</strong></span> <span class='ocrx_word' id='word_1_94' title='bbox 1262 604 1394 631; x_wconf 90' lang='lat' dir='ltr'><strong>rerum</strong></span> <span class='ocrx_word' id='word_1_95' title='bbox 1425 595 1518 630; x_wconf 88' lang='lat' dir='ltr'><strong>ortu</strong></span> <span class='ocrx_word' id='word_1_96' title='bbox 1544 589 1744 642; x_wconf 83' lang='lat' dir='ltr'><strong>intellega-</strong></span> 
     </span>
    </p>

    <p class='ocr_par' dir='ltr' id='par_1_4' title="bbox 141 619 1748 1255">
     <span class='ocr_line' id='line_1_11' title="bbox 141 619 1747 705; baseline -0.006 -12"><span class='ocrx_word' id='word_1_97' title='bbox 141 662 340 705; x_wconf 74' lang='lat' dir='ltr'><strong>12771mus‚</strong></span> <span class='ocrx_word' id='word_1_98' title='bbox 373 663 463 689; x_wconf 73' lang='lat' dir='ltr'><strong>cum</strong></span> <span class='ocrx_word' id='word_1_99' title='bbox 504 647 645 688; x_wconf 81' lang='lat' dir='ltr'><strong>ceteris</strong></span> <span class='ocrx_word' id='word_1_100' title='bbox 676 621 969 687; x_wconf 51' lang='lat' dir='ltr'><strong>animantibuso</strong></span> <span class='ocrx_word' id='word_1_101' title='bbox 976 660 1078 700; x_wconf 80' lang='lat' dir='ltr'><strong>quae</strong></span> <span class='ocrx_word' id='word_1_102' title='bbox 1113 647 1197 687; x_wconf 90' lang='lat' dir='ltr'><strong>solo</strong></span> <span class='ocrx_word' id='word_1_103' title='bbox 1233 646 1384 686; x_wconf 87' lang='lat' dir='ltr'><strong>semine</strong></span> <span class='ocrx_word' id='word_1_104' title='bbox 1419 650 1661 693; x_wconf 79' lang='lat' dir='ltr'><strong>nascuntur,</strong></span> <span class='ocrx_word' id='word_1_105' title='bbox 1679 619 1747 694; x_wconf 65' lang='lat' dir='ltr'><strong>t&gt;(le</strong></span> 
     </span>
     <span class='ocr_line' id='line_1_12' title="bbox 207 702 1746 760; baseline -0.003 -15"><span class='ocrx_word' id='word_1_106' title='bbox 207 707 353 760; x_wconf 90' lang='lat' dir='ltr'><strong>quibus</strong></span> <span class='ocrx_word' id='word_1_107' title='bbox 384 719 464 744; x_wconf 90' lang='lat' dir='ltr'><strong>non</strong></span> <span class='ocrx_word' id='word_1_108' title='bbox 493 702 708 755; x_wconf 79' lang='lat' dir='ltr'><strong>ambigitur</strong></span> <span class='ocrx_word' id='word_1_109' title='bbox 740 702 836 755; x_wconf 92' lang='lat' dir='ltr'><strong>quin</strong></span> <span class='ocrx_word' id='word_1_110' title='bbox 864 702 974 755; x_wconf 89' lang='lat' dir='ltr'><strong>prius</strong></span> <span class='ocrx_word' id='word_1_111' title='bbox 999 702 1144 742; x_wconf 85' lang='lat' dir='ltr'><strong>suerint</strong></span> <span class='ocrx_word' id='word_1_112' title='bbox 1171 715 1288 755; x_wconf 83' lang='lat' dir='ltr'><strong>quam</strong></span> <span class='ocrx_word' id='word_1_113' title='bbox 1316 715 1450 742; x_wconf 84' lang='lat' dir='ltr'><strong>semen</strong></span> <span class='ocrx_word' id='word_1_114' title='bbox 1474 714 1616 749; x_wconf 88' lang='lat' dir='ltr'><strong>suum,</strong></span> <span class='ocrx_word' id='word_1_115' title='bbox 1655 713 1746 740; x_wconf 79' lang='lat' dir='ltr'><strong>aves</strong></span> 
     </span>
     <span class='ocr_line' id='line_1_13' title="bbox 207 755 1745 815; baseline -0.004 -15"><span class='ocrx_word' id='word_1_116' title='bbox 207 774 370 815; x_wconf 87' lang='lat' dir='ltr'><strong>quoque</strong></span> <span class='ocrx_word' id='word_1_117' title='bbox 399 759 542 813; x_wconf 82' lang='lat' dir='ltr'><strong>opilice</strong></span> <span class='ocrx_word' id='word_1_118' title='bbox 568 764 708 798; x_wconf 74' lang='lat' dir='ltr'><strong>natura</strong></span> <span class='ocrx_word' id='word_1_119' title='bbox 732 757 907 797; x_wconf 75' lang='lat' dir='ltr'><strong>extitisse</strong></span> <span class='ocrx_word' id='word_1_120' title='bbox 933 757 1146 810; x_wconf 78' lang='lat' dir='ltr'><strong>perfectas:</strong></span> <span class='ocrx_word' id='word_1_121' title='bbox 1175 762 1214 796; x_wconf 89' lang='lat' dir='ltr'><strong>et</strong></span> <span class='ocrx_word' id='word_1_122' title='bbox 1244 758 1337 810; x_wconf 84' lang='lat' dir='ltr'><strong>quia</strong></span> <span class='ocrx_word' id='word_1_123' title='bbox 1364 757 1420 797; x_wconf 88' lang='lat' dir='ltr'><strong>vis</strong></span> <span class='ocrx_word' id='word_1_124' title='bbox 1448 756 1661 809; x_wconf 71' lang='lat' dir='ltr'><strong>gener-indi</strong></span> <span class='ocrx_word' id='word_1_125' title='bbox 1687 755 1745 795; x_wconf 88' lang='lat' dir='ltr'><strong>in-</strong></span> 
     </span>
     <span class='ocr_line' id='line_1_14' title="bbox 208 812 1747 875; baseline -0.004 -19"><span class='ocrx_word' id='word_1_126' title='bbox 208 822 310 857; x_wconf 85' lang='lat' dir='ltr'><strong>serta</strong></span> <span class='ocrx_word' id='word_1_127' title='bbox 341 816 391 855; x_wconf 81' lang='lat' dir='ltr'><strong>sit</strong></span> <span class='ocrx_word' id='word_1_128' title='bbox 416 813 602 867; x_wconf 76' lang='lat' dir='ltr'><strong>singulis,</strong></span> <span class='ocrx_word' id='word_1_129' title='bbox 629 814 677 854; x_wconf 88' lang='lat' dir='ltr'><strong>ab</strong></span> <span class='ocrx_word' id='word_1_130' title='bbox 706 813 766 853; x_wconf 89' lang='lat' dir='ltr'><strong>his</strong></span> <span class='ocrx_word' id='word_1_131' title='bbox 797 812 873 853; x_wconf 86' lang='lat' dir='ltr'><strong>iam</strong></span> <span class='ocrx_word' id='word_1_132' title='bbox 908 813 1123 875; x_wconf 79' lang='lat' dir='ltr'>procedere</span> <span class='ocrx_word' id='word_1_133' title='bbox 1150 812 1337 852; x_wconf 81' lang='lat' dir='ltr'><strong>nascendi</strong></span> <span class='ocrx_word' id='word_1_134' title='bbox 1370 813 1510 852; x_wconf 88' lang='lat' dir='ltr'><strong>modos</strong></span> <span class='ocrx_word' id='word_1_135' title='bbox 1541 825 1642 865; x_wconf 85' lang='lat' dir='ltr'><strong>quos</strong></span> <span class='ocrx_word' id='word_1_136' title='bbox 1674 824 1747 864; x_wconf 89' lang='lat' dir='ltr'><strong>pro</strong></span> 
     </span>
     <span class='ocr_line' id='line_1_15' title="bbox 208 866 1745 930; baseline -0.003 -19"><span class='ocrx_word' id='word_1_137' title='bbox 208 871 436 913; x_wconf 86' lang='lat' dir='ltr'><strong>diversitate</strong></span> <span class='ocrx_word' id='word_1_138' title='bbox 467 869 729 909; x_wconf 84' lang='lat' dir='ltr'><strong>animantium</strong></span> <span class='ocrx_word' id='word_1_139' title='bbox 760 874 899 909; x_wconf 86' lang='lat' dir='ltr'><strong>natura</strong></span> <span class='ocrx_word' id='word_1_140' title='bbox 934 868 1109 909; x_wconf 82' lang='lat' dir='ltr'><strong>variavit.</strong></span> <span class='ocrx_word' id='word_1_141' title='bbox 1168 868 1325 930; x_wconf 65' lang='lat' dir='ltr'><strong>Habes3</strong></span> <span class='ocrx_word' id='word_1_142' title='bbox 1350 867 1564 919; x_wconf 75' lang='lat' dir='ltr'><strong>Evaugele,</strong></span> <span class='ocrx_word' id='word_1_143' title='bbox 1592 866 1745 906; x_wconf 92' lang='lat' dir='ltr'><strong>utrobi-</strong></span> 
     </span>
     <span class='ocr_line' id='line_1_16' title="bbox 209 921 1746 981; baseline -0.004 -14"><span class='ocrx_word' id='word_1_144' title='bbox 209 941 286 981; x_wconf 83' lang='lat' dir='ltr'><strong>que</strong></span> <span class='ocrx_word' id='word_1_145' title='bbox 319 926 426 980; x_wconf 82' lang='lat' dir='ltr'><strong>quod</strong></span> <span class='ocrx_word' id='word_1_146' title='bbox 464 930 622 972; x_wconf 78' lang='lat' dir='ltr'><strong>teneas,</strong></span> <span class='ocrx_word' id='word_1_147' title='bbox 667 930 706 964; x_wconf 87' lang='lat' dir='ltr'><strong>et</strong></span> <span class='ocrx_word' id='word_1_148' title='bbox 739 923 984 964; x_wconf 77' lang='lat' dir='ltr'><strong>dissimulat-1</strong></span> <span class='ocrx_word' id='word_1_149' title='bbox 1018 923 1218 977; x_wconf 78' lang='lat' dir='ltr'><strong>paulisper</strong></span> <span class='ocrx_word' id='word_1_150' title='bbox 1253 922 1443 963; x_wconf 85' lang='lat' dir='ltr'><strong>inrisione</strong></span> <span class='ocrx_word' id='word_1_151' title='bbox 1478 928 1610 962; x_wconf 82' lang='lat' dir='ltr'><strong>tecum</strong></span> <span class='ocrx_word' id='word_1_152' title='bbox 1650 921 1746 962; x_wconf 90' lang='lat' dir='ltr'><strong>deli-</strong></span> 
     </span>
     <span class='ocr_line' id='line_1_17' title="bbox 147 976 1748 1035; baseline -0.005 -11"><span class='ocrx_word' id='word_1_153' title='bbox 147 984 301 1027; x_wconf 80' lang='lat' dir='ltr'><strong>l5bera</strong></span> <span class='ocrx_word' id='word_1_154' title='bbox 333 981 427 1035; x_wconf 85' lang='lat' dir='ltr'><strong>quid</strong></span> <span class='ocrx_word' id='word_1_155' title='bbox 460 979 651 1033; x_wconf 79' lang='lat' dir='ltr'><strong>sequaris.</strong></span> <span class='ocrx_word' id='word_1_156' title='bbox 708 980 762 1019; x_wconf 86' lang='lat' dir='ltr'><strong>Et</strong></span> <span class='ocrx_word' id='word_1_157' title='bbox 790 979 1036 1031; x_wconf 81' lang='lat' dir='ltr'><strong>Evangelus:</strong></span> <span class='ocrx_word' id='word_1_158' title='bbox 1086 979 1191 1029; x_wconf 82' lang='lat' dir='ltr'><strong>Quia</strong></span> <span class='ocrx_word' id='word_1_159' title='bbox 1228 984 1267 1019; x_wconf 83' lang='lat' dir='ltr'><strong>et</strong></span> <span class='ocrx_word' id='word_1_160' title='bbox 1301 992 1347 1018; x_wconf 83' lang='lat' dir='ltr'><strong>ex</strong></span> <span class='ocrx_word' id='word_1_161' title='bbox 1382 977 1479 1018; x_wconf 80' lang='lat' dir='ltr'><strong>iocis</strong></span> <span class='ocrx_word' id='word_1_162' title='bbox 1514 977 1613 1017; x_wconf 76' lang='lat' dir='ltr'><strong>seria</strong></span> <span class='ocrx_word' id='word_1_163' title='bbox 1653 976 1748 1017; x_wconf 83' lang='lat' dir='ltr'><strong>facit</strong></span> 
     </span>
     <span class='ocr_line' id='line_1_18' title="bbox 208 1033 1746 1089; baseline -0.005 -10"><span class='ocrx_word' id='word_1_164' title='bbox 208 1038 391 1079; x_wconf 80' lang='lat' dir='ltr'><strong>violentia</strong></span> <span class='ocrx_word' id='word_1_165' title='bbox 423 1036 632 1089; x_wconf 79' lang='lat' dir='ltr'><strong>loquendi,</strong></span> <span class='ocrx_word' id='word_1_166' title='bbox 673 1035 749 1075; x_wconf 84' lang='lat' dir='ltr'><strong>hoc</strong></span> <span class='ocrx_word' id='word_1_167' title='bbox 782 1034 874 1074; x_wconf 87' lang='lat' dir='ltr'><strong>mihi</strong></span> <span class='ocrx_word' id='word_1_168' title='bbox 904 1035 1115 1076; x_wconf 76' lang='lat' dir='ltr'><strong>absolvatis</strong></span> <span class='ocrx_word' id='word_1_169' title='bbox 1149 1034 1261 1082; x_wconf 88' lang='lat' dir='ltr'><strong>volo,</strong></span> <span class='ocrx_word' id='word_1_170' title='bbox 1299 1034 1412 1074; x_wconf 82' lang='lat' dir='ltr'><strong>euius</strong></span> <span class='ocrx_word' id='word_1_171' title='bbox 1444 1033 1511 1074; x_wconf 89' lang='lat' dir='ltr'><strong>diu</strong></span> <span class='ocrx_word' id='word_1_172' title='bbox 1543 1046 1606 1073; x_wconf 88' lang='lat' dir='ltr'><strong>me</strong></span> <span class='ocrx_word' id='word_1_173' title='bbox 1637 1046 1746 1072; x_wconf 85' lang='lat' dir='ltr'><strong>exer-</strong></span> 
     </span>
     <span class='ocr_line' id='line_1_19' title="bbox 208 1089 1745 1144; baseline -0.003 -11"><span class='ocrx_word' id='word_1_174' title='bbox 208 1095 290 1134; x_wconf 80' lang='lat' dir='ltr'><strong>cuit</strong></span> <span class='ocrx_word' id='word_1_175' title='bbox 320 1106 409 1133; x_wconf 84' lang='lat' dir='ltr'><strong>vera</strong></span> <span class='ocrx_word' id='word_1_176' title='bbox 440 1091 685 1131; x_wconf 80' lang='lat' dir='ltr'><strong>deliberatio.</strong></span> <span class='ocrx_word' id='word_1_177' title='bbox 743 1091 880 1144; x_wconf 79' lang='lat' dir='ltr'><strong>Nuper</strong></span> <span class='ocrx_word' id='word_1_178' title='bbox 908 1090 1012 1130; x_wconf 87' lang='lat' dir='ltr'><strong>enim</strong></span> <span class='ocrx_word' id='word_1_179' title='bbox 1046 1090 1140 1130; x_wconf 90' lang='lat' dir='ltr'><strong>mihi</strong></span> <span class='ocrx_word' id='word_1_180' title='bbox 1173 1090 1221 1129; x_wconf 77' lang='lat' dir='ltr'><strong>(le</strong></span> <span class='ocrx_word' id='word_1_181' title='bbox 1250 1089 1406 1130; x_wconf 88' lang='lat' dir='ltr'><strong>Tiburti</strong></span> <span class='ocrx_word' id='word_1_182' title='bbox 1435 1103 1529 1142; x_wconf 76' lang='lat' dir='ltr'><strong>agro</strong></span> <span class='ocrx_word' id='word_1_183' title='bbox 1560 1102 1649 1128; x_wconf 81' lang='lat' dir='ltr'><strong>ineo</strong></span> <span class='ocrx_word' id='word_1_184' title='bbox 1680 1101 1745 1128; x_wconf 87' lang='lat' dir='ltr'><strong>ex-</strong></span> 
     </span>
     <span class='ocr_line' id='line_1_20' title="bbox 206 1144 1746 1200; baseline -0.004 -11"><span class='ocrx_word' id='word_1_185' title='bbox 206 1149 320 1189; x_wconf 78' lang='lat' dir='ltr'><strong>bibiti</strong></span> <span class='ocrx_word' id='word_1_186' title='bbox 349 1152 479 1188; x_wconf 87' lang='lat' dir='ltr'><strong>sunt</strong></span> <span class='ocrx_word' id='word_1_187' title='bbox 468 1146 550 1200; x_wconf 88' lang='lat' dir='ltr'><strong>apri</strong></span> <span class='ocrx_word' id='word_1_188' title='bbox 583 1160 685 1200; x_wconf 85' lang='lat' dir='ltr'><strong>quos</strong></span> <span class='ocrx_word' id='word_1_189' title='bbox 715 1146 862 1186; x_wconf 87' lang='lat' dir='ltr'><strong>obtulit</strong></span> <span class='ocrx_word' id='word_1_190' title='bbox 889 1146 984 1186; x_wconf 88' lang='lat' dir='ltr'><strong>silva</strong></span> <span class='ocrx_word' id='word_1_191' title='bbox 1010 1145 1259 1193; x_wconf 84' lang='lat' dir='ltr'><strong>venantibus,</strong></span> <span class='ocrx_word' id='word_1_192' title='bbox 1283 1151 1322 1185; x_wconf 82' lang='lat' dir='ltr'><strong>et</strong></span> <span class='ocrx_word' id='word_1_193' title='bbox 1354 1145 1446 1198; x_wconf 89' lang='lat' dir='ltr'><strong>quia</strong></span> <span class='ocrx_word' id='word_1_194' title='bbox 1474 1144 1628 1185; x_wconf 86' lang='lat' dir='ltr'><strong>diutule</strong></span> <span class='ocrx_word' id='word_1_195' title='bbox 1653 1157 1746 1184; x_wconf 85' lang='lat' dir='ltr'><strong>con-</strong></span> 
     </span>
     <span class='ocr_line' id='line_1_21' title="bbox 150 1200 1747 1255; baseline -0.004 -10"><span class='ocrx_word' id='word_1_196' title='bbox 150 1205 361 1245; x_wconf 73' lang='lat' dir='ltr'><strong>ltitinuata</strong></span> <span class='ocrx_word' id='word_1_197' title='bbox 389 1203 546 1244; x_wconf 87' lang='lat' dir='ltr'><strong>venatio</strong></span> <span class='ocrx_word' id='word_1_198' title='bbox 577 1207 653 1251; x_wconf 85' lang='lat' dir='ltr'><strong>est,</strong></span> <span class='ocrx_word' id='word_1_199' title='bbox 694 1202 832 1255; x_wconf 88' lang='lat' dir='ltr'><strong>perlati</strong></span> <span class='ocrx_word' id='word_1_200' title='bbox 868 1207 961 1242; x_wconf 84' lang='lat' dir='ltr'><strong>sunt</strong></span> <span class='ocrx_word' id='word_1_201' title='bbox 996 1202 1061 1242; x_wconf 84' lang='lat' dir='ltr'><strong>alii</strong></span> <span class='ocrx_word' id='word_1_202' title='bbox 1095 1200 1292 1251; x_wconf 78' lang='lat' dir='ltr'><strong>interdiu,</strong></span> <span class='ocrx_word' id='word_1_203' title='bbox 1328 1206 1451 1241; x_wconf 83' lang='lat' dir='ltr'><strong>noctu</strong></span> <span class='ocrx_word' id='word_1_204' title='bbox 1483 1201 1558 1241; x_wconf 87' lang='lat' dir='ltr'><strong>alii.</strong></span> <span class='ocrx_word' id='word_1_205' title='bbox 1629 1200 1747 1249; x_wconf 85' lang='lat' dir='ltr'><strong>Quos</strong></span> 
     </span>
    </p>
   </div>
   <div class='ocr_carea' id='block_1_2' title="bbox 301 1315 574 1358">
    <p class='ocr_par' dir='ltr' id='par_1_5' title="bbox 301 1315 574 1358">
     <span class='ocr_line' id='line_1_22' title="bbox 301 1315 574 1358; baseline -0.004 -11"><span class='ocrx_word' id='word_1_206' title='bbox 301 1316 405 1358; x_wconf 70' lang='grc'><strong>[1155.</strong></span> <span class='ocrx_word' id='word_1_207' title='bbox 438 1315 574 1347; x_wconf 78' lang='grc' dir='ltr'><strong>ΛΡ511.</strong></span> 
     </span>
    </p>
   </div>
   <div class='ocr_carea' id='block_1_3' title="bbox 206 1369 838 1452">
    <p class='ocr_par' dir='ltr' id='par_1_6' title="bbox 206 1369 838 1452">
     <span class='ocr_line' id='line_1_23' title="bbox 206 1369 838 1403; baseline -0.005 -1"><span class='ocrx_word' id='word_1_208' title='bbox 206 1372 241 1403; x_wconf 79' lang='lat' dir='ltr'><strong>in</strong></span> <span class='ocrx_word' id='word_1_209' title='bbox 266 1371 349 1402; x_wconf 85' lang='lat' dir='ltr'><strong>Iocis</strong></span> <span class='ocrx_word' id='word_1_210' title='bbox 373 1370 475 1401; x_wconf 74' lang='lat' dir='ltr'><strong>As-b.</strong></span> <span class='ocrx_word' id='word_1_211' title='bbox 525 1374 564 1401; x_wconf 83' lang='grc' dir='ltr'><strong>οι</strong></span> <span class='ocrx_word' id='word_1_212' title='bbox 590 1370 625 1401; x_wconf 87' lang='lat' dir='ltr'><strong>in</strong></span> <span class='ocrx_word' id='word_1_213' title='bbox 647 1370 728 1400; x_wconf 81' lang='lat' dir='ltr'><strong>aliis</strong></span> <span class='ocrx_word' id='word_1_214' title='bbox 756 1369 838 1400; x_wconf 76' lang='lat' dir='ltr'><strong>Iocis</strong></span> 
     </span>
     <span class='ocr_line' id='line_1_24' title="bbox 206 1415 493 1452; baseline 0 -6"><span class='ocrx_word' id='word_1_215' title='bbox 206 1420 296 1452; x_wconf 82' lang='lat' dir='ltr'><strong>(om.</strong></span> <span class='ocrx_word' id='word_1_216' title='bbox 324 1415 423 1451; x_wconf 82' lang='lat' dir='ltr'><strong>locis)</strong></span> <span class='ocrx_word' id='word_1_217' title='bbox 461 1425 493 1446; x_wconf 75' lang='lat' dir='ltr'><strong>v,</strong></span> 
     </span>
    </p>
   </div>
   <div class='ocr_carea' id='block_1_4' title="bbox 864 1369 933 1400">
    <p class='ocr_par' dir='ltr' id='par_1_7' title="bbox 864 1369 933 1400">
     <span class='ocr_line' id='line_1_25' title="bbox 864 1369 933 1400; baseline -0.014 0"><span class='ocrx_word' id='word_1_218' title='bbox 864 1369 919 1400; x_wconf 84' lang='lat' dir='ltr'><strong>i-h</strong></span> <span class='ocrx_word' id='word_1_219' title='bbox 926 1392 933 1399; x_wconf 95' lang='lat'><strong>.</strong></span> 
     </span>
    </p>
   </div>
   <div class='ocr_carea' id='block_1_5' title="bbox 537 1367 1499 1454">
    <p class='ocr_par' dir='ltr' id='par_1_8' title="bbox 537 1367 1499 1454">
     <span class='ocr_line' id='line_1_26' title="bbox 981 1367 1499 1407; baseline -0.008 -7"><span class='ocrx_word' id='word_1_220' title='bbox 981 1373 1020 1400; x_wconf 82' lang='lat' dir='ltr'><strong>et</strong></span> <span class='ocrx_word' id='word_1_221' title='bbox 1053 1368 1134 1399; x_wconf 76' lang='lat' dir='ltr'><strong>aliis</strong></span> <span class='ocrx_word' id='word_1_222' title='bbox 1159 1367 1242 1398; x_wconf 83' lang='lat' dir='ltr'><strong>locis</strong></span> <span class='ocrx_word' id='word_1_223' title='bbox 1267 1370 1356 1403; x_wconf 88' lang='lat' dir='ltr'><strong>(om.</strong></span> <span class='ocrx_word' id='word_1_224' title='bbox 1383 1367 1435 1404; x_wconf 80' lang='lat' dir='ltr'><strong>in]</strong></span> <span class='ocrx_word' id='word_1_225' title='bbox 1462 1377 1499 1407; x_wconf 78' lang='lat' dir='ltr'><strong>g.</strong></span> 
     </span>
     <span class='ocr_line' id='line_1_27' title="bbox 537 1413 950 1454; baseline -0.002 -10"><span class='ocrx_word' id='word_1_226' title='bbox 537 1431 568 1436; x_wconf 95' lang='lat'><strong>—</strong></span> <span class='ocrx_word' id='word_1_227' title='bbox 613 1424 876 1454; x_wconf 74' lang='lat' dir='ltr'><strong>nonuunquam</strong></span> <span class='ocrx_word' id='word_1_228' title='bbox 912 1413 950 1443; x_wconf 85' lang='lat' dir='ltr'><strong>P.</strong></span> 
     </span>
    </p>
   </div>
   <div class='ocr_carea' id='block_1_6' title="bbox 991 1367 1746 1453">
    <p class='ocr_par' dir='ltr' id='par_1_9' title="bbox 991 1367 1746 1453">
     <span class='ocr_line' id='line_1_28' title="bbox 1548 1367 1746 1399; baseline -0.01 0"><span class='ocrx_word' id='word_1_229' title='bbox 1548 1372 1585 1399; x_wconf 81' lang='lat' dir='ltr'><strong>et</strong></span> <span class='ocrx_word' id='word_1_230' title='bbox 1610 1367 1645 1398; x_wconf 82' lang='grc' dir='ltr'><strong>ἰη</strong></span> <span class='ocrx_word' id='word_1_231' title='bbox 1665 1367 1746 1398; x_wconf 75' lang='lat' dir='ltr'><strong>aliis</strong></span> 
     </span>
     <span class='ocr_line' id='line_1_29' title="bbox 991 1412 1744 1453; baseline -0.001 -10"><span class='ocrx_word' id='word_1_232' title='bbox 991 1430 1034 1436; x_wconf 89' lang='lat'><strong>—-</strong></span> <span class='ocrx_word' id='word_1_233' title='bbox 1071 1412 1236 1453; x_wconf 75' lang='lat' dir='ltr'><strong>perfectio</strong></span> <span class='ocrx_word' id='word_1_234' title='bbox 1261 1416 1348 1447; x_wconf 81' lang='grc'><strong>((1111.</strong></span> <span class='ocrx_word' id='word_1_235' title='bbox 1376 1412 1442 1447; x_wconf 77' lang='lat' dir='ltr'><strong>est)</strong></span> <span class='ocrx_word' id='word_1_236' title='bbox 1476 1420 1553 1452; x_wconf 55' lang='grc' dir='ltr'><strong>της.</strong></span> <span class='ocrx_word' id='word_1_237' title='bbox 1695 1412 1744 1442; x_wconf 86' lang='grc'><strong>13.</strong></span> 
     </span>
    </p>
   </div>
   <div class='ocr_carea' id='block_1_7' title="bbox 206 1454 1744 1589">
    <p class='ocr_par' dir='ltr' id='par_1_10' title="bbox 207 1454 1744 1585">
     <span class='ocr_line' id='line_1_30' title="bbox 207 1454 1743 1498; baseline -0.003 -8"><span class='ocrx_word' id='word_1_238' title='bbox 207 1470 317 1491; x_wconf 82' lang='lat' dir='ltr'><strong>ovum</strong></span> <span class='ocrx_word' id='word_1_239' title='bbox 340 1459 455 1489; x_wconf 82' lang='lat' dir='ltr'><strong>avium</strong></span> <span class='ocrx_word' id='word_1_240' title='bbox 481 1468 512 1489; x_wconf 80' lang='lat' dir='ltr'><strong>v,</strong></span> <span class='ocrx_word' id='word_1_241' title='bbox 541 1475 583 1480; x_wconf 82' lang='lat'><em>-</em></span> <span class='ocrx_word' id='word_1_242' title='bbox 602 1457 707 1498; x_wconf 79' lang='lat' dir='ltr'><strong>quod</strong></span> <span class='ocrx_word' id='word_1_243' title='bbox 731 1457 835 1488; x_wconf 76' lang='lat' dir='ltr'><strong>s-bt’.</strong></span> <span class='ocrx_word' id='word_1_244' title='bbox 856 1474 897 1479; x_wconf 92' lang='lat'>-</span> <span class='ocrx_word' id='word_1_245' title='bbox 921 1458 1002 1498; x_wconf 80' lang='lat' dir='ltr'><strong>ipsa</strong></span> <span class='ocrx_word' id='word_1_246' title='bbox 1029 1467 1098 1487; x_wconf 87' lang='lat' dir='ltr'><strong>s-z.</strong></span> <span class='ocrx_word' id='word_1_247' title='bbox 1128 1455 1218 1494; x_wconf 66' lang='lat' dir='ltr'><strong>„th</strong></span> <span class='ocrx_word' id='word_1_248' title='bbox 1246 1459 1315 1486; x_wconf 79' lang='lat' dir='ltr'><strong>vet.</strong></span> <span class='ocrx_word' id='word_1_249' title='bbox 1339 1454 1471 1485; x_wconf 84' lang='lat' dir='ltr'><strong>melius</strong></span> <span class='ocrx_word' id='word_1_250' title='bbox 1494 1455 1545 1496; x_wconf 81' lang='lat' dir='ltr'><strong>ips</strong></span> <span class='ocrx_word' id='word_1_251' title='bbox 1557 1456 1613 1485; x_wconf 83' lang='lat'><strong>0.“</strong></span> <span class='ocrx_word' id='word_1_252' title='bbox 1633 1454 1743 1486; x_wconf 81' lang='lat' dir='ltr'><strong>Zeun.</strong></span> 
     </span>
     <span class='ocr_line' id='line_1_31' title="bbox 207 1498 1743 1543; baseline -0.002 -10"><span class='ocrx_word' id='word_1_253' title='bbox 207 1521 249 1526; x_wconf 89' lang='grc'>-</span> <span class='ocrx_word' id='word_1_254' title='bbox 272 1503 456 1543; x_wconf 82' lang='lat' dir='ltr'><strong>diffinitio</strong></span> <span class='ocrx_word' id='word_1_255' title='bbox 478 1500 552 1533; x_wconf 89' lang='lat' dir='ltr'><strong>Svi.</strong></span> <span class='ocrx_word' id='word_1_256' title='bbox 583 1519 616 1524; x_wconf 88' lang='lat'><strong>——</strong></span> <span class='ocrx_word' id='word_1_257' title='bbox 643 1501 692 1532; x_wconf 75' lang='lat' dir='ltr'><strong>ita</strong></span> <span class='ocrx_word' id='word_1_258' title='bbox 715 1501 844 1532; x_wconf 75' lang='lat' dir='ltr'><strong>sensit</strong></span> <span class='ocrx_word' id='word_1_259' title='bbox 868 1511 892 1541; x_wconf 73' lang='lat' dir='ltr'>g</span> <span class='ocrx_word' id='word_1_260' title='bbox 918 1501 952 1531; x_wconf 90' lang='lat' dir='ltr'><strong>in</strong></span> <span class='ocrx_word' id='word_1_261' title='bbox 977 1511 1050 1541; x_wconf 72' lang='lat' dir='ltr'><strong>ing.</strong></span> <span class='ocrx_word' id='word_1_262' title='bbox 1077 1518 1115 1522; x_wconf 90' lang='lat'>-</span> <span class='ocrx_word' id='word_1_263' title='bbox 1141 1500 1322 1542; x_wconf 78' lang='lat' dir='ltr'><strong>generatio</strong></span> <span class='ocrx_word' id='word_1_264' title='bbox 1346 1504 1394 1530; x_wconf 77' lang='lat' dir='ltr'><strong>est</strong></span> <span class='ocrx_word' id='word_1_265' title='bbox 1421 1498 1511 1529; x_wconf 74' lang='lat' dir='ltr'><strong>Etld.</strong></span> <span class='ocrx_word' id='word_1_266' title='bbox 1540 1498 1578 1529; x_wconf 94' lang='grc' dir='ltr'><strong>Ρ.</strong></span> <span class='ocrx_word' id='word_1_267' title='bbox 1603 1515 1645 1521; x_wconf 91' lang='lat'><strong>-—</strong></span> <span class='ocrx_word' id='word_1_268' title='bbox 1661 1510 1743 1540; x_wconf 81' lang='lat' dir='ltr'><strong>per-</strong></span> 
     </span>
     <span class='ocr_line' id='line_1_32' title="bbox 206 1542 1744 1589; baseline -0.003 -11.987"><span class='ocrx_word' id='word_1_269' title='bbox 206 1557 289 1589; x_wconf 71' lang='lat' dir='ltr'><strong>gere</strong></span> <span class='ocrx_word' id='word_1_270' title='bbox 320 1552 409 1583; x_wconf 76' lang='lat' dir='ltr'><strong>(oni.</strong></span> <span class='ocrx_word' id='word_1_271' title='bbox 439 1546 507 1585; x_wconf 71' lang='lat' dir='ltr'><strong>ui)</strong></span> <span class='ocrx_word' id='word_1_272' title='bbox 546 1545 584 1576; x_wconf 87' lang='lat' dir='ltr'><strong>l&#39;.</strong></span> <span class='ocrx_word' id='word_1_273' title='bbox 724 1546 774 1575; x_wconf 74' lang='lat'><strong>14.</strong></span> <span class='ocrx_word' id='word_1_274' title='bbox 817 1545 938 1575; x_wconf 80' lang='lat' dir='ltr'><strong>modis</strong></span> <span class='ocrx_word' id='word_1_275' title='bbox 973 1555 1014 1585; x_wconf 87' lang='lat' dir='ltr'><strong>p-</strong></span> <span class='ocrx_word' id='word_1_276' title='bbox 996 1544 1081 1574; x_wconf 81' lang='grc' dir='ltr'><strong>-11Ρ.</strong></span> <span class='ocrx_word' id='word_1_277' title='bbox 1223 1545 1270 1573; x_wconf 90' lang='grc'><strong>15.</strong></span> <span class='ocrx_word' id='word_1_278' title='bbox 1314 1543 1405 1582; x_wconf 76' lang='lat' dir='ltr'><strong>Quia</strong></span> <span class='ocrx_word' id='word_1_279' title='bbox 1431 1553 1471 1573; x_wconf 70' lang='lat' dir='ltr'><strong>ex</strong></span> <span class='ocrx_word' id='word_1_280' title='bbox 1504 1542 1592 1581; x_wconf 81' lang='grc'><strong>((1111.</strong></span> <span class='ocrx_word' id='word_1_281' title='bbox 1626 1548 1674 1579; x_wconf 79' lang='lat' dir='ltr'><strong>el)</strong></span> <span class='ocrx_word' id='word_1_282' title='bbox 1713 1554 1744 1573; x_wconf 88' lang='lat' dir='ltr'><strong>v.</strong></span> 
     </span>
    </p>
   </div>
   <div class='ocr_carea' id='block_1_8' title="bbox 206 1586 1560 1633">
    <p class='ocr_par' dir='ltr' id='par_1_11' title="bbox 206 1586 1560 1633">
     <span class='ocr_line' id='line_1_33' title="bbox 206 1586 1560 1633; baseline -0.004 -12"><span class='ocrx_word' id='word_1_283' title='bbox 206 1591 288 1633; x_wconf 78' lang='lat' dir='ltr'><strong>quia</strong></span> <span class='ocrx_word' id='word_1_284' title='bbox 308 1590 430 1622; x_wconf 78' lang='lat' dir='ltr'><strong>etiam</strong></span> <span class='ocrx_word' id='word_1_285' title='bbox 457 1600 496 1620; x_wconf 65' lang='lat' dir='ltr'><strong>ea:</strong></span> <span class='ocrx_word' id='word_1_286' title='bbox 523 1588 552 1620; x_wconf 77' lang='lat' dir='ltr'><strong>i·</strong></span> <span class='ocrx_word' id='word_1_287' title='bbox 558 1600 593 1630; x_wconf 84' lang='lat' dir='ltr'><strong>g.</strong></span> <span class='ocrx_word' id='word_1_288' title='bbox 615 1605 660 1611; x_wconf 82' lang='lat'>—</span> <span class='ocrx_word' id='word_1_289' title='bbox 687 1589 822 1620; x_wconf 79' lang='lat' dir='ltr'><strong>serium</strong></span> <span class='ocrx_word' id='word_1_290' title='bbox 847 1589 887 1619; x_wconf 83' lang='lat' dir='ltr'><strong>A.</strong></span> <span class='ocrx_word' id='word_1_291' title='bbox 914 1605 954 1612; x_wconf 89' lang='lat'>—</span> <span class='ocrx_word' id='word_1_292' title='bbox 981 1588 1104 1619; x_wconf 79' lang='lat' dir='ltr'><strong>diutile</strong></span> <span class='ocrx_word' id='word_1_293' title='bbox 1128 1586 1154 1618; x_wconf 82' lang='lat' dir='ltr'><strong>A</strong></span> <span class='ocrx_word' id='word_1_294' title='bbox 1180 1597 1200 1618; x_wconf 83' lang='lat' dir='ltr'>a</span> <span class='ocrx_word' id='word_1_295' title='bbox 1226 1598 1258 1628; x_wconf 82' lang='lat' dir='ltr'><strong>p</strong></span> <span class='ocrx_word' id='word_1_296' title='bbox 1287 1597 1332 1617; x_wconf 85' lang='lat' dir='ltr'><strong>m.</strong></span> <span class='ocrx_word' id='word_1_297' title='bbox 1344 1586 1560 1625; x_wconf 72' lang='lat' dir='ltr'><strong>;SchssM¹.</strong></span> 
     </span>
    </p>
   </div>
   <div class='ocr_carea' id='block_1_9' title="bbox 198 1692 942 2917">
    <p class='ocr_par' dir='ltr' id='par_1_12' title="bbox 198 1692 942 2917">
     <span class='ocr_line' id='line_1_34' title="bbox 206 1692 942 1738; baseline -0.004 -8"><span class='ocrx_word' id='word_1_298' title='bbox 206 1699 392 1731; x_wconf 79' lang='lat' dir='ltr'><strong>Plutarch.</strong></span> <span class='ocrx_word' id='word_1_299' title='bbox 423 1711 454 1738; x_wconf 89' lang='lat' dir='ltr'><strong>p.</strong></span> <span class='ocrx_word' id='word_1_300' title='bbox 483 1700 558 1729; x_wconf 77' lang='lat'><strong>6:.37</strong></span> <span class='ocrx_word' id='word_1_301' title='bbox 587 1697 626 1728; x_wconf 81' lang='lat' dir='ltr'><strong>B.</strong></span> <span class='ocrx_word' id='word_1_302' title='bbox 662 1696 744 1728; x_wconf 77' lang='grc' dir='ltr'><strong>Ζῶα</strong></span> <span class='ocrx_word' id='word_1_303' title='bbox 771 1695 808 1728; x_wconf 74' lang='grc' dir='ltr'><strong>δὲ</strong></span> <span class='ocrx_word' id='word_1_304' title='bbox 834 1692 942 1727; x_wconf 75' lang='grc' dir='ltr'><em>αὐτο-</em></span> 
     </span>
     <span class='ocr_line' id='line_1_35' title="bbox 206 1736 942 1793; baseline -0.003 -20"><span class='ocrx_word' id='word_1_305' title='bbox 206 1742 286 1783; x_wconf 62' lang='grc' dir='ltr'><em>τελῆ</em></span> <span class='ocrx_word' id='word_1_306' title='bbox 309 1741 369 1773; x_wconf 76' lang='grc' dir='ltr'><strong>καὶ</strong></span> <span class='ocrx_word' id='word_1_307' title='bbox 397 1738 576 1793; x_wconf 74' lang='grc' dir='ltr'><strong><em>ὁλόκληρα</em></strong></span> <span class='ocrx_word' id='word_1_308' title='bbox 595 1738 695 1782; x_wconf 75' lang='grc' dir='ltr'><em>μέχρι</em></span> <span class='ocrx_word' id='word_1_309' title='bbox 726 1740 792 1772; x_wconf 83' lang='grc' dir='ltr'><strong>νῦν</strong></span> <span class='ocrx_word' id='word_1_310' title='bbox 817 1736 942 1771; x_wconf 69' lang='grc' dir='ltr'><em>ἀναδί-</em></span> 
     </span>
     <span class='ocr_line' id='line_1_36' title="bbox 207 1781 942 1838; baseline -0.004 -21"><span class='ocrx_word' id='word_1_311' title='bbox 207 1786 315 1817; x_wconf 84' lang='grc' dir='ltr'><strong>ὸωσιν</strong></span> <span class='ocrx_word' id='word_1_312' title='bbox 337 1782 359 1827; x_wconf 83' lang='grc' dir='ltr'>ή</span> <span class='ocrx_word' id='word_1_313' title='bbox 382 1786 438 1838; x_wconf 81' lang='grc' dir='ltr'><strong>γῆ</strong></span> <span class='ocrx_word' id='word_1_314' title='bbox 448 1785 541 1838; x_wconf 80' lang='grc' dir='ltr'><strong>μῦς</strong></span> <span class='ocrx_word' id='word_1_315' title='bbox 561 1781 831 1826; x_wconf 72' lang='grc' dir='ltr'><em>ἐνΑἰγύπτῳ</em></span> <span class='ocrx_word' id='word_1_316' title='bbox 848 1784 942 1815; x_wconf 80' lang='grc' dir='ltr'><em>πολ-</em></span> 
     </span>
     <span class='ocr_line' id='line_1_37' title="bbox 207 1826 941 1881; baseline -0.003 -21"><span class='ocrx_word' id='word_1_317' title='bbox 207 1830 354 1881; x_wconf 73' lang='grc' dir='ltr'><em>λαχοῦ</em></span> <span class='ocrx_word' id='word_1_318' title='bbox 368 1827 411 1861; x_wconf 64' lang='grc' dir='ltr'><strong>δὲ</strong></span> <span class='ocrx_word' id='word_1_319' title='bbox 437 1826 562 1870; x_wconf 77' lang='grc' dir='ltr'><em>ὄφεις</em></span> <span class='ocrx_word' id='word_1_320' title='bbox 584 1827 657 1859; x_wconf 72' lang='grc' dir='ltr'><strong>καὶ</strong></span> <span class='ocrx_word' id='word_1_321' title='bbox 681 1826 941 1881; x_wconf 67' lang='grc' dir='ltr'><em>βατράχους</em></span> 
     </span>
     <span class='ocr_line' id='line_1_38' title="bbox 206 1868 942 1924; baseline -0.001 -21"><span class='ocrx_word' id='word_1_322' title='bbox 206 1873 278 1905; x_wconf 72' lang='grc' dir='ltr'><strong>καὶ</strong></span> <span class='ocrx_word' id='word_1_323' title='bbox 313 1870 531 1924; x_wconf 74' lang='grc' dir='ltr'><strong>τέττιγας,</strong></span> <span class='ocrx_word' id='word_1_324' title='bbox 567 1868 679 1912; x_wconf 75' lang='grc' dir='ltr'><em>ἀρχῆς</em></span> <span class='ocrx_word' id='word_1_325' title='bbox 712 1870 847 1910; x_wconf 66' lang='grc' dir='ltr'><em>ἔξωθεν</em></span> <span class='ocrx_word' id='word_1_326' title='bbox 872 1869 942 1902; x_wconf 69' lang='grc' dir='ltr'><em>ἑτέ-</em></span> 
     </span>
     <span class='ocr_line' id='line_1_39' title="bbox 207 1913 942 1968; baseline -0.003 -21"><span class='ocrx_word' id='word_1_327' title='bbox 207 1928 273 1958; x_wconf 75' lang='grc' dir='ltr'><strong>ρας</strong></span> <span class='ocrx_word' id='word_1_328' title='bbox 296 1928 355 1949; x_wconf 77' lang='grc' dir='ltr'><strong>και</strong></span> <span class='ocrx_word' id='word_1_329' title='bbox 384 1914 567 1956; x_wconf 66' lang='grc' dir='ltr'><em>ὸυνᾶμεως</em></span> <span class='ocrx_word' id='word_1_330' title='bbox 590 1913 827 1968; x_wconf 72' lang='grc' dir='ltr'><strong>ἐγγετομένης</strong></span> <span class='ocrx_word' id='word_1_331' title='bbox 854 1915 942 1945; x_wconf 83' lang='lat' dir='ltr'><strong>Dio-</strong></span> 
     </span>
     <span class='ocr_line' id='line_1_40' title="bbox 205 1954 938 2000; baseline -0.003 -9"><span class='ocrx_word' id='word_1_332' title='bbox 205 1961 420 1998; x_wconf 81' lang='grc'><strong>(1(11·.1,10</strong></span> <span class='ocrx_word' id='word_1_333' title='bbox 467 1959 541 2000; x_wconf 79' lang='grc' dir='ltr'><strong>Τῆς</strong></span> <span class='ocrx_word' id='word_1_334' title='bbox 575 1956 607 1990; x_wconf 79' lang='grc' dir='ltr'><strong>ὸ’</strong></span> <span class='ocrx_word' id='word_1_335' title='bbox 643 1956 679 1998; x_wconf 71' lang='grc' dir='ltr'><strong>ἐξ</strong></span> <span class='ocrx_word' id='word_1_336' title='bbox 709 1955 822 1999; x_wconf 76' lang='grc' dir='ltr'><strong><em>αρχῆς</em></strong></span> <span class='ocrx_word' id='word_1_337' title='bbox 854 1954 938 1998; x_wconf 79' lang='grc' dir='ltr'><em>παρ’</em></span> 
     </span>
     <span class='ocr_line' id='line_1_41' title="bbox 206 1999 939 2044; baseline -0.004 -8"><span class='ocrx_word' id='word_1_338' title='bbox 206 2001 334 2041; x_wconf 75' lang='grc' dir='ltr'><em>αὐτοῖς</em></span> <span class='ocrx_word' id='word_1_339' title='bbox 360 2002 553 2044; x_wconf 74' lang='grc' dir='ltr'><em>ζωογονίας</em></span> <span class='ocrx_word' id='word_1_340' title='bbox 582 1999 770 2043; x_wconf 80' lang='grc' dir='ltr'><em>τεκμήριον</em></span> <span class='ocrx_word' id='word_1_341' title='bbox 802 2001 854 2040; x_wconf 77' lang='grc' dir='ltr'><strong>(οἱ</strong></span> <span class='ocrx_word' id='word_1_342' title='bbox 882 2001 939 2033; x_wconf 84' lang='grc' dir='ltr'><strong>Αἰ-</strong></span> 
     </span>
     <span class='ocr_line' id='line_1_42' title="bbox 204 2043 938 2088; baseline -0.004 -9"><span class='ocrx_word' id='word_1_343' title='bbox 204 2045 364 2088; x_wconf 55' lang='lat' dir='ltr'><strong>minz-toi)</strong></span> <span class='ocrx_word' id='word_1_344' title='bbox 405 2047 596 2087; x_wconf 67' lang='grc' dir='ltr'><strong>πειρῶνται</strong></span> <span class='ocrx_word' id='word_1_345' title='bbox 635 2045 754 2086; x_wconf 73' lang='grc' dir='ltr'><strong>φέρειν</strong></span> <span class='ocrx_word' id='word_1_346' title='bbox 796 2043 836 2077; x_wconf 88' lang='grc' dir='ltr'><em>τὸ</em></span> <span class='ocrx_word' id='word_1_347' title='bbox 878 2044 938 2077; x_wconf 75' lang='grc' dir='ltr'><strong>καὶ</strong></span> 
     </span>
     <span class='ocr_line' id='line_1_43' title="bbox 206 2088 940 2140; baseline -0.003 -18"><span class='ocrx_word' id='word_1_348' title='bbox 206 2092 271 2122; x_wconf 67' lang='lat'><strong>2522</strong></span> <span class='ocrx_word' id='word_1_349' title='bbox 305 2089 355 2123; x_wconf 69' lang='grc' dir='ltr'><strong>ἔτι</strong></span> <span class='ocrx_word' id='word_1_350' title='bbox 386 2103 451 2132; x_wconf 79' lang='grc' dir='ltr'><strong>την</strong></span> <span class='ocrx_word' id='word_1_351' title='bbox 484 2088 520 2121; x_wconf 72' lang='grc' dir='ltr'><strong>ἕν</strong></span> <span class='ocrx_word' id='word_1_352' title='bbox 551 2101 594 2131; x_wconf 81' lang='grc' dir='ltr'><em>τη</em></span> <span class='ocrx_word' id='word_1_353' title='bbox 627 2088 787 2140; x_wconf 75' lang='grc' dir='ltr'><em>Θηβαιδι</em></span> <span class='ocrx_word' id='word_1_354' title='bbox 818 2100 940 2130; x_wconf 80' lang='grc' dir='ltr'><em>χωραν</em></span> 
     </span>
     <span class='ocr_line' id='line_1_44' title="bbox 204 2130 938 2174; baseline -0.003 -9"><span class='ocrx_word' id='word_1_355' title='bbox 204 2132 297 2165; x_wconf 73' lang='grc' dir='ltr'><em>κατά</em></span> <span class='ocrx_word' id='word_1_356' title='bbox 330 2146 429 2172; x_wconf 75' lang='grc' dir='ltr'><em>τινας</em></span> <span class='ocrx_word' id='word_1_357' title='bbox 463 2132 612 2174; x_wconf 77' lang='grc' dir='ltr'><strong>καιροὺς</strong></span> <span class='ocrx_word' id='word_1_358' title='bbox 647 2130 844 2169; x_wconf 81' lang='grc' dir='ltr'><em>τοσούτους</em></span> <span class='ocrx_word' id='word_1_359' title='bbox 878 2131 938 2164; x_wconf 76' lang='grc' dir='ltr'><strong>καὶ</strong></span> 
     </span>
     <span class='ocr_line' id='line_1_45' title="bbox 206 2171 939 2229; baseline -0.003 -20"><span class='ocrx_word' id='word_1_360' title='bbox 206 2175 434 2229; x_wconf 77' lang='grc' dir='ltr'><strong>τηλικούτους</strong></span> <span class='ocrx_word' id='word_1_361' title='bbox 458 2177 537 2228; x_wconf 76' lang='grc' dir='ltr'><strong>μῦς</strong></span> <span class='ocrx_word' id='word_1_362' title='bbox 560 2176 703 2228; x_wconf 71' lang='grc' dir='ltr'><strong>γεννᾶν,</strong></span> <span class='ocrx_word' id='word_1_363' title='bbox 740 2171 829 2206; x_wconf 75' lang='grc' dir='ltr'><em>ω’στε</em></span> <span class='ocrx_word' id='word_1_364' title='bbox 852 2173 939 2213; x_wconf 82' lang='grc' dir='ltr'><em>τοὺς</em></span> 
     </span>
     <span class='ocr_line' id='line_1_46' title="bbox 205 2215 941 2271; baseline -0.003 -20"><span class='ocrx_word' id='word_1_365' title='bbox 205 2218 349 2257; x_wconf 78' lang='grc' dir='ltr'><strong>ιδόντας</strong></span> <span class='ocrx_word' id='word_1_366' title='bbox 382 2218 422 2251; x_wconf 91' lang='grc' dir='ltr'><em>τὸ</em></span> <span class='ocrx_word' id='word_1_367' title='bbox 451 2218 639 2261; x_wconf 71' lang='grc' dir='ltr'><em>γενόμενον</em></span> <span class='ocrx_word' id='word_1_368' title='bbox 668 2215 941 2271; x_wconf 73' lang='grc' dir='ltr'><strong>ἐκπλήττεσθαι.</strong></span> 
     </span>
     <span class='ocr_line' id='line_1_47' title="bbox 205 2259 938 2301; baseline -0.001 -7"><span class='ocrx_word' id='word_1_369' title='bbox 205 2264 342 2295; x_wconf 81' lang='lat' dir='ltr'><strong>Aelian.</strong></span> <span class='ocrx_word' id='word_1_370' title='bbox 369 2265 413 2294; x_wconf 75' lang='lat' dir='ltr'><strong>(le</strong></span> <span class='ocrx_word' id='word_1_371' title='bbox 437 2259 938 2301; x_wconf 64' lang='grc' dir='ltr'><strong>1111.’1111111.Π,56.Ἀκούω</strong></span> 
     </span>
     <span class='ocr_line' id='line_1_48' title="bbox 206 2303 937 2358; baseline -0.001 -21"><span class='ocrx_word' id='word_1_372' title='bbox 206 2305 243 2357; x_wconf 55' lang='grc' dir='ltr'><strong>ῥ’(</strong></span> <span class='ocrx_word' id='word_1_373' title='bbox 272 2305 309 2339; x_wconf 79' lang='grc' dir='ltr'><strong>ἐν</strong></span> <span class='ocrx_word' id='word_1_374' title='bbox 332 2319 375 2350; x_wconf 82' lang='grc' dir='ltr'><em>τῃ</em></span> <span class='ocrx_word' id='word_1_375' title='bbox 406 2305 561 2358; x_wconf 70' lang='grc' dir='ltr'><em>Θηβαΐδι</em></span> <span class='ocrx_word' id='word_1_376' title='bbox 585 2303 737 2347; x_wconf 63' lang='grc' dir='ltr'><em>χαλάζης</em></span> <span class='ocrx_word' id='word_1_377' title='bbox 761 2303 937 2357; x_wconf 71' lang='grc' dir='ltr'><em>πεσούσης</em></span> 
     </span>
     <span class='ocr_line' id='line_1_49' title="bbox 204 2346 936 2402; baseline -0.003 -20.95"><span class='ocrx_word' id='word_1_378' title='bbox 204 2348 260 2381; x_wconf 68' lang='grc' dir='ltr'><strong>ἐπὶ</strong></span> <span class='ocrx_word' id='word_1_379' title='bbox 292 2351 356 2392; x_wconf 82' lang='grc' dir='ltr'><em>τῆς</em></span> <span class='ocrx_word' id='word_1_380' title='bbox 387 2351 451 2392; x_wconf 82' lang='grc' dir='ltr'><strong>γῆς</strong></span> <span class='ocrx_word' id='word_1_381' title='bbox 485 2347 646 2402; x_wconf 53' lang='lat' dir='ltr'><strong>&amp;paoem</strong></span> <span class='ocrx_word' id='word_1_382' title='bbox 674 2349 776 2390; x_wconf 80' lang='grc' dir='ltr'><strong>μῦς,</strong></span> <span class='ocrx_word' id='word_1_383' title='bbox 812 2348 862 2379; x_wconf 82' lang='grc' dir='ltr'><strong>ὠν</strong></span> <span class='ocrx_word' id='word_1_384' title='bbox 895 2346 936 2380; x_wconf 88' lang='grc' dir='ltr'><em>τὸ</em></span> 
     </span>
     <span class='ocr_line' id='line_1_50' title="bbox 203 2389 937 2446; baseline -0.004 -20.996"><span class='ocrx_word' id='word_1_385' title='bbox 203 2405 239 2433; x_wconf 74' lang='grc' dir='ltr'><em>μ</em></span> <span class='ocrx_word' id='word_1_386' title='bbox 232 2392 265 2425; x_wconf 64' lang='grc' dir='ltr'><strong>ἱν</strong></span> <span class='ocrx_word' id='word_1_387' title='bbox 304 2394 417 2446; x_wconf 79' lang='grc' dir='ltr'><em>πηλός</em></span> <span class='ocrx_word' id='word_1_388' title='bbox 454 2392 545 2425; x_wconf 76' lang='grc' dir='ltr'><em>ἐστιν</em></span> <span class='ocrx_word' id='word_1_389' title='bbox 583 2390 653 2445; x_wconf 70' lang='grc' dir='ltr'><strong>ἔτι,</strong></span> <span class='ocrx_word' id='word_1_390' title='bbox 692 2391 733 2424; x_wconf 90' lang='grc' dir='ltr'><em>τὸ</em></span> <span class='ocrx_word' id='word_1_391' title='bbox 773 2389 810 2424; x_wconf 73' lang='grc' dir='ltr'><strong>δὲ</strong></span> <span class='ocrx_word' id='word_1_392' title='bbox 847 2389 937 2432; x_wconf 72' lang='grc' dir='ltr'><em>σὰρξ</em></span> 
     </span>
     <span class='ocr_line' id='line_1_51' title="bbox 201 2416 938 2489; baseline -0.003 -21.989"><span class='ocrx_word' id='word_1_393' title='bbox 201 2434 284 2478; x_wconf 77' lang='grc' dir='ltr'><strong>ι’]ὄη.</strong></span> <span class='ocrx_word' id='word_1_394' title='bbox 324 2435 390 2489; x_wconf 77' lang='grc' dir='ltr'><strong>ἐγὼ</strong></span> <span class='ocrx_word' id='word_1_395' title='bbox 416 2435 453 2469; x_wconf 75' lang='grc' dir='ltr'><strong>δὲ</strong></span> <span class='ocrx_word' id='word_1_396' title='bbox 484 2434 595 2473; x_wconf 77' lang='grc' dir='ltr'><em>αὐτὸς</em></span> <span class='ocrx_word' id='word_1_397' title='bbox 620 2416 656 2467; x_wconf 78' lang='grc' dir='ltr'><strong>ἐκ</strong></span> <span class='ocrx_word' id='word_1_398' title='bbox 680 2436 744 2477; x_wconf 88' lang='grc' dir='ltr'><em>τῆς</em></span> <span class='ocrx_word' id='word_1_399' title='bbox 769 2432 938 2477; x_wconf 77' lang='grc' dir='ltr'><strong>Ἰταλικῆς</strong></span> 
     </span>
     <span class='ocr_line' id='line_1_52' title="bbox 211 2478 937 2521; baseline -0.001 -10"><span class='ocrx_word' id='word_1_400' title='bbox 211 2479 305 2518; x_wconf 66' lang='grc' dir='ltr'><strong>Νέας</strong></span> <span class='ocrx_word' id='word_1_401' title='bbox 332 2478 466 2518; x_wconf 71' lang='grc' dir='ltr'><em>πόλεως</em></span> <span class='ocrx_word' id='word_1_402' title='bbox 498 2478 656 2512; x_wconf 77' lang='grc' dir='ltr'><em>ἐλαύνων</em></span> <span class='ocrx_word' id='word_1_403' title='bbox 686 2479 734 2517; x_wconf 79' lang='grc' dir='ltr'><strong>εἰς</strong></span> <span class='ocrx_word' id='word_1_404' title='bbox 765 2482 937 2521; x_wconf 77' lang='grc' dir='ltr'><strong>Δικαιαρ-</strong></span> 
     </span>
     <span class='ocr_line' id='line_1_53' title="bbox 202 2520 934 2574; baseline 0 -20"><span class='ocrx_word' id='word_1_405' title='bbox 202 2523 282 2574; x_wconf 66' lang='grc' dir='ltr'><strong>χιάν</strong></span> <span class='ocrx_word' id='word_1_406' title='bbox 315 2520 436 2566; x_wconf 78' lang='grc' dir='ltr'><em>υσθην</em></span> <span class='ocrx_word' id='word_1_407' title='bbox 468 2521 713 2566; x_wconf 79' lang='grc' dir='ltr'><em>βατράχοις</em></span> <span class='ocrx_word' id='word_1_408' title='bbox 741 2523 813 2554; x_wconf 82' lang='grc' dir='ltr'><strong>κτλ.</strong></span> <span class='ocrx_word' id='word_1_409' title='bbox 859 2523 934 2554; x_wconf 88' lang='lat' dir='ltr'><strong>Pli—</strong></span> 
     </span>
     <span class='ocr_line' id='line_1_54' title="bbox 203 2567 934 2607; baseline 0.003 -10"><span class='ocrx_word' id='word_1_410' title='bbox 203 2567 283 2599; x_wconf 88' lang='lat' dir='ltr'><strong>nius</strong></span> <span class='ocrx_word' id='word_1_411' title='bbox 315 2568 355 2599; x_wconf 90' lang='lat' dir='ltr'><strong>N.</strong></span> <span class='ocrx_word' id='word_1_412' title='bbox 389 2569 435 2599; x_wconf 87' lang='grc'><strong>11-</strong></span> <span class='ocrx_word' id='word_1_413' title='bbox 466 2568 535 2607; x_wconf 78' lang='lat' dir='ltr'><strong>IX,</strong></span> <span class='ocrx_word' id='word_1_414' title='bbox 566 2570 622 2598; x_wconf 72' lang='lat'><strong>58.</strong></span> <span class='ocrx_word' id='word_1_415' title='bbox 653 2578 680 2598; x_wconf 96' lang='grc'><strong>5.</strong></span> <span class='ocrx_word' id='word_1_416' title='bbox 711 2570 765 2598; x_wconf 78' lang='grc'><strong>84.</strong></span> <span class='ocrx_word' id='word_1_417' title='bbox 811 2568 934 2599; x_wconf 73' lang='lat' dir='ltr'><strong>levum</strong></span> 
     </span>
     <span class='ocr_line' id='line_1_55' title="bbox 201 2611 935 2652; baseline 0.003 -11"><span class='ocrx_word' id='word_1_418' title='bbox 201 2612 354 2644; x_wconf 78' lang='lat' dir='ltr'><strong>omnibus</strong></span> <span class='ocrx_word' id='word_1_419' title='bbox 389 2613 442 2643; x_wconf 79' lang='lat' dir='ltr'><strong>his</strong></span> <span class='ocrx_word' id='word_1_420' title='bbox 468 2612 579 2652; x_wconf 84' lang='lat' dir='ltr'><strong>fidem</strong></span> <span class='ocrx_word' id='word_1_421' title='bbox 619 2611 714 2642; x_wconf 83' lang='lat' dir='ltr'><strong>Nili</strong></span> <span class='ocrx_word' id='word_1_422' title='bbox 752 2612 935 2643; x_wconf 76' lang='lat' dir='ltr'><strong>inundatio</strong></span> 
     </span>
     <span class='ocr_line' id='line_1_56' title="bbox 202 2655 933 2698; baseline 0.001 -13"><span class='ocrx_word' id='word_1_423' title='bbox 202 2656 385 2695; x_wconf 75' lang='lat' dir='ltr'><strong>11ffert‚..</strong></span> <span class='ocrx_word' id='word_1_424' title='bbox 413 2657 537 2698; x_wconf 79' lang='lat' dir='ltr'><strong>quippe</strong></span> <span class='ocrx_word' id='word_1_425' title='bbox 562 2655 742 2697; x_wconf 73' lang='lat' dir='ltr'><strong>detegente</strong></span> <span class='ocrx_word' id='word_1_426' title='bbox 763 2665 800 2686; x_wconf 88' lang='lat' dir='ltr'><strong>eo</strong></span> <span class='ocrx_word' id='word_1_427' title='bbox 824 2666 933 2686; x_wconf 86' lang='lat' dir='ltr'><strong>mus-</strong></span> 
     </span>
     <span class='ocr_line' id='line_1_57' title="bbox 199 2699 933 2742; baseline 0.003 -13"><span class='ocrx_word' id='word_1_428' title='bbox 199 2700 265 2729; x_wconf 74' lang='lat' dir='ltr'><strong>cul</strong></span> <span class='ocrx_word' id='word_1_429' title='bbox 277 2700 289 2730; x_wconf 88' lang='grc' dir='ltr'><em>ἰ</em></span> <span class='ocrx_word' id='word_1_430' title='bbox 316 2701 535 2742; x_wconf 77' lang='lat' dir='ltr'><strong>reperiuntm</strong></span> <span class='ocrx_word' id='word_1_431' title='bbox 559 2699 718 2730; x_wconf 80' lang='lat' dir='ltr'><strong>inchoato</strong></span> <span class='ocrx_word' id='word_1_432' title='bbox 744 2709 843 2741; x_wconf 83' lang='lat' dir='ltr'><strong>opere</strong></span> <span class='ocrx_word' id='word_1_433' title='bbox 869 2710 933 2742; x_wconf 82' lang='lat' dir='ltr'><strong>ge-</strong></span> 
     </span>
     <span class='ocr_line' id='line_1_58' title="bbox 200 2742 934 2784; baseline 0.003 -13"><span class='ocrx_word' id='word_1_434' title='bbox 200 2743 319 2774; x_wconf 75' lang='lat' dir='ltr'><strong>nitalis</strong></span> <span class='ocrx_word' id='word_1_435' title='bbox 341 2754 453 2784; x_wconf 81' lang='lat' dir='ltr'><strong>aquae</strong></span> <span class='ocrx_word' id='word_1_436' title='bbox 473 2749 651 2784; x_wconf 72' lang='lat' dir='ltr'><strong>terraeque</strong></span> <span class='ocrx_word' id='word_1_437' title='bbox 672 2747 740 2773; x_wconf 85' lang='lat' dir='ltr'><strong>cet.</strong></span> <span class='ocrx_word' id='word_1_438' title='bbox 789 2742 934 2774; x_wconf 74' lang='lat' dir='ltr'><strong>Anima-</strong></span> 
     </span>
     <span class='ocr_line' id='line_1_59' title="bbox 198 2785 933 2819; baseline 0.005 -4"><span class='ocrx_word' id='word_1_439' title='bbox 198 2785 244 2816; x_wconf 77' lang='lat' dir='ltr'><strong>lia</strong></span> <span class='ocrx_word' id='word_1_440' title='bbox 269 2797 288 2817; x_wconf 84' lang='lat' dir='ltr'><strong>e</strong></span> <span class='ocrx_word' id='word_1_441' title='bbox 314 2787 389 2818; x_wconf 85' lang='lat' dir='ltr'><strong>Nili</strong></span> <span class='ocrx_word' id='word_1_442' title='bbox 422 2785 722 2818; x_wconf 82' lang='lat' dir='ltr'><strong>inundationibus</strong></span> <span class='ocrx_word' id='word_1_443' title='bbox 747 2786 849 2818; x_wconf 81' lang='lat' dir='ltr'><strong>nasci</strong></span> <span class='ocrx_word' id='word_1_444' title='bbox 877 2798 933 2819; x_wconf 83' lang='lat' dir='ltr'><strong>re-</strong></span> 
     </span>
     <span class='ocr_line' id='line_1_60' title="bbox 200 2828 931 2872; baseline 0.007 -14"><span class='ocrx_word' id='word_1_445' title='bbox 200 2828 321 2861; x_wconf 82' lang='lat' dir='ltr'><strong>ferunt</strong></span> <span class='ocrx_word' id='word_1_446' title='bbox 363 2831 475 2862; x_wconf 79' lang='lat' dir='ltr'><strong>etiam</strong></span> <span class='ocrx_word' id='word_1_447' title='bbox 515 2830 670 2862; x_wconf 84' lang='lat' dir='ltr'><strong>Ovidius</strong></span> <span class='ocrx_word' id='word_1_448' title='bbox 711 2830 856 2863; x_wconf 79' lang='lat' dir='ltr'><strong>Metam.</strong></span> <span class='ocrx_word' id='word_1_449' title='bbox 904 2831 931 2872; x_wconf 85' lang='lat'><strong>1,</strong></span> 
     </span>
     <span class='ocr_line' id='line_1_61' title="bbox 198 2873 750 2917; baseline 0.007 -15"><span class='ocrx_word' id='word_1_450' title='bbox 198 2873 265 2903; x_wconf 79' lang='lat'><strong>422</strong></span> <span class='ocrx_word' id='word_1_451' title='bbox 291 2885 368 2915; x_wconf 85' lang='lat' dir='ltr'><strong>sqq.</strong></span> <span class='ocrx_word' id='word_1_452' title='bbox 404 2874 528 2917; x_wconf 82' lang='lat' dir='ltr'><strong>Pomp.</strong></span> <span class='ocrx_word' id='word_1_453' title='bbox 546 2874 644 2907; x_wconf 75' lang='lat' dir='ltr'><strong>Mela</strong></span> <span class='ocrx_word' id='word_1_454' title='bbox 668 2874 696 2914; x_wconf 70' lang='lat' dir='ltr'><strong>I,</strong></span> <span class='ocrx_word' id='word_1_455' title='bbox 718 2877 750 2906; x_wconf 79' lang='lat'><strong>9.</strong></span> 
     </span>
    </p>
   </div>
   <div class='ocr_carea' id='block_1_10' title="bbox 1611 1587 1745 1618">
    <p class='ocr_par' dir='ltr' id='par_1_13' title="bbox 1611 1587 1745 1618">
     <span class='ocr_line' id='line_1_62' title="bbox 1611 1587 1745 1618; baseline 0.007 -1"><span class='ocrx_word' id='word_1_456' title='bbox 1611 1587 1745 1618; x_wconf 74' lang='lat' dir='ltr'><strong>diutine</strong></span> 
     </span>
    </p>
   </div>
   <div class='ocr_carea' id='block_1_11' title="bbox 1001 1694 1744 2825">
    <p class='ocr_par' dir='ltr' id='par_1_14' title="bbox 1055 1694 1744 1780">
     <span class='ocr_line' id='line_1_63' title="bbox 1055 1694 1744 1780; baseline 0 -53"><span class='ocrx_word' id='word_1_457' title='bbox 1055 1696 1097 1727; x_wconf 73' lang='lat' dir='ltr'><strong>(le</strong></span> <span class='ocrx_word' id='word_1_458' title='bbox 1120 1694 1336 1780; x_wconf 53' lang='lat' dir='ltr'><strong>integritate]</strong></span> <span class='ocrx_word' id='word_1_459' title='bbox 1361 1694 1439 1725; x_wconf 69' lang='lat' dir='ltr'><strong>Vid.</strong></span> <span class='ocrx_word' id='word_1_460' title='bbox 1462 1697 1533 1726; x_wconf 84' lang='lat' dir='ltr'><strong>not.</strong></span> <span class='ocrx_word' id='word_1_461' title='bbox 1548 1695 1590 1727; x_wconf 79' lang='lat' dir='ltr'><strong>ad</strong></span> <span class='ocrx_word' id='word_1_462' title='bbox 1606 1694 1744 1728; x_wconf 76' lang='grc'><strong>00111111.</strong></span> 
     </span>
    </p>

    <p class='ocr_par' dir='ltr' id='par_1_15' title="bbox 1007 1783 1743 1998">
     <span class='ocr_line' id='line_1_64' title="bbox 1056 1783 1743 1824; baseline 0 -10"><span class='ocrx_word' id='word_1_463' title='bbox 1056 1786 1109 1814; x_wconf 83' lang='lat'><strong>13.</strong></span> <span class='ocrx_word' id='word_1_464' title='bbox 1158 1783 1204 1814; x_wconf 85' lang='lat' dir='ltr'><strong>ad</strong></span> <span class='ocrx_word' id='word_1_465' title='bbox 1236 1783 1309 1814; x_wconf 84' lang='lat' dir='ltr'><strong>eius</strong></span> <span class='ocrx_word' id='word_1_466' title='bbox 1338 1793 1377 1813; x_wconf 72' lang='lat' dir='ltr'><strong>ex</strong></span> <span class='ocrx_word' id='word_1_467' title='bbox 1402 1793 1468 1824; x_wconf 81' lang='lat' dir='ltr'><strong>qno</strong></span> <span class='ocrx_word' id='word_1_468' title='bbox 1503 1787 1551 1815; x_wconf 77' lang='lat' dir='ltr'><strong>est</strong></span> <span class='ocrx_word' id='word_1_469' title='bbox 1578 1784 1743 1815; x_wconf 74' lang='lat' dir='ltr'><strong>szmzlitu-</strong></span> 
     </span>
     <span class='ocr_line' id='line_1_65' title="bbox 1009 1826 1743 1879; baseline -0.001 -21"><span class='ocrx_word' id='word_1_470' title='bbox 1009 1828 1120 1859; x_wconf 79' lang='lat' dir='ltr'><strong>dinem</strong></span> <span class='ocrx_word' id='word_1_471' title='bbox 1140 1838 1289 1879; x_wconf 62' lang='lat' dir='ltr'><strong>pergens</strong></span> <span class='ocrx_word' id='word_1_472' title='bbox 1313 1826 1394 1877; x_wconf 85' lang='lat' dir='ltr'><strong>cet]</strong></span> <span class='ocrx_word' id='word_1_473' title='bbox 1419 1826 1472 1856; x_wconf 83' lang='lat' dir='ltr'><strong>Cf.</strong></span> <span class='ocrx_word' id='word_1_474' title='bbox 1499 1827 1686 1858; x_wconf 75' lang='lat' dir='ltr'><strong>Plutarch.</strong></span> <span class='ocrx_word' id='word_1_475' title='bbox 1711 1839 1743 1869; x_wconf 87' lang='lat' dir='ltr'><strong>p.</strong></span> 
     </span>
     <span class='ocr_line' id='line_1_66' title="bbox 1008 1867 1742 1922; baseline -0.001 -20"><span class='ocrx_word' id='word_1_476' title='bbox 1008 1874 1085 1902; x_wconf 80' lang='lat'><strong>637.</strong></span> <span class='ocrx_word' id='word_1_477' title='bbox 1111 1872 1149 1902; x_wconf 82' lang='lat' dir='ltr'><strong>A.</strong></span> <span class='ocrx_word' id='word_1_478' title='bbox 1171 1867 1269 1901; x_wconf 73' lang='grc' dir='ltr'><em>Ἐνδε</em></span> <span class='ocrx_word' id='word_1_479' title='bbox 1274 1870 1295 1900; x_wconf 78' lang='grc' dir='ltr'><em>ἄ</em></span> <span class='ocrx_word' id='word_1_480' title='bbox 1316 1867 1387 1922; x_wconf 70' lang='grc' dir='ltr'><strong>γάρ</strong></span> <span class='ocrx_word' id='word_1_481' title='bbox 1410 1867 1481 1901; x_wconf 83' lang='grc' dir='ltr'><em>ἐστι</em></span> <span class='ocrx_word' id='word_1_482' title='bbox 1502 1870 1568 1901; x_wconf 85' lang='grc' dir='ltr'><em>τοῦ</em></span> <span class='ocrx_word' id='word_1_483' title='bbox 1592 1869 1742 1902; x_wconf 72' lang='grc' dir='ltr'><em>οἰκείου·</em></span> 
     </span>
     <span class='ocr_line' id='line_1_67' title="bbox 1009 1911 1743 1956; baseline -0.001 -10"><span class='ocrx_word' id='word_1_484' title='bbox 1009 1938 1040 1946; x_wconf 90' lang='grc'><strong>..</strong></span> <span class='ocrx_word' id='word_1_485' title='bbox 1070 1912 1147 1945; x_wconf 66' lang='grc' dir='ltr'><strong>ἕνόε</strong></span> <span class='ocrx_word' id='word_1_486' title='bbox 1136 1911 1185 1951; x_wconf 62' lang='grc' dir='ltr'><strong>ἒς</strong></span> <span class='ocrx_word' id='word_1_487' title='bbox 1215 1911 1251 1945; x_wconf 73' lang='grc' dir='ltr'><strong>δὲ</strong></span> <span class='ocrx_word' id='word_1_488' title='bbox 1282 1911 1387 1945; x_wconf 77' lang='grc' dir='ltr'><em>οὐδέν</em></span> <span class='ocrx_word' id='word_1_489' title='bbox 1419 1911 1489 1945; x_wconf 80' lang='grc' dir='ltr'><em>ἐστι</em></span> <span class='ocrx_word' id='word_1_490' title='bbox 1522 1913 1587 1945; x_wconf 78' lang='grc' dir='ltr'><em>τοῦ</em></span> <span class='ocrx_word' id='word_1_491' title='bbox 1618 1911 1668 1956; x_wconf 87' lang='grc' dir='ltr'><strong>μὴ</strong></span> <span class='ocrx_word' id='word_1_492' title='bbox 1690 1924 1743 1955; x_wconf 79' lang='grc' dir='ltr'><strong>γε</strong></span> 
     </span>
     <span class='ocr_line' id='line_1_68' title="bbox 1007 1953 1414 1998; baseline -0.005 -9"><span class='ocrx_word' id='word_1_493' title='bbox 1007 1969 1091 1998; x_wconf 64' lang='grc' dir='ltr'><strong>νομε</strong></span> <span class='ocrx_word' id='word_1_494' title='bbox 1078 1954 1160 1989; x_wconf 84' lang='lat' dir='ltr'><strong>&#39;vov</strong></span> <span class='ocrx_word' id='word_1_495' title='bbox 1184 1955 1275 1998; x_wconf 69' lang='grc' dir='ltr'>μηδὲ</span> <span class='ocrx_word' id='word_1_496' title='bbox 1300 1953 1414 1994; x_wconf 82' lang='grc' dir='ltr'><strong>ὄντος.</strong></span> 
     </span>
    </p>

    <p class='ocr_par' dir='ltr' id='par_1_16' title="bbox 1052 2000 1510 2042">
     <span class='ocr_line' id='line_1_69' title="bbox 1052 2000 1510 2042; baseline -0.002 -10"><span class='ocrx_word' id='word_1_497' title='bbox 1052 2001 1208 2042; x_wconf 79' lang='lat' dir='ltr'><strong>necdum]</strong></span> <span class='ocrx_word' id='word_1_498' title='bbox 1238 2000 1315 2031; x_wconf 68' lang='lat' dir='ltr'><strong>tid.</strong></span> <span class='ocrx_word' id='word_1_499' title='bbox 1342 2002 1510 2042; x_wconf 73' lang='lat' dir='ltr'><strong>prolegg.</strong></span> 
     </span>
    </p>

    <p class='ocr_par' dir='ltr' id='par_1_17' title="bbox 1004 2045 1743 2250">
     <span class='ocr_line' id='line_1_70' title="bbox 1054 2045 1743 2087; baseline 0 -10"><span class='ocrx_word' id='word_1_500' title='bbox 1054 2048 1105 2077; x_wconf 76' lang='lat'><strong>14.</strong></span> <span class='ocrx_word' id='word_1_501' title='bbox 1136 2045 1177 2076; x_wconf 86' lang='lat' dir='ltr'><strong>de</strong></span> <span class='ocrx_word' id='word_1_502' title='bbox 1200 2045 1322 2086; x_wconf 80' lang='lat' dir='ltr'><strong>quibus</strong></span> <span class='ocrx_word' id='word_1_503' title='bbox 1347 2057 1413 2076; x_wconf 75' lang='lat' dir='ltr'><strong>non</strong></span> <span class='ocrx_word' id='word_1_504' title='bbox 1446 2045 1637 2087; x_wconf 75' lang='lat' dir='ltr'><strong>ambigitur</strong></span> <span class='ocrx_word' id='word_1_505' title='bbox 1660 2046 1743 2087; x_wconf 80' lang='lat' dir='ltr'><strong>quin</strong></span> 
     </span>
     <span class='ocr_line' id='line_1_71' title="bbox 1008 2087 1742 2130; baseline 0 -10"><span class='ocrx_word' id='word_1_506' title='bbox 1008 2114 1015 2120; x_wconf 89' lang='lat'><strong>.</strong></span> <span class='ocrx_word' id='word_1_507' title='bbox 1036 2113 1043 2119; x_wconf 94' lang='lat'><strong>.</strong></span> <span class='ocrx_word' id='word_1_508' title='bbox 1072 2089 1221 2128; x_wconf 77' lang='lat' dir='ltr'><strong>suerint]</strong></span> <span class='ocrx_word' id='word_1_509' title='bbox 1255 2087 1330 2119; x_wconf 65' lang='lat' dir='ltr'><strong>tid.</strong></span> <span class='ocrx_word' id='word_1_510' title='bbox 1362 2089 1529 2130; x_wconf 69' lang='lat' dir='ltr'><strong>prolegg.</strong></span> <span class='ocrx_word' id='word_1_511' title='bbox 1559 2100 1592 2129; x_wconf 87' lang='lat' dir='ltr'><strong>p.</strong></span> <span class='ocrx_word' id='word_1_512' title='bbox 1619 2099 1742 2120; x_wconf 78' lang='lat' dir='ltr'><strong>xxxlx.</strong></span> 
     </span>
     <span class='ocr_line' id='line_1_72' title="bbox 1006 2131 1742 2173; baseline -0.001 -10"><span class='ocrx_word' id='word_1_513' title='bbox 1006 2136 1095 2163; x_wconf 80' lang='lat' dir='ltr'><strong>extr.</strong></span> <span class='ocrx_word' id='word_1_514' title='bbox 1146 2132 1235 2162; x_wconf 83' lang='lat' dir='ltr'><strong>lbid.</strong></span> <span class='ocrx_word' id='word_1_515' title='bbox 1264 2131 1336 2162; x_wconf 77' lang='lat' dir='ltr'><strong>vid.</strong></span> <span class='ocrx_word' id='word_1_516' title='bbox 1360 2142 1451 2172; x_wconf 85' lang='lat' dir='ltr'><strong>quae</strong></span> <span class='ocrx_word' id='word_1_517' title='bbox 1477 2131 1551 2162; x_wconf 79' lang='lat' dir='ltr'><strong>(lixi</strong></span> <span class='ocrx_word' id='word_1_518' title='bbox 1580 2132 1623 2162; x_wconf 81' lang='lat' dir='ltr'><strong>(le</strong></span> <span class='ocrx_word' id='word_1_519' title='bbox 1658 2143 1742 2173; x_wconf 82' lang='lat' dir='ltr'><strong>pro-</strong></span> 
     </span>
     <span class='ocr_line' id='line_1_73' title="bbox 1004 2175 1739 2217; baseline 0 -10"><span class='ocrx_word' id='word_1_520' title='bbox 1004 2175 1162 2207; x_wconf 82' lang='lat' dir='ltr'><strong>nominis</strong></span> <span class='ocrx_word' id='word_1_521' title='bbox 1212 2175 1411 2216; x_wconf 77' lang='lat' dir='ltr'><strong>possessivi</strong></span> <span class='ocrx_word' id='word_1_522' title='bbox 1460 2176 1596 2216; x_wconf 84' lang='lat' dir='ltr'><strong>(suum)</strong></span> <span class='ocrx_word' id='word_1_523' title='bbox 1644 2176 1739 2217; x_wconf 80' lang='lat' dir='ltr'><strong>apud</strong></span> 
     </span>
     <span class='ocr_line' id='line_1_74' title="bbox 1007 2218 1339 2250; baseline -0.003 0"><span class='ocrx_word' id='word_1_524' title='bbox 1007 2218 1233 2250; x_wconf 79' lang='lat' dir='ltr'><strong>Macrobium</strong></span> <span class='ocrx_word' id='word_1_525' title='bbox 1262 2229 1339 2249; x_wconf 86' lang='lat' dir='ltr'><strong>usu.</strong></span> 
     </span>
    </p>

    <p class='ocr_par' dir='ltr' id='par_1_18' title="bbox 1006 2261 1738 2345">
     <span class='ocr_line' id='line_1_75' title="bbox 1048 2261 1738 2304; baseline 0.001 -11"><span class='ocrx_word' id='word_1_526' title='bbox 1048 2264 1168 2304; x_wconf 81' lang='lat' dir='ltr'><strong>opifice</strong></span> <span class='ocrx_word' id='word_1_527' title='bbox 1198 2262 1342 2303; x_wconf 76' lang='lat' dir='ltr'><strong>natura]</strong></span> <span class='ocrx_word' id='word_1_528' title='bbox 1392 2261 1470 2293; x_wconf 68' lang='lat' dir='ltr'><strong>Vitl-</strong></span> <span class='ocrx_word' id='word_1_529' title='bbox 1514 2264 1588 2293; x_wconf 85' lang='lat' dir='ltr'><strong>not.</strong></span> <span class='ocrx_word' id='word_1_530' title='bbox 1625 2261 1670 2293; x_wconf 75' lang='lat' dir='ltr'><strong>ad</strong></span> <span class='ocrx_word' id='word_1_531' title='bbox 1709 2273 1738 2294; x_wconf 83' lang='lat' dir='ltr'><strong>c.</strong></span> 
     </span>
     <span class='ocr_line' id='line_1_76' title="bbox 1006 2308 1160 2345; baseline -0.006 -8"><span class='ocrx_word' id='word_1_532' title='bbox 1006 2309 1059 2341; x_wconf 79' lang='lat'><strong>15,</strong></span> <span class='ocrx_word' id='word_1_533' title='bbox 1082 2308 1101 2345; x_wconf 65' lang='grc' dir='ltr'><strong>ἓ</strong></span> <span class='ocrx_word' id='word_1_534' title='bbox 1128 2309 1160 2337; x_wconf 83' lang='grc'><strong>5.</strong></span> 
     </span>
    </p>

    <p class='ocr_par' dir='ltr' id='par_1_19' title="bbox 1002 2347 1738 2479">
     <span class='ocr_line' id='line_1_77' title="bbox 1052 2347 1738 2391; baseline -0.004 -10"><span class='ocrx_word' id='word_1_535' title='bbox 1052 2353 1100 2381; x_wconf 85' lang='lat'><strong>15.</strong></span> <span class='ocrx_word' id='word_1_536' title='bbox 1148 2349 1314 2381; x_wconf 78' lang='lat' dir='ltr'><strong>violentia</strong></span> <span class='ocrx_word' id='word_1_537' title='bbox 1338 2349 1513 2391; x_wconf 79' lang='lat' dir='ltr'><strong>loquendi]</strong></span> <span class='ocrx_word' id='word_1_538' title='bbox 1538 2347 1592 2379; x_wconf 78' lang='lat' dir='ltr'><strong>Cf.</strong></span> <span class='ocrx_word' id='word_1_539' title='bbox 1613 2359 1643 2379; x_wconf 82' lang='lat' dir='ltr'><strong>c.</strong></span> <span class='ocrx_word' id='word_1_540' title='bbox 1665 2350 1698 2386; x_wconf 85' lang='lat'><strong>5,</strong></span> <span class='ocrx_word' id='word_1_541' title='bbox 1718 2349 1738 2387; x_wconf 65' lang='grc' dir='ltr'><strong>ἓ</strong></span> 
     </span>
     <span class='ocr_line' id='line_1_78' title="bbox 1003 2393 1738 2435; baseline -0.001 -11"><span class='ocrx_word' id='word_1_542' title='bbox 1003 2396 1033 2425; x_wconf 81' lang='lat'><strong>2.</strong></span> <span class='ocrx_word' id='word_1_543' title='bbox 1060 2394 1186 2435; x_wconf 83' lang='lat' dir='ltr'><strong>lingna</strong></span> <span class='ocrx_word' id='word_1_544' title='bbox 1211 2394 1431 2433; x_wconf 81' lang='lat' dir='ltr'><strong>violenta,</strong></span> <span class='ocrx_word' id='word_1_545' title='bbox 1460 2398 1495 2424; x_wconf 77' lang='lat' dir='ltr'><strong>et</strong></span> <span class='ocrx_word' id='word_1_546' title='bbox 1521 2403 1550 2424; x_wconf 84' lang='lat' dir='ltr'><strong>c.</strong></span> <span class='ocrx_word' id='word_1_547' title='bbox 1578 2394 1637 2433; x_wconf 77' lang='lat'><strong>15,</strong></span> <span class='ocrx_word' id='word_1_548' title='bbox 1661 2393 1680 2431; x_wconf 68' lang='grc' dir='ltr'><strong>ἓ</strong></span> <span class='ocrx_word' id='word_1_549' title='bbox 1705 2395 1738 2424; x_wconf 85' lang='grc'><strong>9.</strong></span> 
     </span>
     <span class='ocr_line' id='line_1_79' title="bbox 1002 2438 1410 2479; baseline -0.002 -10"><span class='ocrx_word' id='word_1_550' title='bbox 1002 2438 1226 2469; x_wconf 75' lang='lat' dir='ltr'><strong>violentia</strong></span> <span class='ocrx_word' id='word_1_551' title='bbox 1254 2438 1410 2479; x_wconf 78' lang='lat' dir='ltr'><strong>spiritus.</strong></span> 
     </span>
    </p>

    <p class='ocr_par' dir='ltr' id='par_1_20' title="bbox 1003 2480 1737 2556">
     <span class='ocr_line' id='line_1_80' title="bbox 1047 2480 1737 2523; baseline -0.004 -11"><span class='ocrx_word' id='word_1_552' title='bbox 1047 2481 1248 2523; x_wconf 74' lang='lat' dir='ltr'><strong>absolvatis]</strong></span> <span class='ocrx_word' id='word_1_553' title='bbox 1285 2480 1340 2512; x_wconf 79' lang='lat' dir='ltr'><strong>cf.</strong></span> <span class='ocrx_word' id='word_1_554' title='bbox 1372 2480 1540 2522; x_wconf 84' lang='lat' dir='ltr'><strong>prolegg.</strong></span> <span class='ocrx_word' id='word_1_555' title='bbox 1571 2490 1603 2520; x_wconf 89' lang='lat' dir='ltr'><strong>p.</strong></span> <span class='ocrx_word' id='word_1_556' title='bbox 1630 2489 1737 2510; x_wconf 81' lang='lat' dir='ltr'><strong>xmu.</strong></span> 
     </span>
     <span class='ocr_line' id='line_1_81' title="bbox 1003 2528 1094 2557; baseline 0 -1"><span class='ocrx_word' id='word_1_557' title='bbox 1003 2528 1094 2557; x_wconf 76' lang='lat' dir='ltr'><strong>extr.</strong></span> 
     </span>
    </p>

    <p class='ocr_par' dir='ltr' id='par_1_21' title="bbox 1046 2565 1698 2610">
     <span class='ocr_line' id='line_1_82' title="bbox 1046 2565 1698 2610; baseline -0.008 -10"><span class='ocrx_word' id='word_1_558' title='bbox 1046 2567 1141 2610; x_wconf 80' lang='lat' dir='ltr'><strong>vera]</strong></span> <span class='ocrx_word' id='word_1_559' title='bbox 1169 2567 1263 2599; x_wconf 81' lang='lat' dir='ltr'><strong>idem</strong></span> <span class='ocrx_word' id='word_1_560' title='bbox 1291 2567 1368 2598; x_wconf 82' lang='lat' dir='ltr'><strong>fere</strong></span> <span class='ocrx_word' id='word_1_561' title='bbox 1398 2569 1453 2598; x_wconf 80' lang='lat' dir='ltr'><strong>est</strong></span> <span class='ocrx_word' id='word_1_562' title='bbox 1478 2565 1571 2606; x_wconf 88' lang='lat' dir='ltr'><strong>quod</strong></span> <span class='ocrx_word' id='word_1_563' title='bbox 1596 2565 1698 2596; x_wconf 78' lang='lat' dir='ltr'><strong>seria.</strong></span> 
     </span>
    </p>

    <p class='ocr_par' dir='ltr' id='par_1_22' title="bbox 1001 2609 1735 2785">
     <span class='ocr_line' id='line_1_83' title="bbox 1047 2609 1735 2653; baseline -0.009 -9"><span class='ocrx_word' id='word_1_564' title='bbox 1047 2613 1088 2644; x_wconf 82' lang='lat' dir='ltr'><strong>de</strong></span> <span class='ocrx_word' id='word_1_565' title='bbox 1112 2612 1246 2643; x_wconf 79' lang='lat' dir='ltr'><strong>Tiburti</strong></span> <span class='ocrx_word' id='word_1_566' title='bbox 1269 2622 1358 2653; x_wconf 81' lang='lat' dir='ltr'><strong>agro</strong></span> <span class='ocrx_word' id='word_1_567' title='bbox 1383 2609 1468 2649; x_wconf 84' lang='lat' dir='ltr'><strong>meo]</strong></span> <span class='ocrx_word' id='word_1_568' title='bbox 1502 2609 1590 2639; x_wconf 82' lang='lat' dir='ltr'><strong>Inde</strong></span> <span class='ocrx_word' id='word_1_569' title='bbox 1623 2619 1735 2649; x_wconf 80' lang='lat' dir='ltr'><strong>appa-</strong></span> 
     </span>
     <span class='ocr_line' id='line_1_84' title="bbox 1002 2652 1735 2694; baseline -0.005 -8"><span class='ocrx_word' id='word_1_570' title='bbox 1002 2659 1057 2688; x_wconf 77' lang='lat' dir='ltr'><strong>ret</strong></span> <span class='ocrx_word' id='word_1_571' title='bbox 1098 2655 1323 2687; x_wconf 74' lang='lat' dir='ltr'><strong>Mani-obium</strong></span> <span class='ocrx_word' id='word_1_572' title='bbox 1363 2653 1526 2685; x_wconf 83' lang='lat' dir='ltr'><strong>voluisse</strong></span> <span class='ocrx_word' id='word_1_573' title='bbox 1567 2652 1735 2694; x_wconf 82' lang='lat' dir='ltr'><strong>Evange-</strong></span> 
     </span>
     <span class='ocr_line' id='line_1_85' title="bbox 1001 2696 1734 2739; baseline -0.005 -8"><span class='ocrx_word' id='word_1_574' title='bbox 1001 2700 1076 2731; x_wconf 90' lang='lat' dir='ltr'><strong>lum</strong></span> <span class='ocrx_word' id='word_1_575' title='bbox 1102 2698 1232 2730; x_wconf 83' lang='lat' dir='ltr'><strong>haberi</strong></span> <span class='ocrx_word' id='word_1_576' title='bbox 1261 2709 1324 2739; x_wconf 84' lang='lat' dir='ltr'><strong>pro</strong></span> <span class='ocrx_word' id='word_1_577' title='bbox 1348 2696 1497 2728; x_wconf 80' lang='lat' dir='ltr'><strong>homine</strong></span> <span class='ocrx_word' id='word_1_578' title='bbox 1522 2696 1656 2735; x_wconf 77' lang='lat' dir='ltr'><strong>divite,</strong></span> <span class='ocrx_word' id='word_1_579' title='bbox 1697 2696 1734 2728; x_wconf 80' lang='lat' dir='ltr'><strong>id</strong></span> 
     </span>
     <span class='ocr_line' id='line_1_86' title="bbox 1001 2740 1733 2791; baseline -0.006 -16"><span class='ocrx_word' id='word_1_580' title='bbox 1001 2744 1094 2785; x_wconf 85' lang='lat' dir='ltr'><strong>quod</strong></span> <span class='ocrx_word' id='word_1_581' title='bbox 1119 2747 1261 2784; x_wconf 81' lang='lat' dir='ltr'><strong>poterat</strong></span> <span class='ocrx_word' id='word_1_582' title='bbox 1281 2741 1365 2773; x_wconf 84' lang='lat' dir='ltr'><strong>addi</strong></span> <span class='ocrx_word' id='word_1_583' title='bbox 1391 2740 1558 2791; x_wconf 80' lang='lat' dir='ltr'><strong>prolegg.</strong></span> <span class='ocrx_word' id='word_1_584' title='bbox 1585 2751 1619 2781; x_wconf 89' lang='lat' dir='ltr'><strong>p.</strong></span> <span class='ocrx_word' id='word_1_585' title='bbox 1636 2751 1733 2771; x_wconf 80' lang='lat' dir='ltr'><strong>xxxl.</strong></span> 
     </span>
    </p>

    <p class='ocr_par' dir='ltr' id='par_1_23' title="bbox 1044 2784 1732 2825">
     <span class='ocr_line' id='line_1_87' title="bbox 1044 2784 1732 2825; baseline -0.004 -7"><span class='ocrx_word' id='word_1_586' title='bbox 1044 2787 1128 2818; x_wconf 80' lang='lat' dir='ltr'><strong>mihi</strong></span> <span class='ocrx_word' id='word_1_587' title='bbox 1152 2811 1182 2818; x_wconf 93' lang='lat'><strong>..</strong></span> <span class='ocrx_word' id='word_1_588' title='bbox 1207 2784 1361 2825; x_wconf 69' lang='lat' dir='ltr'><strong>exhibiti]</strong></span> <span class='ocrx_word' id='word_1_589' title='bbox 1391 2784 1413 2815; x_wconf 92' lang='lat' dir='ltr'><strong>i.</strong></span> <span class='ocrx_word' id='word_1_590' title='bbox 1440 2795 1470 2816; x_wconf 81' lang='lat' dir='ltr'><strong>e.</strong></span> <span class='ocrx_word' id='word_1_591' title='bbox 1495 2784 1539 2815; x_wconf 80' lang='lat' dir='ltr'><strong>ad</strong></span> <span class='ocrx_word' id='word_1_592' title='bbox 1566 2795 1623 2815; x_wconf 86' lang='lat' dir='ltr'><strong>me</strong></span> <span class='ocrx_word' id='word_1_593' title='bbox 1649 2795 1732 2825; x_wconf 82' lang='lat' dir='ltr'><strong>per-</strong></span> 
     </span>
    </p>
   </div>
   <div class='ocr_carea' id='block_1_12' title="bbox 1000 2830 1729 2914">
    <p class='ocr_par' dir='ltr' id='par_1_24' title="bbox 1000 2830 1729 2914">
     <span class='ocr_line' id='line_1_88' title="bbox 1000 2830 1729 2914; baseline -0.003 -8"><span class='ocrx_word' id='word_1_594' title='bbox 1000 2830 1189 2913; x_wconf 57' lang='lat' dir='ltr'><strong>lailiiutule]</strong></span> <span class='ocrx_word' id='word_1_595' title='bbox 1204 2870 1281 2904; x_wconf 82' lang='lat' dir='ltr'><strong>Vitl.</strong></span> <span class='ocrx_word' id='word_1_596' title='bbox 1296 2871 1467 2914; x_wconf 82' lang='lat' dir='ltr'><strong>prolegg.</strong></span> <span class='ocrx_word' id='word_1_597' title='bbox 1481 2881 1623 2913; x_wconf 81' lang='lat' dir='ltr'><strong>p.x1.1v.</strong></span> <span class='ocrx_word' id='word_1_598' title='bbox 1635 2870 1729 2904; x_wconf 82' lang='lat' dir='ltr'><strong>med.</strong></span> 
     </span>
    </p>
   </div>
   <div class='ocr_carea' id='block_1_13' title="bbox 1542 2012 1676 2042">
    <p class='ocr_par' dir='ltr' id='par_1_25' title="bbox 1542 2012 1676 2042">
     <span class='ocr_line' id='line_1_89' title="bbox 1542 2012 1676 2042; baseline -0.007 -10"><span class='ocrx_word' id='word_1_599' title='bbox 1542 2012 1676 2042; x_wconf 76' lang='lat' dir='ltr'><strong>p.x1.1.</strong></span> 
     </span>
    </p>
   </div>
  </div>
 </body>
</html>
