1845 3131
153 486 203 526 01

155 514 179 526 fl

153 802 207 843 22

222 16 304 57 512

838 16 1114 59 MACROBII

423 125 498 166 Ceu
527 125 636 165 canis
667 124 889 166 umbrosam
917 126 1088 168 lustrans
1119 127 1311 184 Gortynia
1339 131 1488 180 vallem,

419 180 469 220 Si
495 181 633 220 veteris
657 181 789 234 potuit
818 195 953 222 cervae
982 184 1247 237 conprendere
1278 186 1415 235 lustra,

419 235 552 276 Saevit
580 236 624 276 in
652 236 853 284 absentem,
883 244 916 277 et
941 238 1089 278 circum
1116 240 1278 294 vestiqia
1309 241 1492 292 lustrans,

420 291 586 331 Aethera
609 306 687 346 per
716 292 884 332 nitidum
909 299 1040 334 tenues
1068 302 1235 335 sectatur
1265 296 1413 338 odores.

374 363 391 388 5
423 347 511 387 Non
537 361 668 387 amnes
693 348 799 388 illam
828 349 965 396 medii,
989 363 1069 390 non
1094 351 1224 391 ardua
1254 352 1414 393 tardant
1422 367 1436 397 ,·

422 402 581 443 Perdita
611 417 680 444 nec
709 417 818 445 serae
849 405 1023 445 meminit
1051 405 1230 447 decedere
1258 409 1371 448 nocti.

756 509 811 516 —-
840 486 918 527 Nec
943 494 977 527 te
1003 495 1071 528 tua
1094 489 1239 542 statera
1263 497 1386 530 mater

421 540 608 581 Produxi
634 542 807 595 pressive
834 542 962 582 oculos
992 551 1060 584 aut
1087 544 1252 586 vidnera
1279 545 1371 586 lavi.

156 607 403 663 [iesjEnnius
431 606 470 647 in
500 605 769 660 Cresphonte:

419 663 548 716 Neque
579 670 725 703 terram
753 665 899 705 inicere
925 679 1046 720 neque
1076 673 1237 706 cruenta
1265 666 1476 707 convestire
1506 680 1674 721 corpora

421 718 525 760 Mitti
542 718 664 766 licuit,
678 733 799 773 neque
817 720 983 761 miserae
1003 721 1130 762 lavere
1148 722 1332 763 lacrimae
1350 723 1495 762 salsum
1518 723 1757 776 sanquinem.

424 800 597 854 Namque
626 801 783 841 canebat
810 802 870 841 uti
896 816 1080 855 maqnum
1108 817 1181 856 per
1212 804 1330 845 inane
1360 813 1491 845 coacta

422 855 583 896 Semina
609 863 880 911 terrarumque
907 858 1135 912 animaeque
1160 861 1355 914 marisque
1383 860 1558 911 fuissent,

422 912 473 951 Et
499 911 642 966 liquidi
662 912 781 953 simul
808 914 930 966 iqnis,
960 920 1003 953 ut
1032 914 1092 954 Itis
1119 915 1285 955 eoeordia
1309 916 1455 969 primis

424 967 568 1007 Omnia
591 975 625 1007 et
655 968 738 1022 ipse
764 976 870 1009 tener
896 969 1038 1009 mundi
1061 971 1298 1010 concreverit
1327 970 1455 1011 orbis:

375 1036 391 1062 5
425 1023 521 1063 Tum
551 1023 698 1064 durare
727 1025 874 1072 solum,
905 1032 937 1064 et
967 1025 1181 1065 discludere
1212 1026 1336 1067 Nerea
1363 1034 1483 1081 ponto

423 1079 615 1133 Coeperit,
647 1087 679 1119 et
705 1094 836 1120 rerum
861 1080 1057 1134 paulatim
1084 1096 1234 1122 sumere
1263 1083 1424 1135 formas,

420 1135 578 1190 Iamque
603 1148 747 1175 novum
774 1143 901 1176 terrae
932 1144 1112 1191 stupeant
1138 1137 1324 1178 lucescere
1350 1137 1475 1178 sotem.

154 1200 432 1243 ⁶231.ucretius
472 1200 511 1240 in
552 1200 713 1255 quinto,
762 1201 831 1242 ubi
861 1201 910 1243 de
950 1202 1184 1244 confusione
1215 1203 1322 1243 orbis
1353 1207 1445 1244 ante
1474 1202 1579 1243 hunc
1609 1207 1754 1242 statum

225 1257 421 1312 loquitur:

421 1311 494 1352 His
518 1325 641 1367 neque
671 1320 752 1353 tum
776 1313 868 1353 solis
897 1320 984 1353 rota
1013 1314 1124 1354 cerni
1145 1314 1291 1354 lumine
1329 1314 1434 1353 claro

420 1367 634 1408 Altivolans
653 1376 824 1422 poterat,
857 1383 979 1423 neque
1008 1371 1144 1423 maqni
1172 1370 1304 1410 sidera
1331 1368 1490 1413 mundi:

420 1423 497 1464 Nec
519 1437 626 1463 mare
649 1438 719 1464 nec
747 1425 912 1472 caelum,
937 1438 1007 1465 nec
1036 1425 1200 1479 denique
1230 1432 1337 1465 terra
1368 1439 1437 1465 nee
1463 1437 1543 1472 aer,

420 1479 497 1519 Nec
522 1479 659 1519 similis
686 1480 832 1520 nostris
859 1480 972 1520 rebus
996 1494 1057 1520 res
1089 1481 1168 1520 ulla
1197 1480 1336 1520 videri.

376 1550 393 1575 5
424 1534 501 1575 Sed
526 1549 628 1575 nova
655 1542 854 1589 tempestas
884 1535 1075 1590 quaedam
1107 1535 1295 1590 molesque
1325 1542 1468 1575 coorta.

420 1590 622 1644 Diffugere
651 1591 742 1631 inde
768 1591 845 1631 loci
869 1599 1000 1645 partes
1029 1605 1202 1645 coepere,
1229 1605 1420 1645 paresque

421 1645 515 1685 Cum
539 1646 705 1700 paribus
732 1647 848 1700 iuanqi
871 1661 931 1687 res
963 1654 994 1686 et
1023 1647 1239 1687 discludere
1266 1646 1467 1693 mundum,

420 1701 668 1757 Membraque
698 1702 871 1743 dividere
902 1710 934 1743 et
962 1716 1126 1757 maynas
1153 1702 1357 1757 disponere
1384 1708 1526 1756 partes.

154 1767 208 1807 24
225 1771 263 1807 ot
290 1765 406 1807 infra:
428 1767 513 1808 Hoc
544 1775 596 1808 est
624 1783 649 1808 a
677 1770 792 1810 terris
817 1783 1002 1824 maqnum
1031 1783 1225 1810 secernere
1255 1769 1414 1815 caelum,

312 1878 418 1921 [mss.
443 1879 582 1912 APSM.

223 1933 272 1974 (N
299 1944 320 1965 a
346 1945 380 1975 p.
406 1934 485 1973 nh).
512 1953 554 1958 —
587 1934 746 1978 gortinia
770 1934 849 1966 AM.
902 1935 1066 1978 Cortynia
1091 1946 1168 1978 c-g.
1194 1952 1237 1959 -
1267 1944 1302 1966 v.
1324 1933 1359 1965 2?
1386 1931 1696 1976 comprehendere
1718 1929 1755 1962 S.

221 1978 443 2020 conpendere
467 1977 508 2010 N.
543 1996 586 2002 ——
623 1989 656 2011 v.
681 1981 712 2011 4.
747 1984 904 2011 sectator
924 1982 979 2011 v3.

910 2025 1029 2055 Nocte
1051 2028 1112 2056 tua
1138 2023 1161 2055 S
1189 2023 1245 2059 (M
1270 2033 1290 2054 a
1317 2034 1350 2063 p.
1372 2025 1449 2058 m.).
1488 2039 1529 2044 —
1569 2031 1603 2052 v.
1628 2023 1659 2051 2.
1692 2024 1755 2051 ant

222 2027 283 2054 tua
308 2025 394 2058 (om.
422 2024 471 2063 te)
504 2025 557 2055 vl.
611 2024 690 2055 Nea
714 2028 775 2056 tua
805 2025 859 2054 v3.

1114 1982 1169 2011 21.
1209 1978 1342 2021 Necte]
1366 1978 1449 2009 Aen.
1478 1977 1538 2016 1x‚
1560 1978 1637 2008 486.
1686 1975 1756 2007 Nec

217 2068 363 2106 funera
387 2067 415 2097 P
440 2067 506 2107 (cf.
532 2078 563 2098 v.
590 2069 653 2103 1.).
682 2084 720 2090 -
747 2067 782 2098 in
811 2067 1032 2109 Cresphonte]
1053 2066 1210 2099 Scriver.
1236 2077 1271 2107 p.
1301 2068 1350 2096 13.
1379 2064 1484 2096 Both.
1512 2064 1555 2095 fr.
1581 2066 1612 2094 6.
1639 2074 1673 2104 p.
1698 2064 1753 2095 39.

227 2110 479 2151 Cressiplzonte
509 2110 614 2142 ASM.

669 2110 921 2151 Ctesiphonte
957 2111 1045 2141 Edd.
1076 2111 1113 2142 P.
1149 2109 1398 2149 „Faciendum
1434 2109 1470 2139 in
1506 2107 1752 2149 Cresipltonte.

222 2153 267 2185 Et
290 2154 429 2186 monuit
453 2154 487 2185 in
512 2153 688 2185 Ennianis
713 2153 881 2195 reliquiis
908 2154 1153 2197 [lieronymus
1178 2154 1391 2185 Columna.“
1418 2152 1522 2183 Pont.
1554 2169 1595 2175 -
1637 2151 1754 2192 Neque

245 2221 276 2229 ..
305 2198 501 2240 sanginem]
542 2198 643 2240 Apud
670 2197 826 2229 Scriver.
853 2202 889 2230 et
914 2198 949 2230 in
978 2198 1058 2229 edd.
1083 2198 1242 2230 Mam-ob.
1272 2202 1344 2229 tres
1371 2196 1648 2238 distinguuntur
1674 2205 1754 2226 ver-

221 2252 295 2280 sus,
321 2252 472 2282 quorum
496 2242 676 2273 secundus
702 2241 830 2284 incipit
854 2253 874 2274 a
900 2243 1010 2274 verbo
1041 2243 1247 2283 Convesffre,
1274 2241 1404 2273 tertius
1429 2251 1448 2272 a
1475 2239 1657 2282 particula
1683 2239 1753 2271 Ne-

221 2296 350 2327 que.—-
373 2291 597 2318 convertere
623 2286 647 2317 A
663 2285 755 2323 „B²‘.
773 2303 811 2309 -
836 2297 978 2329 corpora
1004 2287 1091 2318 Mihi
1116 2286 1248 2328 scripsi
1275 2297 1354 2317 curn
1383 2284 1528 2316 Bomio.
1568 2283 1653 2315 milti
1677 2294 1752 2315 cor-

218 2340 305 2372 pora
330 2329 417 2361 Edd.
444 2330 531 2362 Mss.
559 2334 595 2361 et
619 2329 777 2362 Sci-iver.
821 2349 865 2354 -—
900 2342 932 2362 v.
954 2334 985 2362 3.
1021 2331 1149 2362 salsum
1180 2341 1248 2362 om.
1274 2329 1315 2361 P.
1361 2330 1502 2370 falsum
1527 2327 1563 2359 S.

1698 2330 1754 2359 22.

225 2373 393 2416 Namque]
422 2374 500 2405 Ecl.
525 2373 580 2412 Vl,
604 2376 658 2405 31.
692 2393 733 2397 -
765 2385 798 2406 v.
823 2375 854 2406 4.
895 2386 980 2407 cum
1003 2376 1143 2407 creverit
1166 2375 1203 2406 A.
1226 2393 1267 2397 —
1291 2384 1324 2405 v.
1347 2376 1378 2405 5.
1416 2373 1526 2405 Nerea
1549 2382 1620 2404 om.
1645 2371 1685 2403 P.
1711 2389 1750 2395 -·

222 2428 255 2449 v.
271 2421 301 2449 6.
328 2419 504 2460 Coeperat
527 2418 607 2449 PM.
655 2424 821 2460 ceperat
847 2418 913 2451 AS.

1049 2421 1101 2450 23.
1138 2419 1172 2451 in
1197 2417 1327 2462 quinto]
1351 2428 1382 2449 v.
1408 2418 1484 2449 433.
1512 2417 1606 2455 (432.
1625 2415 1682 2455 L.)
1708 2431 1752 2438 ·—

222 2473 253 2493 v.
272 2465 301 2494 1.
329 2462 400 2494 Hic
423 2461 502 2494 edd.
517 2461 623 2495 Lucr.
647 2480 690 2486 --
713 2468 795 2496 tam
820 2462 889 2495 SN.
911 2482 949 2486 —
976 2467 1055 2496 tota
1072 2463 1118 2496 vi.
1145 2481 1187 2487 —
1212 2463 1377 2496 cernitur
1392 2461 1431 2493 P.
1454 2478 1495 2483 --
1522 2460 1652 2502 largo
1670 2458 1750 2490 edd.

266 2562 321 2593 20.
369 2561 464 2593 canis
502 2561 684 2603 Gortynia]
731 2560 783 2593 Cf.
822 2561 953 2603 Vin-gil.

223 2605 309 2637 Aen.
346 2604 419 2644 XI,
450 2607 526 2636 773.
565 2606 698 2647 spicula
729 2629 761 2638 ..
799 2605 951 2647 Gorty-

223 2649 318 2688 nia.
359 2653 395 2680 et
429 2648 534 2681 ovid.
572 2649 718 2681 Metam.
752 2649 838 2690 vn,
877 2652 952 2681 778.

228 2694 495 2735 Gortyniaco
525 2694 566 2726 ab
593 2704 689 2726 arcu.

266 2782 321 2812 21.
371 2781 489 2823 Neque
513 2804 521 2812 .
537 2804 545 2813 .
562 2805 569 2814 .
595 2780 816 2824 sanguinem]
841 2780 954 2813 Secu-

225 2825 282 2855 tus
308 2835 387 2857 sum
410 2825 597 2865 Bathinum,
626 2825 687 2867 qui
716 2824 847 2857 statuit
872 2835 953 2857 esse

223 2877 350 2900 versus
396 2868 574 2902 iambicos
619 2872 869 2910 tetrametros,
917 2871 954 2900 et

1021 2560 1158 2593 dixisse
1183 2560 1275 2593 haec
1298 2561 1471 2602 Meropen
1492 2558 1536 2590 de
1560 2555 1752 2588 trucidatis

1022 2605 1123 2637 filiis.

1065 2651 1119 2680 22.
1158 2659 1188 2679 v.
1217 2650 1248 2679 6.
1294 2645 1461 2689 Coeperit]
1494 2643 1597 2686 Quod
1623 2646 1679 2675 est
1713 2643 1750 2694 in

1021 2692 1189 2724 omnibus
1214 2691 1316 2722 codd.
1343 2701 1449 2729 mss„
1486 2692 1675 2731 coeperat,
1712 2687 1750 2719 ld

1021 2735 1164 2768 admitti
1191 2745 1259 2766 non
1289 2737 1430 2775 potest,
1469 2733 1555 2773 quia
1586 2731 1752 2772 sequitur

1020 2783 1198 2821 stupeant,
1231 2779 1324 2820 quod
1346 2778 1450 2809 docet
1474 2776 1584 2809 etiam
1610 2776 1653 2807 ad
1680 2775 1750 2807 hoc

1020 2823 1169 2855 verbnm
1203 2822 1433 2855 referendam
1471 2830 1552 2854 esse
1588 2819 1750 2863 particu-

1021 2867 1094 2900 lam
1119 2871 1168 2900 ut.
