<?xml version="1.0" encoding="UTF-8"?>
<!DOCTYPE html PUBLIC "-//W3C//DTD XHTML 1.0 Transitional//EN"
    "http://www.w3.org/TR/xhtml1/DTD/xhtml1-transitional.dtd">
<html xmlns="http://www.w3.org/1999/xhtml" xml:lang="en" lang="en">
 <head>
  <title>
</title>
<meta http-equiv="Content-Type" content="text/html;charset=utf-8" />
  <meta name='ocr-system' content='tesseract 3.04.00' />
  <meta name='ocr-capabilities' content='ocr_page ocr_carea ocr_par ocr_line ocrx_word'/>
</head>
<body>
  <div class='ocr_page' id='page_1' title='image "./operaquaesupersu02macruoft_0238.png"; bbox 0 0 1871 3126; ppageno 0'>
   <div class='ocr_carea' id='block_1_1' title="bbox 213 45 1647 93">
    <p class='ocr_par' dir='ltr' id='par_1_1' title="bbox 213 45 1647 93">
     <span class='ocr_line' id='line_1_1' title="bbox 213 45 1647 93; baseline -0.003 1"><span class='ocrx_word' id='word_1_1' title='bbox 213 53 299 93; x_wconf 69' lang='lat'>214</span> <span class='ocrx_word' id='word_1_2' title='bbox 342 48 617 93; x_wconf 80' lang='lat' dir='ltr'><strong>MACROBII</strong></span> <span class='ocrx_word' id='word_1_3' title='bbox 646 45 1117 88; x_wconf 83' lang='lat' dir='ltr'><strong>SATURNALIORUM</strong></span> <span class='ocrx_word' id='word_1_4' title='bbox 1148 46 1248 87; x_wconf 91' lang='lat' dir='ltr'>LIB.</span> <span class='ocrx_word' id='word_1_5' title='bbox 1280 47 1311 88; x_wconf 96' lang='grc' dir='ltr'>Ι.</span> <span class='ocrx_word' id='word_1_6' title='bbox 1343 47 1461 90; x_wconf 87' lang='lat' dir='ltr'>CAP.</span> <span class='ocrx_word' id='word_1_7' title='bbox 1492 48 1647 89; x_wconf 86' lang='lat' dir='ltr'>XXIV.</span> 
     </span>
    </p>
   </div>
   <div class='ocr_carea' id='block_1_2' title="bbox 152 157 1768 815">
    <p class='ocr_par' dir='ltr' id='par_1_2' title="bbox 219 157 1765 215">
     <span class='ocr_line' id='line_1_2' title="bbox 219 157 1765 215; baseline -0.003 -11"><span class='ocrx_word' id='word_1_8' title='bbox 219 177 327 204; x_wconf 89' lang='lat' dir='ltr'>mum</span> <span class='ocrx_word' id='word_1_9' title='bbox 360 160 537 215; x_wconf 85' lang='lat' dir='ltr'>patribus</span> <span class='ocrx_word' id='word_1_10' title='bbox 564 157 730 198; x_wconf 77' lang='lat' dir='ltr'>familias</span> <span class='ocrx_word' id='word_1_11' title='bbox 759 168 919 197; x_wconf 82' lang='lat' dir='ltr'>mensae</span> <span class='ocrx_word' id='word_1_12' title='bbox 946 162 1159 210; x_wconf 79' lang='lat' dir='ltr'>apparatus</span> <span class='ocrx_word' id='word_1_13' title='bbox 1189 162 1371 199; x_wconf 84' lang='lat' dir='ltr'>novatur.</span> <span class='ocrx_word' id='word_1_14' title='bbox 1434 158 1614 200; x_wconf 81' lang='lat' dir='ltr'>l&#39;nsinuat</span> <span class='ocrx_word' id='word_1_15' title='bbox 1644 159 1765 212; x_wconf 80' lang='lat' dir='ltr'>igitur</span> 
     </span>
    </p>

    <p class='ocr_par' dir='ltr' id='par_1_3' title="bbox 152 212 1764 546">
     <span class='ocr_line' id='line_1_3' title="bbox 152 212 1761 273; baseline -0.002 -13"><span class='ocrx_word' id='word_1_16' title='bbox 152 218 373 273; x_wconf 73' lang='lat' dir='ltr'>24praesul</span> <span class='ocrx_word' id='word_1_17' title='bbox 417 214 598 255; x_wconf 84' lang='lat' dir='ltr'>famulitii</span> <span class='ocrx_word' id='word_1_18' title='bbox 638 226 786 254; x_wconf 87' lang='lat' dir='ltr'>coenae</span> <span class='ocrx_word' id='word_1_19' title='bbox 820 217 980 265; x_wconf 85' lang='lat' dir='ltr'>tempus</span> <span class='ocrx_word' id='word_1_20' title='bbox 1014 218 1053 253; x_wconf 88' lang='lat' dir='ltr'>et</span> <span class='ocrx_word' id='word_1_21' title='bbox 1088 212 1271 253; x_wconf 89' lang='lat' dir='ltr'>dominos</span> <span class='ocrx_word' id='word_1_22' title='bbox 1310 214 1386 254; x_wconf 89' lang='lat' dir='ltr'>iam</span> <span class='ocrx_word' id='word_1_23' title='bbox 1430 229 1584 256; x_wconf 86' lang='lat' dir='ltr'>vocare.</span> <span class='ocrx_word' id='word_1_24' title='bbox 1658 216 1761 256; x_wconf 87' lang='lat' dir='ltr'>Tum</span> 
     </span>
     <span class='ocr_line' id='line_1_4' title="bbox 219 268 1761 322; baseline -0.001 -9"><span class='ocrx_word' id='word_1_25' title='bbox 219 276 516 314; x_wconf 74' lang='lat' dir='ltr'>Praetextatus:</span> <span class='ocrx_word' id='word_1_26' title='bbox 543 268 822 311; x_wconf 89' lang='lat' dir='ltr'>Reservandus</span> <span class='ocrx_word' id='word_1_27' title='bbox 851 268 971 321; x_wconf 80' lang='lat' dir='ltr'>igitur</span> <span class='ocrx_word' id='word_1_28' title='bbox 1000 273 1059 308; x_wconf 86' lang='lat' dir='ltr'>est</span> <span class='ocrx_word' id='word_1_29' title='bbox 1088 268 1278 322; x_wconf 79' lang='lat' dir='ltr'>Virgilius</span> <span class='ocrx_word' id='word_1_30' title='bbox 1312 274 1448 311; x_wconf 86' lang='lat' dir='ltr'>noster</span> <span class='ocrx_word' id='word_1_31' title='bbox 1477 271 1526 311; x_wconf 86' lang='lat' dir='ltr'>ad</span> <span class='ocrx_word' id='word_1_32' title='bbox 1558 271 1761 312; x_wconf 87' lang='lat' dir='ltr'>meliorem</span> 
     </span>
     <span class='ocr_line' id='line_1_5' title="bbox 220 324 1764 383; baseline 0 -15"><span class='ocrx_word' id='word_1_33' title='bbox 220 334 371 383; x_wconf 85' lang='lat' dir='ltr'>partem</span> <span class='ocrx_word' id='word_1_34' title='bbox 410 326 508 376; x_wconf 83' lang='lat' dir='ltr'>diei,</span> <span class='ocrx_word' id='word_1_35' title='bbox 554 331 601 367; x_wconf 91' lang='lat' dir='ltr'>ut</span> <span class='ocrx_word' id='word_1_36' title='bbox 637 339 753 366; x_wconf 84' lang='lat' dir='ltr'>mane</span> <span class='ocrx_word' id='word_1_37' title='bbox 794 338 942 365; x_wconf 76' lang='lat' dir='ltr'>novum</span> <span class='ocrx_word' id='word_1_38' title='bbox 989 324 1235 378; x_wconf 86' lang='lat' dir='ltr'>inspiciendo</span> <span class='ocrx_word' id='word_1_39' title='bbox 1272 339 1342 379; x_wconf 87' lang='lat' dir='ltr'>per</span> <span class='ocrx_word' id='word_1_40' title='bbox 1379 325 1558 366; x_wconf 80' lang='lat' dir='ltr'>ordinem</span> <span class='ocrx_word' id='word_1_41' title='bbox 1600 328 1764 368; x_wconf 79' lang='lat' dir='ltr'>carmini</span> 
     </span>
     <span class='ocr_line' id='line_1_6' title="bbox 220 381 1764 424; baseline 0.001 -1"><span class='ocrx_word' id='word_1_42' title='bbox 220 384 480 424; x_wconf 88' lang='lat' dir='ltr'>destinemus.</span> <span class='ocrx_word' id='word_1_43' title='bbox 547 382 662 423; x_wconf 91' lang='lat' dir='ltr'>Nunc</span> <span class='ocrx_word' id='word_1_44' title='bbox 706 381 802 422; x_wconf 85' lang='lat' dir='ltr'>hora</span> <span class='ocrx_word' id='word_1_45' title='bbox 849 393 922 420; x_wconf 90' lang='lat' dir='ltr'>nos</span> <span class='ocrx_word' id='word_1_46' title='bbox 965 385 1168 420; x_wconf 81' lang='lat' dir='ltr'>ammonet</span> <span class='ocrx_word' id='word_1_47' title='bbox 1214 385 1260 421; x_wconf 91' lang='lat' dir='ltr'>ut</span> <span class='ocrx_word' id='word_1_48' title='bbox 1305 381 1456 421; x_wconf 86' lang='lat' dir='ltr'>honore</span> <span class='ocrx_word' id='word_1_49' title='bbox 1496 387 1626 422; x_wconf 80' lang='lat' dir='ltr'>vestro</span> <span class='ocrx_word' id='word_1_50' title='bbox 1668 383 1764 424; x_wconf 84' lang='lat' dir='ltr'>haec</span> 
     </span>
     <span class='ocr_line' id='line_1_7' title="bbox 220 436 1764 493; baseline 0 -14"><span class='ocrx_word' id='word_1_51' title='bbox 220 453 357 480; x_wconf 87' lang='lat' dir='ltr'>mensa</span> <span class='ocrx_word' id='word_1_52' title='bbox 399 439 594 493; x_wconf 81' lang='lat' dir='ltr'>dignetur.</span> <span class='ocrx_word' id='word_1_53' title='bbox 665 437 743 478; x_wconf 88' lang='lat' dir='ltr'>Sed</span> <span class='ocrx_word' id='word_1_54' title='bbox 780 442 820 477; x_wconf 89' lang='lat' dir='ltr'>et</span> <span class='ocrx_word' id='word_1_55' title='bbox 856 436 1092 477; x_wconf 86' lang='lat' dir='ltr'>Eustathius</span> <span class='ocrx_word' id='word_1_56' title='bbox 1136 441 1175 476; x_wconf 89' lang='lat' dir='ltr'>et</span> <span class='ocrx_word' id='word_1_57' title='bbox 1213 441 1305 490; x_wconf 85' lang='lat' dir='ltr'>post</span> <span class='ocrx_word' id='word_1_58' title='bbox 1346 436 1452 477; x_wconf 89' lang='lat' dir='ltr'>hunc</span> <span class='ocrx_word' id='word_1_59' title='bbox 1497 438 1764 479; x_wconf 79' lang='lat' dir='ltr'>Nicomachus</span> 
     </span>
     <span class='ocr_line' id='line_1_8' title="bbox 220 491 1763 546; baseline -0.001 -10"><span class='ocrx_word' id='word_1_60' title='bbox 220 495 474 536; x_wconf 80' lang='lat' dir='ltr'>meminerint</span> <span class='ocrx_word' id='word_1_61' title='bbox 507 493 677 534; x_wconf 79' lang='lat' dir='ltr'>crastina</span> <span class='ocrx_word' id='word_1_62' title='bbox 714 491 992 533; x_wconf 83' lang='lat' dir='ltr'>dissertatione</span> <span class='ocrx_word' id='word_1_63' title='bbox 1032 492 1177 532; x_wconf 86' lang='lat' dir='ltr'>servari</span> <span class='ocrx_word' id='word_1_64' title='bbox 1219 491 1293 532; x_wconf 86' lang='lat' dir='ltr'>sihi</span> <span class='ocrx_word' id='word_1_65' title='bbox 1331 492 1550 546; x_wconf 85' lang='lat' dir='ltr'>anteloquii</span> <span class='ocrx_word' id='word_1_66' title='bbox 1594 492 1763 535; x_wconf 88' lang='lat' dir='ltr'>functio-</span> 
     </span>
    </p>

    <p class='ocr_par' dir='ltr' id='par_1_4' title="bbox 153 547 1768 815">
     <span class='ocr_line' id='line_1_9' title="bbox 153 547 1765 602; baseline -0.001 -10"><span class='ocrx_word' id='word_1_67' title='bbox 153 552 324 592; x_wconf 70' lang='lat' dir='ltr'>25nem.</span> <span class='ocrx_word' id='word_1_68' title='bbox 392 551 446 591; x_wconf 89' lang='lat' dir='ltr'>Et</span> <span class='ocrx_word' id='word_1_69' title='bbox 481 549 710 590; x_wconf 87' lang='lat' dir='ltr'>Flavianus:</span> <span class='ocrx_word' id='word_1_70' title='bbox 761 549 821 589; x_wconf 87' lang='lat' dir='ltr'>Ex</span> <span class='ocrx_word' id='word_1_71' title='bbox 855 547 995 602; x_wconf 88' lang='lat' dir='ltr'>placita</span> <span class='ocrx_word' id='word_1_72' title='bbox 1034 547 1111 588; x_wconf 90' lang='lat' dir='ltr'>iam</span> <span class='ocrx_word' id='word_1_73' title='bbox 1148 562 1217 589; x_wconf 79' lang='lat' dir='ltr'>vos</span> <span class='ocrx_word' id='word_1_74' title='bbox 1248 548 1332 601; x_wconf 81' lang='lat' dir='ltr'>lege</span> <span class='ocrx_word' id='word_1_75' title='bbox 1364 549 1579 597; x_wconf 85' lang='lat' dir='ltr'>convenio,</span> <span class='ocrx_word' id='word_1_76' title='bbox 1625 554 1671 589; x_wconf 88' lang='lat' dir='ltr'>ut</span> <span class='ocrx_word' id='word_1_77' title='bbox 1705 563 1765 590; x_wconf 86' lang='lat' dir='ltr'>se-</span> 
     </span>
     <span class='ocr_line' id='line_1_10' title="bbox 222 603 1765 661; baseline -0.001 -14"><span class='ocrx_word' id='word_1_78' title='bbox 222 606 360 661; x_wconf 85' lang='lat' dir='ltr'>quenti</span> <span class='ocrx_word' id='word_1_79' title='bbox 398 606 460 647; x_wconf 91' lang='lat' dir='ltr'>die</span> <span class='ocrx_word' id='word_1_80' title='bbox 492 606 665 645; x_wconf 87' lang='lat' dir='ltr'>Penates</span> <span class='ocrx_word' id='word_1_81' title='bbox 696 605 773 645; x_wconf 88' lang='lat' dir='ltr'>mei</span> <span class='ocrx_word' id='word_1_82' title='bbox 806 603 911 644; x_wconf 85' lang='lat' dir='ltr'>beari</span> <span class='ocrx_word' id='word_1_83' title='bbox 943 618 984 644; x_wconf 91' lang='lat' dir='ltr'>se</span> <span class='ocrx_word' id='word_1_84' title='bbox 1018 603 1117 644; x_wconf 85' lang='lat' dir='ltr'>tanti</span> <span class='ocrx_word' id='word_1_85' title='bbox 1155 608 1293 644; x_wconf 79' lang='lat' dir='ltr'>coetus</span> <span class='ocrx_word' id='word_1_86' title='bbox 1328 603 1500 658; x_wconf 86' lang='lat' dir='ltr'>hospitio</span> <span class='ocrx_word' id='word_1_87' title='bbox 1535 604 1765 659; x_wconf 77' lang='lat' dir='ltr'>glorientur.</span> 
     </span>
     <span class='ocr_line' id='line_1_11' title="bbox 224 659 1768 714; baseline -0.002 -11"><span class='ocrx_word' id='word_1_88' title='bbox 224 663 299 703; x_wconf 89' lang='lat' dir='ltr'>His</span> <span class='ocrx_word' id='word_1_89' title='bbox 328 677 417 703; x_wconf 87' lang='lat' dir='ltr'>cum</span> <span class='ocrx_word' id='word_1_90' title='bbox 451 675 590 703; x_wconf 87' lang='lat' dir='ltr'>omnes</span> <span class='ocrx_word' id='word_1_91' title='bbox 618 660 768 701; x_wconf 86' lang='lat' dir='ltr'>assensi</span> <span class='ocrx_word' id='word_1_92' title='bbox 796 664 940 708; x_wconf 85' lang='lat' dir='ltr'>essent,</span> <span class='ocrx_word' id='word_1_93' title='bbox 969 659 1016 699; x_wconf 92' lang='lat' dir='ltr'>ad</span> <span class='ocrx_word' id='word_1_94' title='bbox 1044 673 1222 709; x_wconf 82' lang='lat' dir='ltr'>coenam,</span> <span class='ocrx_word' id='word_1_95' title='bbox 1253 659 1329 700; x_wconf 86' lang='lat' dir='ltr'>alio</span> <span class='ocrx_word' id='word_1_96' title='bbox 1359 660 1464 700; x_wconf 86' lang='lat' dir='ltr'>aliud</span> <span class='ocrx_word' id='word_1_97' title='bbox 1498 660 1546 701; x_wconf 88' lang='lat' dir='ltr'>de</span> <span class='ocrx_word' id='word_1_98' title='bbox 1572 660 1633 700; x_wconf 90' lang='lat' dir='ltr'>his</span> <span class='ocrx_word' id='word_1_99' title='bbox 1665 674 1768 714; x_wconf 85' lang='lat' dir='ltr'>quae</span> 
     </span>
     <span class='ocr_line' id='line_1_12' title="bbox 223 715 1766 770; baseline -0.001 -12"><span class='ocrx_word' id='word_1_100' title='bbox 223 719 328 759; x_wconf 87' lang='lat' dir='ltr'>inter</span> <span class='ocrx_word' id='word_1_101' title='bbox 361 732 403 758; x_wconf 90' lang='lat' dir='ltr'>se</span> <span class='ocrx_word' id='word_1_102' title='bbox 432 717 685 758; x_wconf 80' lang='lat' dir='ltr'>contulerant</span> <span class='ocrx_word' id='word_1_103' title='bbox 713 715 991 756; x_wconf 79' lang='lat' dir='ltr'>reminiscente</span> <span class='ocrx_word' id='word_1_104' title='bbox 1022 716 1369 770; x_wconf 83' lang='lat' dir='ltr'>adprobanteque‚</span> <span class='ocrx_word' id='word_1_105' title='bbox 1405 730 1493 757; x_wconf 85' lang='lat' dir='ltr'>cum</span> <span class='ocrx_word' id='word_1_106' title='bbox 1520 730 1661 770; x_wconf 81' lang='lat' dir='ltr'>magna</span> <span class='ocrx_word' id='word_1_107' title='bbox 1689 716 1766 757; x_wconf 87' lang='lat' dir='ltr'>ala-</span> 
     </span>
     <span class='ocr_line' id='line_1_13' title="bbox 224 773 834 815; baseline -0.005 -1"><span class='ocrx_word' id='word_1_108' title='bbox 224 774 362 815; x_wconf 87' lang='lat' dir='ltr'>critato</span> <span class='ocrx_word' id='word_1_109' title='bbox 392 773 511 814; x_wconf 89' lang='lat' dir='ltr'>animi</span> <span class='ocrx_word' id='word_1_110' title='bbox 541 777 834 813; x_wconf 87' lang='lat' dir='ltr'>concesserunt.</span> 
     </span>
    </p>
   </div>
   <div class='ocr_carea' id='block_1_3' title="bbox 312 883 608 927">
    <p class='ocr_par' dir='ltr' id='par_1_5' title="bbox 312 883 608 927">
     <span class='ocr_line' id='line_1_14' title="bbox 312 883 608 927; baseline -0.003 -10"><span class='ocrx_word' id='word_1_111' title='bbox 312 885 414 927; x_wconf 78' lang='lat' dir='ltr'>[Mss.</span> <span class='ocrx_word' id='word_1_112' title='bbox 443 883 608 917; x_wconf 82' lang='lat' dir='ltr'>ABGPS.</span> 
     </span>
    </p>
   </div>
   <div class='ocr_carea' id='block_1_4' title="bbox 218 936 1766 1199">
    <p class='ocr_par' dir='ltr' id='par_1_6' title="bbox 218 936 1766 1199">
     <span class='ocr_line' id='line_1_15' title="bbox 218 936 1763 982; baseline -0.003 -11"><span class='ocrx_word' id='word_1_113' title='bbox 218 941 336 982; x_wconf 82' lang='lat' dir='ltr'>patris</span> <span class='ocrx_word' id='word_1_114' title='bbox 355 940 519 980; x_wconf 75' lang='lat' dir='ltr'>familias</span> <span class='ocrx_word' id='word_1_115' title='bbox 544 949 622 980; x_wconf 65' lang='lat' dir='ltr'>v-g.</span> <span class='ocrx_word' id='word_1_116' title='bbox 651 955 691 962; x_wconf 92' lang='lat'><em>-</em></span> <span class='ocrx_word' id='word_1_117' title='bbox 720 942 881 970; x_wconf 80' lang='lat' dir='ltr'>vocatur</span> <span class='ocrx_word' id='word_1_118' title='bbox 912 937 1008 978; x_wconf 84' lang='lat' dir='ltr'>(sup.</span> <span class='ocrx_word' id='word_1_119' title='bbox 1034 939 1129 973; x_wconf 81' lang='grc' dir='ltr'>που.)</span> <span class='ocrx_word' id='word_1_120' title='bbox 1157 936 1200 969; x_wconf 83' lang='lat' dir='ltr'>G.</span> <span class='ocrx_word' id='word_1_121' title='bbox 1225 955 1268 959; x_wconf 97' lang='lat'><strong>—</strong></span> <span class='ocrx_word' id='word_1_122' title='bbox 1300 936 1460 968; x_wconf 81' lang='lat' dir='ltr'>Insinuat</span> <span class='ocrx_word' id='word_1_123' title='bbox 1487 946 1593 979; x_wconf 82' lang='lat' dir='ltr'>ergo</span> <span class='ocrx_word' id='word_1_124' title='bbox 1618 947 1695 978; x_wconf 78' lang='lat' dir='ltr'>v-g.</span> <span class='ocrx_word' id='word_1_125' title='bbox 1728 954 1763 959; x_wconf 95' lang='lat'>--</span> 
     </span>
     <span class='ocr_line' id='line_1_16' title="bbox 222 980 1761 1024; baseline -0.003 -9"><span class='ocrx_word' id='word_1_126' title='bbox 222 985 354 1024; x_wconf 79' lang='lat' dir='ltr'>famuli</span> <span class='ocrx_word' id='word_1_127' title='bbox 383 985 443 1017; x_wconf 87' lang='lat' dir='ltr'>tui</span> <span class='ocrx_word' id='word_1_128' title='bbox 472 984 509 1016; x_wconf 89' lang='lat' dir='ltr'>S.</span> <span class='ocrx_word' id='word_1_129' title='bbox 550 983 689 1024; x_wconf 85' lang='lat' dir='ltr'>famuli</span> <span class='ocrx_word' id='word_1_130' title='bbox 718 984 779 1014; x_wconf 81' lang='lat' dir='ltr'>cui</span> <span class='ocrx_word' id='word_1_131' title='bbox 806 985 858 1014; x_wconf 77' lang='lat' dir='ltr'>vl.</span> <span class='ocrx_word' id='word_1_132' title='bbox 907 981 1082 1022; x_wconf 83' lang='lat' dir='ltr'>famulitii</span> <span class='ocrx_word' id='word_1_133' title='bbox 1111 982 1178 1012; x_wconf 85' lang='lat' dir='ltr'>cui</span> <span class='ocrx_word' id='word_1_134' title='bbox 1205 980 1309 1012; x_wconf 79' lang='lat' dir='ltr'>v3ch.</span> <span class='ocrx_word' id='word_1_135' title='bbox 1437 982 1492 1012; x_wconf 75' lang='lat'>24.</span> <span class='ocrx_word' id='word_1_136' title='bbox 1533 981 1761 1012; x_wconf 80' lang='lat' dir='ltr'>reservandus</span> 
     </span>
     <span class='ocr_line' id='line_1_17' title="bbox 220 1024 1761 1071; baseline -0.002 -12"><span class='ocrx_word' id='word_1_137' title='bbox 220 1039 322 1071; x_wconf 80' lang='lat' dir='ltr'>ergo</span> <span class='ocrx_word' id='word_1_138' title='bbox 348 1039 427 1069; x_wconf 79' lang='lat' dir='ltr'>v-g.</span> <span class='ocrx_word' id='word_1_139' title='bbox 460 1046 499 1051; x_wconf 93' lang='lat'>—-</span> <span class='ocrx_word' id='word_1_140' title='bbox 525 1033 563 1060; x_wconf 87' lang='lat' dir='ltr'>et</span> <span class='ocrx_word' id='word_1_141' title='bbox 586 1038 702 1059; x_wconf 84' lang='lat' dir='ltr'>mensa</span> <span class='ocrx_word' id='word_1_142' title='bbox 727 1027 755 1058; x_wconf 87' lang='lat' dir='ltr'>B</span> <span class='ocrx_word' id='word_1_143' title='bbox 781 1037 801 1058; x_wconf 86' lang='lat' dir='ltr'>a</span> <span class='ocrx_word' id='word_1_144' title='bbox 825 1039 856 1068; x_wconf 90' lang='lat' dir='ltr'>p.</span> <span class='ocrx_word' id='word_1_145' title='bbox 883 1037 953 1063; x_wconf 81' lang='lat' dir='ltr'>m.;</span> <span class='ocrx_word' id='word_1_146' title='bbox 978 1025 1020 1056; x_wconf 91' lang='lat' dir='ltr'>G.</span> <span class='ocrx_word' id='word_1_147' title='bbox 1047 1042 1087 1047; x_wconf 91' lang='lat'>—</span> <span class='ocrx_word' id='word_1_148' title='bbox 1117 1026 1186 1056; x_wconf 77' lang='lat' dir='ltr'>Sed</span> <span class='ocrx_word' id='word_1_149' title='bbox 1211 1024 1439 1057; x_wconf 82' lang='lat' dir='ltr'>Eustachius</span> <span class='ocrx_word' id='word_1_150' title='bbox 1463 1028 1552 1062; x_wconf 88' lang='lat' dir='ltr'>(om.</span> <span class='ocrx_word' id='word_1_151' title='bbox 1578 1028 1627 1062; x_wconf 86' lang='lat' dir='ltr'>et)</span> <span class='ocrx_word' id='word_1_152' title='bbox 1653 1025 1680 1056; x_wconf 86' lang='lat' dir='ltr'><strong>A</strong></span> <span class='ocrx_word' id='word_1_153' title='bbox 1708 1025 1761 1065; x_wconf 75' lang='lat' dir='ltr'>(G</span> 
     </span>
     <span class='ocr_line' id='line_1_18' title="bbox 223 1068 1762 1110; baseline -0.003 -6"><span class='ocrx_word' id='word_1_154' title='bbox 223 1073 371 1110; x_wconf 80' lang='lat' dir='ltr'>..cius].</span> <span class='ocrx_word' id='word_1_155' title='bbox 397 1090 438 1096; x_wconf 87' lang='lat'><strong>—</strong></span> <span class='ocrx_word' id='word_1_156' title='bbox 467 1072 694 1104; x_wconf 78' lang='lat' dir='ltr'>Nicomachus</span> <span class='ocrx_word' id='word_1_157' title='bbox 712 1071 876 1110; x_wconf 64' lang='lat' dir='ltr'>Sv-gbl’.</span> <span class='ocrx_word' id='word_1_158' title='bbox 900 1070 994 1110; x_wconf 62' lang='lat' dir='ltr'>„Ms</span> <span class='ocrx_word' id='word_1_159' title='bbox 1021 1074 1056 1100; x_wconf 86' lang='lat' dir='ltr'>et</span> <span class='ocrx_word' id='word_1_160' title='bbox 1079 1069 1169 1100; x_wconf 77' lang='lat' dir='ltr'>editi</span> <span class='ocrx_word' id='word_1_161' title='bbox 1194 1080 1320 1100; x_wconf 80' lang='lat' dir='ltr'>ornnes</span> <span class='ocrx_word' id='word_1_162' title='bbox 1345 1068 1493 1110; x_wconf 83' lang='lat' dir='ltr'>pariter.</span> <span class='ocrx_word' id='word_1_163' title='bbox 1522 1068 1762 1100; x_wconf 82' lang='lat' dir='ltr'>Rectissime:</span> 
     </span>
     <span class='ocr_line' id='line_1_19' title="bbox 221 1113 1766 1155; baseline -0.002 -7"><span class='ocrx_word' id='word_1_164' title='bbox 221 1117 256 1148; x_wconf 89' lang='lat' dir='ltr'>id</span> <span class='ocrx_word' id='word_1_165' title='bbox 283 1117 379 1148; x_wconf 86' lang='lat' dir='ltr'>enim</span> <span class='ocrx_word' id='word_1_166' title='bbox 409 1116 478 1148; x_wconf 82' lang='lat' dir='ltr'>suit</span> <span class='ocrx_word' id='word_1_167' title='bbox 505 1127 633 1148; x_wconf 86' lang='lat' dir='ltr'>nomen</span> <span class='ocrx_word' id='word_1_168' title='bbox 661 1115 869 1147; x_wconf 74' lang='lat' dir='ltr'>Flaviani.“</span> <span class='ocrx_word' id='word_1_169' title='bbox 900 1114 1011 1145; x_wconf 83' lang='lat' dir='ltr'>Gron.</span> <span class='ocrx_word' id='word_1_170' title='bbox 1071 1114 1328 1145; x_wconf 75' lang='lat' dir='ltr'>nichomachus</span> <span class='ocrx_word' id='word_1_171' title='bbox 1356 1113 1465 1145; x_wconf 75' lang='lat' dir='ltr'>ABG.</span> <span class='ocrx_word' id='word_1_172' title='bbox 1520 1114 1766 1155; x_wconf 80' lang='lat' dir='ltr'>Symmachus</span> 
     </span>
     <span class='ocr_line' id='line_1_20' title="bbox 226 1158 1276 1199; baseline -0.004 -7"><span class='ocrx_word' id='word_1_173' title='bbox 226 1172 295 1192; x_wconf 85' lang='lat' dir='ltr'>s-z.</span> <span class='ocrx_word' id='word_1_174' title='bbox 425 1164 479 1192; x_wconf 77' lang='lat'>25.</span> <span class='ocrx_word' id='word_1_175' title='bbox 525 1161 634 1192; x_wconf 81' lang='lat' dir='ltr'>animi</span> <span class='ocrx_word' id='word_1_176' title='bbox 653 1171 723 1191; x_wconf 82' lang='grc' dir='ltr'><strong>υιιι.</strong></span> <span class='ocrx_word' id='word_1_177' title='bbox 745 1160 839 1199; x_wconf 73' lang='lat'>„13·².</span> <span class='ocrx_word' id='word_1_178' title='bbox 865 1177 908 1183; x_wconf 93' lang='lat'>—</span> <span class='ocrx_word' id='word_1_179' title='bbox 931 1159 1173 1190; x_wconf 80' lang='lat' dir='ltr'>discesserunt</span> <span class='ocrx_word' id='word_1_180' title='bbox 1202 1158 1276 1189; x_wconf 68' lang='lat' dir='ltr'>Me.</span> 
     </span>
    </p>
   </div>
   <div class='ocr_carea' id='block_1_5' title="bbox 216 1212 1769 1788">
    <p class='ocr_par' dir='ltr' id='par_1_7' title="bbox 216 1212 1769 1788">
     <span class='ocr_line' id='line_1_21' title="bbox 312 1212 1767 1254; baseline -0.001 -8"><span class='ocrx_word' id='word_1_181' title='bbox 312 1215 480 1247; x_wconf 85' lang='lat' dir='ltr'>Macrobii</span> <span class='ocrx_word' id='word_1_182' title='bbox 506 1215 677 1246; x_wconf 75' lang='lat' dir='ltr'>Ambrosii</span> <span class='ocrx_word' id='word_1_183' title='bbox 707 1213 890 1246; x_wconf 76' lang='lat' dir='ltr'>Theodosii</span> <span class='ocrx_word' id='word_1_184' title='bbox 924 1213 992 1244; x_wconf 82' lang='lat' dir='ltr'>viri</span> <span class='ocrx_word' id='word_1_185' title='bbox 1025 1212 1172 1244; x_wconf 81' lang='lat' dir='ltr'>illustris</span> <span class='ocrx_word' id='word_1_186' title='bbox 1206 1212 1488 1244; x_wconf 81' lang='lat' dir='ltr'>Saturnaliorum</span> <span class='ocrx_word' id='word_1_187' title='bbox 1520 1212 1605 1243; x_wconf 81' lang='lat' dir='ltr'>liber</span> <span class='ocrx_word' id='word_1_188' title='bbox 1632 1212 1767 1254; x_wconf 80' lang='lat' dir='ltr'>primus</span> 
     </span>
     <span class='ocr_line' id='line_1_22' title="bbox 224 1256 1766 1301; baseline -0.001 -12"><span class='ocrx_word' id='word_1_189' title='bbox 224 1259 361 1301; x_wconf 66' lang='lat' dir='ltr'>explicit</span> <span class='ocrx_word' id='word_1_190' title='bbox 381 1260 547 1300; x_wconf 77' lang='lat' dir='ltr'>feliciter.</span> <span class='ocrx_word' id='word_1_191' title='bbox 580 1259 651 1289; x_wconf 71' lang='grc' dir='ltr'>ΜΒ.</span> <span class='ocrx_word' id='word_1_192' title='bbox 718 1258 886 1289; x_wconf 73' lang='lat' dir='ltr'>Macrobii</span> <span class='ocrx_word' id='word_1_193' title='bbox 916 1257 1100 1288; x_wconf 81' lang='lat' dir='ltr'>Theodosii</span> <span class='ocrx_word' id='word_1_194' title='bbox 1132 1257 1200 1287; x_wconf 83' lang='lat' dir='ltr'>viri</span> <span class='ocrx_word' id='word_1_195' title='bbox 1229 1257 1458 1288; x_wconf 77' lang='lat' dir='ltr'>illustrissimi</span> <span class='ocrx_word' id='word_1_196' title='bbox 1486 1256 1766 1288; x_wconf 70' lang='lat' dir='ltr'>Saturnaliorum</span> 
     </span>
     <span class='ocr_line' id='line_1_23' title="bbox 220 1301 1766 1346; baseline -0.001 -12"><span class='ocrx_word' id='word_1_197' title='bbox 220 1304 304 1335; x_wconf 81' lang='lat' dir='ltr'>liber</span> <span class='ocrx_word' id='word_1_198' title='bbox 325 1305 458 1346; x_wconf 79' lang='lat' dir='ltr'>primus</span> <span class='ocrx_word' id='word_1_199' title='bbox 482 1304 621 1346; x_wconf 67' lang='lat' dir='ltr'>explicit</span> <span class='ocrx_word' id='word_1_200' title='bbox 639 1302 805 1344; x_wconf 80' lang='lat' dir='ltr'>feliciter.</span> <span class='ocrx_word' id='word_1_201' title='bbox 841 1302 910 1333; x_wconf 78' lang='lat' dir='ltr'>Mi.</span> <span class='ocrx_word' id='word_1_202' title='bbox 971 1301 1138 1333; x_wconf 80' lang='lat' dir='ltr'>Macrobii</span> <span class='ocrx_word' id='word_1_203' title='bbox 1169 1301 1354 1332; x_wconf 75' lang='lat' dir='ltr'>Theodosii</span> <span class='ocrx_word' id='word_1_204' title='bbox 1376 1301 1444 1331; x_wconf 85' lang='lat' dir='ltr'>viri</span> <span class='ocrx_word' id='word_1_205' title='bbox 1467 1301 1612 1332; x_wconf 81' lang='lat' dir='ltr'>illustris</span> <span class='ocrx_word' id='word_1_206' title='bbox 1639 1302 1766 1332; x_wconf 79' lang='lat' dir='ltr'>Satur-</span> 
     </span>
     <span class='ocr_line' id='line_1_24' title="bbox 216 1345 1768 1390; baseline -0.002 -11"><span class='ocrx_word' id='word_1_207' title='bbox 216 1349 390 1379; x_wconf 83' lang='lat' dir='ltr'>naliorum</span> <span class='ocrx_word' id='word_1_208' title='bbox 424 1348 508 1379; x_wconf 87' lang='lat' dir='ltr'>liber</span> <span class='ocrx_word' id='word_1_209' title='bbox 537 1348 671 1390; x_wconf 84' lang='lat' dir='ltr'>primus</span> <span class='ocrx_word' id='word_1_210' title='bbox 704 1346 856 1389; x_wconf 75' lang='lat' dir='ltr'>explicit.</span> <span class='ocrx_word' id='word_1_211' title='bbox 892 1345 953 1377; x_wconf 77' lang='lat'>[²6.</span> <span class='ocrx_word' id='word_1_212' title='bbox 1014 1345 1182 1376; x_wconf 78' lang='lat' dir='ltr'>Macrobii</span> <span class='ocrx_word' id='word_1_213' title='bbox 1210 1345 1492 1376; x_wconf 81' lang='lat' dir='ltr'>Saturnaliorum</span> <span class='ocrx_word' id='word_1_214' title='bbox 1525 1345 1609 1376; x_wconf 84' lang='lat' dir='ltr'>liber</span> <span class='ocrx_word' id='word_1_215' title='bbox 1634 1345 1768 1386; x_wconf 86' lang='lat' dir='ltr'>primus</span> 
     </span>
     <span class='ocr_line' id='line_1_25' title="bbox 218 1388 1766 1434; baseline -0.002 -11"><span class='ocrx_word' id='word_1_216' title='bbox 218 1393 371 1434; x_wconf 72' lang='lat' dir='ltr'>crplicit·</span> <span class='ocrx_word' id='word_1_217' title='bbox 402 1393 527 1434; x_wconf 81' lang='lat' dir='ltr'>Incipit</span> <span class='ocrx_word' id='word_1_218' title='bbox 552 1391 731 1423; x_wconf 77' lang='lat' dir='ltr'>secundus.</span> <span class='ocrx_word' id='word_1_219' title='bbox 758 1391 828 1422; x_wconf 65' lang='lat' dir='ltr'>Me.</span> <span class='ocrx_word' id='word_1_220' title='bbox 887 1389 1042 1432; x_wconf 68' lang='lat' dir='ltr'>Explicit</span> <span class='ocrx_word' id='word_1_221' title='bbox 1067 1390 1150 1420; x_wconf 82' lang='lat' dir='ltr'>liber</span> <span class='ocrx_word' id='word_1_222' title='bbox 1173 1389 1199 1420; x_wconf 85' lang='grc' dir='ltr'>Ι.</span> <span class='ocrx_word' id='word_1_223' title='bbox 1237 1389 1532 1421; x_wconf 81' lang='lat' dir='ltr'>Saturnaliorum.</span> <span class='ocrx_word' id='word_1_224' title='bbox 1567 1388 1689 1430; x_wconf 78' lang='lat' dir='ltr'>incipit</span> <span class='ocrx_word' id='word_1_225' title='bbox 1713 1400 1766 1420; x_wconf 84' lang='lat' dir='ltr'>se-</span> 
     </span>
     <span class='ocr_line' id='line_1_26' title="bbox 218 1432 1768 1477; baseline -0.003 -10"><span class='ocrx_word' id='word_1_226' title='bbox 218 1437 361 1467; x_wconf 80' lang='lat' dir='ltr'>cundus.</span> <span class='ocrx_word' id='word_1_227' title='bbox 389 1436 428 1468; x_wconf 87' lang='lat' dir='ltr'>P.</span> <span class='ocrx_word' id='word_1_228' title='bbox 492 1436 643 1477; x_wconf 76' lang='lat' dir='ltr'>Explicit</span> <span class='ocrx_word' id='word_1_229' title='bbox 674 1436 758 1467; x_wconf 86' lang='lat' dir='ltr'>liber</span> <span class='ocrx_word' id='word_1_230' title='bbox 790 1434 933 1477; x_wconf 79' lang='lat' dir='ltr'>primus.</span> <span class='ocrx_word' id='word_1_231' title='bbox 969 1433 1090 1475; x_wconf 79' lang='lat' dir='ltr'>incipit</span> <span class='ocrx_word' id='word_1_232' title='bbox 1125 1433 1209 1464; x_wconf 82' lang='lat' dir='ltr'>liber</span> <span class='ocrx_word' id='word_1_233' title='bbox 1239 1433 1419 1464; x_wconf 76' lang='lat' dir='ltr'>secundus.</span> <span class='ocrx_word' id='word_1_234' title='bbox 1448 1433 1510 1464; x_wconf 93' lang='lat' dir='ltr'>P7.</span> <span class='ocrx_word' id='word_1_235' title='bbox 1566 1432 1768 1473; x_wconf 77' lang='lat' dir='ltr'>Pleraeque</span> 
     </span>
     <span class='ocr_line' id='line_1_27' title="bbox 218 1476 1768 1521; baseline -0.002 -10"><span class='ocrx_word' id='word_1_236' title='bbox 218 1480 402 1511; x_wconf 78' lang='lat' dir='ltr'>editiones</span> <span class='ocrx_word' id='word_1_237' title='bbox 435 1480 707 1521; x_wconf 83' lang='lat' dir='ltr'>subscriptione</span> <span class='ocrx_word' id='word_1_238' title='bbox 739 1483 873 1510; x_wconf 81' lang='lat' dir='ltr'>carent.</span> <span class='ocrx_word' id='word_1_239' title='bbox 918 1478 956 1509; x_wconf 93' lang='lat' dir='ltr'>ln</span> <span class='ocrx_word' id='word_1_240' title='bbox 984 1477 1057 1518; x_wconf 81' lang='lat' dir='ltr'>chg</span> <span class='ocrx_word' id='word_1_241' title='bbox 1083 1476 1221 1518; x_wconf 73' lang='lat' dir='ltr'>legitur</span> <span class='ocrx_word' id='word_1_242' title='bbox 1252 1478 1349 1508; x_wconf 83' lang='lat' dir='ltr'>Finis</span> <span class='ocrx_word' id='word_1_243' title='bbox 1373 1477 1452 1508; x_wconf 83' lang='lat' dir='ltr'>libri</span> <span class='ocrx_word' id='word_1_244' title='bbox 1472 1476 1577 1519; x_wconf 82' lang='lat' dir='ltr'>primi</span> <span class='ocrx_word' id='word_1_245' title='bbox 1601 1480 1636 1508; x_wconf 88' lang='lat' dir='ltr'>et</span> <span class='ocrx_word' id='word_1_246' title='bbox 1660 1487 1768 1518; x_wconf 87' lang='lat' dir='ltr'>prae-</span> 
     </span>
     <span class='ocr_line' id='line_1_28' title="bbox 220 1520 1766 1563; baseline -0.003 -7"><span class='ocrx_word' id='word_1_247' title='bbox 220 1530 322 1556; x_wconf 80' lang='lat' dir='ltr'>terea</span> <span class='ocrx_word' id='word_1_248' title='bbox 347 1525 440 1555; x_wconf 86' lang='lat' dir='ltr'>hacc</span> <span class='ocrx_word' id='word_1_249' title='bbox 464 1524 615 1555; x_wconf 84' lang='lat' dir='ltr'>Arnoldi</span> <span class='ocrx_word' id='word_1_250' title='bbox 642 1524 759 1555; x_wconf 65' lang='lat' dir='ltr'>Vesal.</span> <span class='ocrx_word' id='word_1_251' title='bbox 785 1523 914 1554; x_wconf 74' lang='lat' dir='ltr'>verba:</span> <span class='ocrx_word' id='word_1_252' title='bbox 948 1521 1103 1561; x_wconf 65' lang='lat' dir='ltr'>„Facile</span> <span class='ocrx_word' id='word_1_253' title='bbox 1132 1525 1176 1563; x_wconf 80' lang='lat' dir='ltr'>(g</span> <span class='ocrx_word' id='word_1_254' title='bbox 1199 1521 1300 1552; x_wconf 85' lang='lat' dir='ltr'>add.:</span> <span class='ocrx_word' id='word_1_255' title='bbox 1326 1520 1470 1562; x_wconf 87' lang='lat' dir='ltr'>„inquit</span> <span class='ocrx_word' id='word_1_256' title='bbox 1494 1520 1766 1559; x_wconf 67' lang='lat' dir='ltr'>Vesaliensis“)</span> 
     </span>
     <span class='ocr_line' id='line_1_29' title="bbox 219 1565 1766 1610; baseline -0.003 -10"><span class='ocrx_word' id='word_1_257' title='bbox 219 1569 281 1600; x_wconf 81' lang='lat' dir='ltr'>bic</span> <span class='ocrx_word' id='word_1_258' title='bbox 312 1568 422 1610; x_wconf 88' lang='lat' dir='ltr'>primi</span> <span class='ocrx_word' id='word_1_259' title='bbox 454 1569 540 1600; x_wconf 84' lang='lat' dir='ltr'>libri</span> <span class='ocrx_word' id='word_1_260' title='bbox 568 1568 652 1600; x_wconf 86' lang='lat' dir='ltr'>finis</span> <span class='ocrx_word' id='word_1_261' title='bbox 683 1567 862 1606; x_wconf 64' lang='lat' dir='ltr'>ostendit,</span> <span class='ocrx_word' id='word_1_262' title='bbox 903 1577 1008 1607; x_wconf 86' lang='lat' dir='ltr'>quam</span> <span class='ocrx_word' id='word_1_263' title='bbox 1035 1566 1149 1597; x_wconf 86' lang='lat' dir='ltr'>multa</span> <span class='ocrx_word' id='word_1_264' title='bbox 1172 1566 1207 1596; x_wconf 91' lang='lat' dir='ltr'>iu</span> <span class='ocrx_word' id='word_1_265' title='bbox 1232 1565 1470 1606; x_wconf 87' lang='lat' dir='ltr'>sequentibus</span> <span class='ocrx_word' id='word_1_266' title='bbox 1502 1565 1766 1596; x_wconf 81' lang='lat' dir='ltr'>desiderentur.</span> 
     </span>
     <span class='ocr_line' id='line_1_30' title="bbox 220 1608 1768 1655; baseline -0.003 -10"><span class='ocrx_word' id='word_1_267' title='bbox 220 1614 341 1655; x_wconf 78' lang='lat' dir='ltr'>Quota</span> <span class='ocrx_word' id='word_1_268' title='bbox 373 1612 468 1644; x_wconf 87' lang='lat' dir='ltr'>enim</span> <span class='ocrx_word' id='word_1_269' title='bbox 495 1624 581 1655; x_wconf 85' lang='lat' dir='ltr'>pars</span> <span class='ocrx_word' id='word_1_270' title='bbox 607 1613 650 1643; x_wconf 92' lang='lat' dir='ltr'>de</span> <span class='ocrx_word' id='word_1_271' title='bbox 676 1611 874 1643; x_wconf 76' lang='lat' dir='ltr'>rhetoricis</span> <span class='ocrx_word' id='word_1_272' title='bbox 898 1609 1218 1642; x_wconf 80' lang='lat' dir='ltr'>observationibus</span> <span class='ocrx_word' id='word_1_273' title='bbox 1249 1608 1374 1641; x_wconf 70' lang='lat' dir='ltr'>extat?</span> <span class='ocrx_word' id='word_1_274' title='bbox 1426 1609 1497 1640; x_wconf 87' lang='lat' dir='ltr'>Ubi</span> <span class='ocrx_word' id='word_1_275' title='bbox 1531 1609 1575 1640; x_wconf 85' lang='lat' dir='ltr'>de</span> <span class='ocrx_word' id='word_1_276' title='bbox 1610 1608 1768 1641; x_wconf 82' lang='lat' dir='ltr'>scientia.</span> 
     </span>
     <span class='ocr_line' id='line_1_31' title="bbox 219 1653 1768 1698; baseline -0.003 -9"><span class='ocrx_word' id='word_1_277' title='bbox 219 1657 413 1698; x_wconf 71' lang='lat' dir='ltr'>auguralis</span> <span class='ocrx_word' id='word_1_278' title='bbox 436 1658 514 1690; x_wconf 84' lang='lat' dir='ltr'>ulla</span> <span class='ocrx_word' id='word_1_279' title='bbox 539 1657 580 1688; x_wconf 86' lang='lat' dir='ltr'>fit</span> <span class='ocrx_word' id='word_1_280' title='bbox 603 1656 768 1688; x_wconf 58' lang='lat' dir='ltr'>mentio&#39;?</span> <span class='ocrx_word' id='word_1_281' title='bbox 816 1656 862 1687; x_wconf 87' lang='lat' dir='ltr'>Ut</span> <span class='ocrx_word' id='word_1_282' title='bbox 886 1667 930 1686; x_wconf 84' lang='lat' dir='ltr'>ne</span> <span class='ocrx_word' id='word_1_283' title='bbox 956 1655 1074 1686; x_wconf 82' lang='lat' dir='ltr'>dicam</span> <span class='ocrx_word' id='word_1_284' title='bbox 1106 1653 1272 1693; x_wconf 75' lang='lat' dir='ltr'>interim,</span> <span class='ocrx_word' id='word_1_285' title='bbox 1310 1664 1417 1695; x_wconf 84' lang='lat' dir='ltr'>quam</span> <span class='ocrx_word' id='word_1_286' title='bbox 1445 1653 1560 1685; x_wconf 83' lang='lat' dir='ltr'>multa</span> <span class='ocrx_word' id='word_1_287' title='bbox 1586 1653 1707 1685; x_wconf 84' lang='lat' dir='ltr'>desint</span> <span class='ocrx_word' id='word_1_288' title='bbox 1732 1657 1768 1685; x_wconf 83' lang='lat' dir='ltr'>et</span> 
     </span>
     <span class='ocr_line' id='line_1_32' title="bbox 221 1697 1769 1743; baseline -0.003 -10"><span class='ocrx_word' id='word_1_289' title='bbox 221 1703 465 1743; x_wconf 72' lang='lat' dir='ltr'>reliquorum,</span> <span class='ocrx_word' id='word_1_290' title='bbox 502 1712 608 1743; x_wconf 82' lang='lat' dir='ltr'>qnam</span> <span class='ocrx_word' id='word_1_291' title='bbox 633 1701 786 1733; x_wconf 77' lang='lat' dir='ltr'>confusa</span> <span class='ocrx_word' id='word_1_292' title='bbox 813 1699 935 1732; x_wconf 77' lang='lat' dir='ltr'>omnia</span> <span class='ocrx_word' id='word_1_293' title='bbox 960 1699 1053 1739; x_wconf 71' lang='lat' dir='ltr'>sint,</span> <span class='ocrx_word' id='word_1_294' title='bbox 1085 1698 1137 1731; x_wconf 87' lang='lat' dir='ltr'>uti</span> <span class='ocrx_word' id='word_1_295' title='bbox 1163 1698 1239 1730; x_wconf 82' lang='lat' dir='ltr'>suis</span> <span class='ocrx_word' id='word_1_296' title='bbox 1262 1698 1354 1730; x_wconf 89' lang='lat' dir='ltr'>locis</span> <span class='ocrx_word' id='word_1_297' title='bbox 1379 1709 1504 1730; x_wconf 82' lang='lat' dir='ltr'>sumus</span> <span class='ocrx_word' id='word_1_298' title='bbox 1528 1697 1769 1730; x_wconf 82' lang='lat' dir='ltr'>indicaturi.“</span> 
     </span>
     <span class='ocr_line' id='line_1_33' title="bbox 220 1744 851 1788; baseline -0.003 -10"><span class='ocrx_word' id='word_1_299' title='bbox 220 1749 259 1778; x_wconf 90' lang='lat' dir='ltr'>lu</span> <span class='ocrx_word' id='word_1_300' title='bbox 283 1758 299 1778; x_wconf 93' lang='lat' dir='ltr'>s</span> <span class='ocrx_word' id='word_1_301' title='bbox 323 1745 532 1788; x_wconf 81' lang='lat' dir='ltr'>quindecim</span> <span class='ocrx_word' id='word_1_302' title='bbox 559 1749 643 1779; x_wconf 85' lang='lat' dir='ltr'>sunt</span> <span class='ocrx_word' id='word_1_303' title='bbox 670 1744 851 1779; x_wconf 85' lang='lat' dir='ltr'>asterisci.</span> 
     </span>
    </p>
   </div>
   <div class='ocr_carea' id='block_1_6' title="bbox 220 1854 965 2827">
    <p class='ocr_par' dir='ltr' id='par_1_8' title="bbox 220 1854 957 1932">
     <span class='ocr_line' id='line_1_34' title="bbox 220 1854 957 1889; baseline -0.001 -2"><span class='ocrx_word' id='word_1_304' title='bbox 220 1858 275 1887; x_wconf 85' lang='lat'>22.</span> <span class='ocrx_word' id='word_1_305' title='bbox 311 1867 396 1888; x_wconf 79' lang='lat' dir='ltr'>cum</span> <span class='ocrx_word' id='word_1_306' title='bbox 433 1856 540 1889; x_wconf 81' lang='lat' dir='ltr'>servis</span> <span class='ocrx_word' id='word_1_307' title='bbox 575 1855 663 1888; x_wconf 83' lang='lat' dir='ltr'>vesci</span> <span class='ocrx_word' id='word_1_308' title='bbox 695 1854 865 1888; x_wconf 80' lang='lat' dir='ltr'>dicuntur</span> <span class='ocrx_word' id='word_1_309' title='bbox 897 1855 957 1886; x_wconf 84' lang='lat' dir='ltr'>do-</span> 
     </span>
     <span class='ocr_line' id='line_1_35' title="bbox 221 1912 316 1932; baseline -0.011 0"><span class='ocrx_word' id='word_1_310' title='bbox 221 1912 316 1932; x_wconf 78' lang='lat' dir='ltr'>nuni.</span> 
     </span>
    </p>

    <p class='ocr_par' dir='ltr' id='par_1_9' title="bbox 222 1941 959 2073">
     <span class='ocr_line' id='line_1_36' title="bbox 264 1941 957 1986; baseline -0.003 -11"><span class='ocrx_word' id='word_1_311' title='bbox 264 1947 318 1975; x_wconf 80' lang='lat'>23.</span> <span class='ocrx_word' id='word_1_312' title='bbox 369 1944 431 1986; x_wconf 80' lang='lat' dir='ltr'>ita]</span> <span class='ocrx_word' id='word_1_313' title='bbox 455 1943 491 1975; x_wconf 87' lang='lat' dir='ltr'>b.</span> <span class='ocrx_word' id='word_1_314' title='bbox 514 1944 537 1975; x_wconf 93' lang='lat' dir='ltr'>l.</span> <span class='ocrx_word' id='word_1_315' title='bbox 565 1943 661 1975; x_wconf 89' lang='lat' dir='ltr'>idem</span> <span class='ocrx_word' id='word_1_316' title='bbox 688 1943 764 1975; x_wconf 76' lang='lat' dir='ltr'>sere</span> <span class='ocrx_word' id='word_1_317' title='bbox 783 1946 839 1974; x_wconf 88' lang='lat' dir='ltr'>est</span> <span class='ocrx_word' id='word_1_318' title='bbox 863 1941 957 1983; x_wconf 86' lang='lat' dir='ltr'>quod</span> 
     </span>
     <span class='ocr_line' id='line_1_37' title="bbox 222 1987 959 2028; baseline -0.001 -9"><span class='ocrx_word' id='word_1_319' title='bbox 222 1989 283 2020; x_wconf 87' lang='lat' dir='ltr'>hoc</span> <span class='ocrx_word' id='word_1_320' title='bbox 313 1990 433 2028; x_wconf 75' lang='lat' dir='ltr'>facto,</span> <span class='ocrx_word' id='word_1_321' title='bbox 473 1988 532 2019; x_wconf 77' lang='lat' dir='ltr'>vel</span> <span class='ocrx_word' id='word_1_322' title='bbox 573 1993 656 2020; x_wconf 88' lang='lat' dir='ltr'>tum.</span> <span class='ocrx_word' id='word_1_323' title='bbox 721 1987 798 2020; x_wconf 65' lang='lat' dir='ltr'>Vid.</span> <span class='ocrx_word' id='word_1_324' title='bbox 840 1987 959 2019; x_wconf 85' lang='lat' dir='ltr'>nand.</span> 
     </span>
     <span class='ocr_line' id='line_1_38' title="bbox 223 2032 714 2073; baseline 0 -10"><span class='ocrx_word' id='word_1_325' title='bbox 223 2032 384 2063; x_wconf 82' lang='lat' dir='ltr'>Tursell.</span> <span class='ocrx_word' id='word_1_326' title='bbox 413 2032 486 2071; x_wconf 71' lang='grc' dir='ltr'>ΙΙΙ,</span> <span class='ocrx_word' id='word_1_327' title='bbox 512 2044 545 2073; x_wconf 89' lang='lat' dir='ltr'>p.</span> <span class='ocrx_word' id='word_1_328' title='bbox 571 2034 638 2063; x_wconf 73' lang='lat'>488</span> <span class='ocrx_word' id='word_1_329' title='bbox 663 2043 714 2072; x_wconf 88' lang='lat' dir='ltr'>sq.</span> 
     </span>
    </p>

    <p class='ocr_par' dir='ltr' id='par_1_10' title="bbox 270 2076 903 2117">
     <span class='ocr_line' id='line_1_39' title="bbox 270 2076 903 2117; baseline -0.005 -9"><span class='ocrx_word' id='word_1_330' title='bbox 270 2077 445 2117; x_wconf 79' lang='lat' dir='ltr'>Insinuat]</span> <span class='ocrx_word' id='word_1_331' title='bbox 471 2076 525 2107; x_wconf 81' lang='lat' dir='ltr'>Cf.</span> <span class='ocrx_word' id='word_1_332' title='bbox 551 2077 709 2117; x_wconf 63' lang='lat' dir='ltr'>prolefgg</span> <span class='ocrx_word' id='word_1_333' title='bbox 748 2086 779 2116; x_wconf 89' lang='lat' dir='ltr'>p.</span> <span class='ocrx_word' id='word_1_334' title='bbox 807 2085 903 2106; x_wconf 65' lang='grc' dir='ltr'>κων.</span> 
     </span>
    </p>

    <p class='ocr_par' dir='ltr' id='par_1_11' title="bbox 230 2120 961 2205">
     <span class='ocr_line' id='line_1_40' title="bbox 265 2120 961 2162; baseline -0.003 -11"><span class='ocrx_word' id='word_1_335' title='bbox 265 2121 408 2162; x_wconf 80' lang='lat' dir='ltr'>praesul</span> <span class='ocrx_word' id='word_1_336' title='bbox 431 2120 619 2162; x_wconf 83' lang='lat' dir='ltr'>famulitii]</span> <span class='ocrx_word' id='word_1_337' title='bbox 646 2120 701 2151; x_wconf 82' lang='lat' dir='ltr'>Cf.</span> <span class='ocrx_word' id='word_1_338' title='bbox 727 2129 839 2161; x_wconf 78' lang='lat' dir='ltr'>supra</span> <span class='ocrx_word' id='word_1_339' title='bbox 865 2120 880 2160; x_wconf 71' lang='lat'><strong>9</strong></span> <span class='ocrx_word' id='word_1_340' title='bbox 908 2120 961 2150; x_wconf 77' lang='lat'>22.</span> 
     </span>
     <span class='ocr_line' id='line_1_41' title="bbox 230 2164 497 2205; baseline 0 -10"><span class='ocrx_word' id='word_1_341' title='bbox 230 2168 265 2196; x_wconf 84' lang='lat' dir='ltr'>et</span> <span class='ocrx_word' id='word_1_342' title='bbox 289 2176 317 2195; x_wconf 87' lang='lat' dir='ltr'>c.</span> <span class='ocrx_word' id='word_1_343' title='bbox 344 2167 397 2195; x_wconf 89' lang='lat'>17.</span> <span class='ocrx_word' id='word_1_344' title='bbox 423 2164 439 2205; x_wconf 85' lang='lat'><strong>§</strong></span> <span class='ocrx_word' id='word_1_345' title='bbox 467 2166 497 2195; x_wconf 92' lang='lat'>1.</span> 
     </span>
    </p>

    <p class='ocr_par' dir='ltr' id='par_1_12' title="bbox 224 2204 962 2290">
     <span class='ocr_line' id='line_1_42' title="bbox 268 2204 962 2249; baseline -0.003 -10"><span class='ocrx_word' id='word_1_346' title='bbox 268 2210 327 2239; x_wconf 77' lang='lat'>24.</span> <span class='ocrx_word' id='word_1_347' title='bbox 374 2209 421 2240; x_wconf 82' lang='lat' dir='ltr'>ad</span> <span class='ocrx_word' id='word_1_348' title='bbox 453 2208 624 2239; x_wconf 84' lang='lat' dir='ltr'>meliorem</span> <span class='ocrx_word' id='word_1_349' title='bbox 660 2211 793 2249; x_wconf 83' lang='lat' dir='ltr'>partem</span> <span class='ocrx_word' id='word_1_350' title='bbox 825 2204 907 2247; x_wconf 78' lang='lat' dir='ltr'>diei]</span> <span class='ocrx_word' id='word_1_351' title='bbox 939 2204 962 2237; x_wconf 89' lang='lat' dir='ltr'>i.</span> 
     </span>
     <span class='ocr_line' id='line_1_43' title="bbox 224 2251 894 2290; baseline -0.004 -6"><span class='ocrx_word' id='word_1_352' title='bbox 224 2264 257 2284; x_wconf 79' lang='lat' dir='ltr'>e.</span> <span class='ocrx_word' id='word_1_353' title='bbox 282 2255 368 2284; x_wconf 81' lang='lat' dir='ltr'>ante</span> <span class='ocrx_word' id='word_1_354' title='bbox 393 2262 553 2283; x_wconf 85' lang='lat' dir='ltr'>coenam.</span> <span class='ocrx_word' id='word_1_355' title='bbox 595 2251 649 2282; x_wconf 82' lang='lat' dir='ltr'>Cf.</span> <span class='ocrx_word' id='word_1_356' title='bbox 680 2263 710 2282; x_wconf 90' lang='lat' dir='ltr'>c.</span> <span class='ocrx_word' id='word_1_357' title='bbox 736 2253 767 2282; x_wconf 87' lang='lat'>5.</span> <span class='ocrx_word' id='word_1_358' title='bbox 795 2252 815 2290; x_wconf 61' lang='grc' dir='ltr'><strong>ς</strong></span> <span class='ocrx_word' id='word_1_359' title='bbox 843 2253 894 2281; x_wconf 77' lang='lat' dir='ltr'>ll.</span> 
     </span>
    </p>

    <p class='ocr_par' dir='ltr' id='par_1_13' title="bbox 223 2295 965 2827">
     <span class='ocr_line' id='line_1_44' title="bbox 268 2295 964 2328; baseline -0.006 0"><span class='ocrx_word' id='word_1_360' title='bbox 268 2301 306 2328; x_wconf 83' lang='lat' dir='ltr'>ut</span> <span class='ocrx_word' id='word_1_361' title='bbox 358 2296 485 2328; x_wconf 80' lang='lat' dir='ltr'>honore</span> <span class='ocrx_word' id='word_1_362' title='bbox 536 2300 648 2328; x_wconf 84' lang='lat' dir='ltr'>vestro</span> <span class='ocrx_word' id='word_1_363' title='bbox 699 2295 783 2326; x_wconf 86' lang='lat' dir='ltr'>haec</span> <span class='ocrx_word' id='word_1_364' title='bbox 845 2304 964 2325; x_wconf 84' lang='lat' dir='ltr'>mensa</span> 
     </span>
     <span class='ocr_line' id='line_1_45' title="bbox 224 2337 963 2384; baseline -0.004 -12"><span class='ocrx_word' id='word_1_365' title='bbox 224 2341 402 2384; x_wconf 79' lang='lat' dir='ltr'>dignetur]</span> <span class='ocrx_word' id='word_1_366' title='bbox 428 2337 632 2382; x_wconf 61' lang='grc' dir='ltr'>,,Ἀρχαῖ’ζὲι.</span> <span class='ocrx_word' id='word_1_367' title='bbox 660 2340 796 2382; x_wconf 84' lang='lat' dir='ltr'>Dignor</span> <span class='ocrx_word' id='word_1_368' title='bbox 819 2338 963 2381; x_wconf 80' lang='lat' dir='ltr'>passive</span> 
     </span>
     <span class='ocr_line' id='line_1_46' title="bbox 224 2382 961 2426; baseline -0.003 -12"><span class='ocrx_word' id='word_1_369' title='bbox 224 2386 380 2426; x_wconf 84' lang='lat' dir='ltr'>protulit</span> <span class='ocrx_word' id='word_1_370' title='bbox 427 2390 575 2416; x_wconf 85' lang='lat' dir='ltr'>secutus</span> <span class='ocrx_word' id='word_1_371' title='bbox 622 2384 809 2415; x_wconf 77' lang='lat' dir='ltr'>Maronem</span> <span class='ocrx_word' id='word_1_372' title='bbox 861 2382 961 2425; x_wconf 85' lang='lat' dir='ltr'>[Aen.</span> 
     </span>
     <span class='ocr_line' id='line_1_47' title="bbox 224 2427 963 2471; baseline -0.001 -12"><span class='ocrx_word' id='word_1_373' title='bbox 224 2429 291 2468; x_wconf 84' lang='grc' dir='ltr'>ΙΙΙ,</span> <span class='ocrx_word' id='word_1_374' title='bbox 309 2428 419 2471; x_wconf 76' lang='grc' dir='ltr'>4ῖ5.]τ</span> <span class='ocrx_word' id='word_1_375' title='bbox 451 2429 623 2471; x_wconf 78' lang='lat' dir='ltr'>Coniugio</span> <span class='ocrx_word' id='word_1_376' title='bbox 644 2428 796 2460; x_wconf 82' lang='lat' dir='ltr'>Anchisa</span> <span class='ocrx_word' id='word_1_377' title='bbox 824 2427 963 2459; x_wconf 65' lang='lat' dir='ltr'>Veneris</span> 
     </span>
     <span class='ocr_line' id='line_1_48' title="bbox 223 2472 961 2516; baseline -0.003 -12"><span class='ocrx_word' id='word_1_378' title='bbox 223 2474 413 2516; x_wconf 78' lang='lat' dir='ltr'>dignate</span> <span class='ocrx_word' id='word_1_379' title='bbox 442 2474 596 2515; x_wconf 84' lang='lat' dir='ltr'>superbo.</span> <span class='ocrx_word' id='word_1_380' title='bbox 646 2473 760 2503; x_wconf 85' lang='lat' dir='ltr'>Immo</span> <span class='ocrx_word' id='word_1_381' title='bbox 788 2472 961 2503; x_wconf 80' lang='lat' dir='ltr'>Plautum</span> 
     </span>
     <span class='ocr_line' id='line_1_49' title="bbox 223 2514 963 2559; baseline -0.003 -11"><span class='ocrx_word' id='word_1_382' title='bbox 223 2519 360 2559; x_wconf 76' lang='lat' dir='ltr'>potius,</span> <span class='ocrx_word' id='word_1_383' title='bbox 387 2517 447 2559; x_wconf 87' lang='lat' dir='ltr'>qui</span> <span class='ocrx_word' id='word_1_384' title='bbox 480 2518 516 2549; x_wconf 89' lang='lat' dir='ltr'>in</span> <span class='ocrx_word' id='word_1_385' title='bbox 542 2529 581 2548; x_wconf 86' lang='lat' dir='ltr'>re</span> <span class='ocrx_word' id='word_1_386' title='bbox 604 2515 804 2549; x_wconf 74' lang='lat' dir='ltr'>conviviali</span> <span class='ocrx_word' id='word_1_387' title='bbox 828 2514 963 2548; x_wconf 89' lang='lat' dir='ltr'>simili-</span> 
     </span>
     <span class='ocr_line' id='line_1_50' title="bbox 224 2560 964 2603; baseline -0.003 -11"><span class='ocrx_word' id='word_1_388' title='bbox 224 2567 280 2593; x_wconf 81' lang='lat' dir='ltr'>ter</span> <span class='ocrx_word' id='word_1_389' title='bbox 317 2562 479 2601; x_wconf 79' lang='lat' dir='ltr'>dixerat,</span> <span class='ocrx_word' id='word_1_390' title='bbox 522 2562 659 2603; x_wconf 80' lang='lat' dir='ltr'>ubsque</span> <span class='ocrx_word' id='word_1_391' title='bbox 696 2560 964 2593; x_wconf 76' lang='lat' dir='ltr'>correctoribus</span> 
     </span>
     <span class='ocr_line' id='line_1_51' title="bbox 226 2605 965 2647; baseline -0.001 -11"><span class='ocrx_word' id='word_1_392' title='bbox 226 2606 378 2647; x_wconf 65' lang='lat' dir='ltr'>suisset,</span> <span class='ocrx_word' id='word_1_393' title='bbox 419 2607 601 2638; x_wconf 81' lang='lat' dir='ltr'>Pseudolo</span> <span class='ocrx_word' id='word_1_394' title='bbox 640 2606 701 2647; x_wconf 79' lang='lat' dir='ltr'>[V‚</span> <span class='ocrx_word' id='word_1_395' title='bbox 735 2608 771 2645; x_wconf 87' lang='lat' dir='ltr'>l,</span> <span class='ocrx_word' id='word_1_396' title='bbox 799 2605 865 2647; x_wconf 84' lang='lat'>8]:</span> <span class='ocrx_word' id='word_1_397' title='bbox 908 2605 965 2636; x_wconf 86' lang='lat' dir='ltr'>Ita</span> 
     </span>
     <span class='ocr_line' id='line_1_52' title="bbox 226 2649 963 2690; baseline -0.001 -9"><span class='ocrx_word' id='word_1_398' title='bbox 226 2651 319 2683; x_wconf 78' lang='lat' dir='ltr'>victu</span> <span class='ocrx_word' id='word_1_399' title='bbox 357 2656 538 2690; x_wconf 68' lang='lat' dir='ltr'>cxcurato,</span> <span class='ocrx_word' id='word_1_400' title='bbox 577 2652 627 2683; x_wconf 83' lang='lat' dir='ltr'>ita</span> <span class='ocrx_word' id='word_1_401' title='bbox 676 2650 858 2682; x_wconf 82' lang='lat' dir='ltr'>munditiis</span> <span class='ocrx_word' id='word_1_402' title='bbox 904 2649 963 2680; x_wconf 82' lang='lat' dir='ltr'>‹li-</span> 
     </span>
     <span class='ocr_line' id='line_1_53' title="bbox 224 2693 963 2736; baseline 0 -12"><span class='ocrx_word' id='word_1_403' title='bbox 224 2695 391 2736; x_wconf 73' lang='lat' dir='ltr'>g·⁷1ati.“</span> <span class='ocrx_word' id='word_1_404' title='bbox 424 2695 562 2736; x_wconf 51' lang='lat' dir='ltr'>Pom„</span> <span class='ocrx_word' id='word_1_405' title='bbox 600 2694 661 2736; x_wconf 84' lang='lat' dir='ltr'>qui</span> <span class='ocrx_word' id='word_1_406' title='bbox 695 2694 826 2726; x_wconf 82' lang='lat' dir='ltr'>adiicit</span> <span class='ocrx_word' id='word_1_407' title='bbox 850 2693 963 2735; x_wconf 83' lang='lat' dir='ltr'>vulgo</span> 
     </span>
     <span class='ocr_line' id='line_1_54' title="bbox 226 2738 962 2782; baseline 0 -14"><span class='ocrx_word' id='word_1_408' title='bbox 226 2738 301 2780; x_wconf 74' lang='lat' dir='ltr'>legi</span> <span class='ocrx_word' id='word_1_409' title='bbox 339 2739 450 2782; x_wconf 69' lang='lat' dir='ltr'>(ligni</span> <span class='ocrx_word' id='word_1_410' title='bbox 486 2740 558 2782; x_wconf 82' lang='grc' dir='ltr'><em>αΙι,</em></span> <span class='ocrx_word' id='word_1_411' title='bbox 593 2741 637 2772; x_wconf 80' lang='lat' dir='ltr'>ab</span> <span class='ocrx_word' id='word_1_412' title='bbox 670 2739 757 2772; x_wconf 84' lang='lat' dir='ltr'>aliis</span> <span class='ocrx_word' id='word_1_413' title='bbox 783 2741 962 2770; x_wconf 83' lang='lat' dir='ltr'>mutatum</span> 
     </span>
     <span class='ocr_line' id='line_1_55' title="bbox 228 2782 494 2827; baseline 0.015 -15"><span class='ocrx_word' id='word_1_414' title='bbox 228 2782 263 2813; x_wconf 86' lang='lat' dir='ltr'>iu</span> <span class='ocrx_word' id='word_1_415' title='bbox 291 2784 406 2827; x_wconf 71' lang='lat' dir='ltr'>(ligne</span> <span class='ocrx_word' id='word_1_416' title='bbox 431 2784 494 2816; x_wconf 83' lang='lat' dir='ltr'>ah.</span> 
     </span>
    </p>
   </div>
   <div class='ocr_carea' id='block_1_7' title="bbox 1028 1850 1769 2117">
    <p class='ocr_par' dir='ltr' id='par_1_14' title="bbox 1028 1850 1769 2117">
     <span class='ocr_line' id='line_1_56' title="bbox 1075 1850 1767 1893; baseline -0.001 -8"><span class='ocrx_word' id='word_1_417' title='bbox 1075 1851 1317 1893; x_wconf 75' lang='lat' dir='ltr'>Nicomachus]</span> <span class='ocrx_word' id='word_1_418' title='bbox 1348 1851 1512 1883; x_wconf 80' lang='lat' dir='ltr'>Alterum</span> <span class='ocrx_word' id='word_1_419' title='bbox 1538 1850 1609 1882; x_wconf 77' lang='lat' dir='ltr'>hoc</span> <span class='ocrx_word' id='word_1_420' title='bbox 1636 1861 1767 1884; x_wconf 86' lang='lat' dir='ltr'>nomen</span> 
     </span>
     <span class='ocr_line' id='line_1_57' title="bbox 1028 1895 1768 1937; baseline -0.003 -8"><span class='ocrx_word' id='word_1_421' title='bbox 1028 1902 1083 1930; x_wconf 85' lang='lat' dir='ltr'>est</span> <span class='ocrx_word' id='word_1_422' title='bbox 1101 1896 1292 1936; x_wconf 74' lang='lat' dir='ltr'>Flaviani,</span> <span class='ocrx_word' id='word_1_423' title='bbox 1317 1895 1377 1937; x_wconf 89' lang='lat' dir='ltr'>qui</span> <span class='ocrx_word' id='word_1_424' title='bbox 1405 1895 1441 1927; x_wconf 87' lang='lat' dir='ltr'>in</span> <span class='ocrx_word' id='word_1_425' title='bbox 1464 1895 1617 1927; x_wconf 86' lang='lat' dir='ltr'>dicendo</span> <span class='ocrx_word' id='word_1_426' title='bbox 1641 1907 1768 1928; x_wconf 84' lang='lat' dir='ltr'>succe-</span> 
     </span>
     <span class='ocr_line' id='line_1_58' title="bbox 1031 1940 1768 1981; baseline -0.001 -8"><span class='ocrx_word' id='word_1_427' title='bbox 1031 1944 1117 1973; x_wconf 86' lang='lat' dir='ltr'>dere</span> <span class='ocrx_word' id='word_1_428' title='bbox 1139 1940 1336 1972; x_wconf 85' lang='lat' dir='ltr'>Eustatbio</span> <span class='ocrx_word' id='word_1_429' title='bbox 1371 1940 1518 1972; x_wconf 80' lang='lat' dir='ltr'>iubetur</span> <span class='ocrx_word' id='word_1_430' title='bbox 1549 1940 1642 1981; x_wconf 81' lang='lat'>§21.</span> <span class='ocrx_word' id='word_1_431' title='bbox 1690 1941 1768 1972; x_wconf 55' lang='lat' dir='ltr'>tid.</span> 
     </span>
     <span class='ocr_line' id='line_1_59' title="bbox 1030 1983 1769 2028; baseline -0.001 -11"><span class='ocrx_word' id='word_1_432' title='bbox 1030 1987 1201 2028; x_wconf 80' lang='lat' dir='ltr'>prolegg.</span> <span class='ocrx_word' id='word_1_433' title='bbox 1231 1997 1264 2027; x_wconf 89' lang='lat' dir='ltr'>p.</span> <span class='ocrx_word' id='word_1_434' title='bbox 1292 1994 1391 2015; x_wconf 75' lang='lat' dir='ltr'>xxvr.</span> <span class='ocrx_word' id='word_1_435' title='bbox 1442 1984 1546 2025; x_wconf 83' lang='lat' dir='ltr'>Quod</span> <span class='ocrx_word' id='word_1_436' title='bbox 1574 1983 1769 2026; x_wconf 80' lang='lat' dir='ltr'>ignorasse</span> 
     </span>
     <span class='ocr_line' id='line_1_60' title="bbox 1028 2027 1769 2071; baseline -0.004 -8"><span class='ocrx_word' id='word_1_437' title='bbox 1028 2031 1175 2063; x_wconf 81' lang='lat' dir='ltr'>videtur</span> <span class='ocrx_word' id='word_1_438' title='bbox 1198 2028 1340 2067; x_wconf 81' lang='lat' dir='ltr'>Carrio,</span> <span class='ocrx_word' id='word_1_439' title='bbox 1372 2027 1434 2069; x_wconf 87' lang='lat' dir='ltr'>qui</span> <span class='ocrx_word' id='word_1_440' title='bbox 1461 2029 1496 2059; x_wconf 88' lang='lat' dir='ltr'>in</span> <span class='ocrx_word' id='word_1_441' title='bbox 1524 2027 1612 2059; x_wconf 87' lang='lat' dir='ltr'>edit.</span> <span class='ocrx_word' id='word_1_442' title='bbox 1639 2028 1769 2071; x_wconf 83' lang='lat' dir='ltr'>steph.</span> 
     </span>
     <span class='ocr_line' id='line_1_61' title="bbox 1032 2071 1611 2117; baseline -0.005 -11"><span class='ocrx_word' id='word_1_443' title='bbox 1032 2074 1172 2117; x_wconf 86' lang='lat' dir='ltr'>primus</span> <span class='ocrx_word' id='word_1_444' title='bbox 1197 2072 1349 2114; x_wconf 83' lang='lat' dir='ltr'>scripsit</span> <span class='ocrx_word' id='word_1_445' title='bbox 1376 2071 1611 2114; x_wconf 75' lang='lat' dir='ltr'>Symmachus.</span> 
     </span>
    </p>
   </div>
   <div class='ocr_carea' id='block_1_8' title="bbox 1031 2135 1771 2482">
    <p class='ocr_par' dir='ltr' id='par_1_15' title="bbox 1031 2135 1771 2482">
     <span class='ocr_line' id='line_1_62' title="bbox 1074 2135 1769 2180; baseline -0.004 -10"><span class='ocrx_word' id='word_1_446' title='bbox 1074 2141 1130 2170; x_wconf 81' lang='lat'>25.</span> <span class='ocrx_word' id='word_1_447' title='bbox 1182 2139 1237 2170; x_wconf 66' lang='lat' dir='ltr'>Ea:</span> <span class='ocrx_word' id='word_1_448' title='bbox 1272 2137 1406 2180; x_wconf 80' lang='lat' dir='ltr'>placita</span> <span class='ocrx_word' id='word_1_449' title='bbox 1446 2137 1516 2168; x_wconf 84' lang='lat' dir='ltr'>iam</span> <span class='ocrx_word' id='word_1_450' title='bbox 1556 2135 1648 2179; x_wconf 80' lang='lat' dir='ltr'>lege]</span> <span class='ocrx_word' id='word_1_451' title='bbox 1687 2136 1769 2168; x_wconf 87' lang='lat' dir='ltr'>Hoc</span> 
     </span>
     <span class='ocr_line' id='line_1_63' title="bbox 1031 2179 1771 2225; baseline -0.004 -10"><span class='ocrx_word' id='word_1_452' title='bbox 1031 2194 1101 2225; x_wconf 92' lang='lat' dir='ltr'>quo</span> <span class='ocrx_word' id='word_1_453' title='bbox 1128 2182 1359 2214; x_wconf 77' lang='lat' dir='ltr'>referendum</span> <span class='ocrx_word' id='word_1_454' title='bbox 1387 2180 1454 2221; x_wconf 75' lang='lat' dir='ltr'>sit,</span> <span class='ocrx_word' id='word_1_455' title='bbox 1495 2179 1616 2212; x_wconf 87' lang='lat' dir='ltr'>minus</span> <span class='ocrx_word' id='word_1_456' title='bbox 1643 2180 1771 2222; x_wconf 81' lang='lat' dir='ltr'>liquet.</span> 
     </span>
     <span class='ocr_line' id='line_1_64' title="bbox 1032 2227 1770 2267; baseline -0.004 -8"><span class='ocrx_word' id='word_1_457' title='bbox 1032 2229 1073 2260; x_wconf 91' lang='lat' dir='ltr'>C.</span> <span class='ocrx_word' id='word_1_458' title='bbox 1104 2229 1137 2258; x_wconf 86' lang='lat'>2.</span> <span class='ocrx_word' id='word_1_459' title='bbox 1176 2227 1192 2267; x_wconf 83' lang='lat'><strong>§</strong></span> <span class='ocrx_word' id='word_1_460' title='bbox 1227 2230 1261 2258; x_wconf 87' lang='lat'>5.</span> <span class='ocrx_word' id='word_1_461' title='bbox 1302 2237 1360 2257; x_wconf 88' lang='lat' dir='ltr'>res</span> <span class='ocrx_word' id='word_1_462' title='bbox 1399 2229 1573 2257; x_wconf 82' lang='lat' dir='ltr'>narratur</span> <span class='ocrx_word' id='word_1_463' title='bbox 1608 2228 1770 2256; x_wconf 85' lang='lat' dir='ltr'>tantum-</span> 
     </span>
     <span class='ocr_line' id='line_1_65' title="bbox 1032 2269 1770 2311; baseline -0.005 -7"><span class='ocrx_word' id='word_1_464' title='bbox 1032 2272 1157 2311; x_wconf 81' lang='lat' dir='ltr'>mod03</span> <span class='ocrx_word' id='word_1_465' title='bbox 1195 2282 1226 2302; x_wconf 86' lang='lat' dir='ltr'>c.</span> <span class='ocrx_word' id='word_1_466' title='bbox 1255 2272 1289 2301; x_wconf 80' lang='lat'>5.</span> <span class='ocrx_word' id='word_1_467' title='bbox 1313 2272 1332 2310; x_wconf 64' lang='grc' dir='ltr'><strong>ἓ</strong></span> <span class='ocrx_word' id='word_1_468' title='bbox 1363 2272 1415 2301; x_wconf 85' lang='lat'>11.</span> <span class='ocrx_word' id='word_1_469' title='bbox 1445 2273 1481 2301; x_wconf 86' lang='lat' dir='ltr'>et</span> <span class='ocrx_word' id='word_1_470' title='bbox 1507 2280 1536 2300; x_wconf 90' lang='lat' dir='ltr'>c.</span> <span class='ocrx_word' id='word_1_471' title='bbox 1563 2272 1595 2300; x_wconf 94' lang='lat'>7.</span> <span class='ocrx_word' id='word_1_472' title='bbox 1622 2270 1642 2308; x_wconf 65' lang='grc' dir='ltr'><strong>ἓ</strong></span> <span class='ocrx_word' id='word_1_473' title='bbox 1667 2272 1699 2300; x_wconf 88' lang='lat'>7.</span> <span class='ocrx_word' id='word_1_474' title='bbox 1726 2269 1770 2300; x_wconf 90' lang='lat' dir='ltr'>de</span> 
     </span>
     <span class='ocr_line' id='line_1_66' title="bbox 1032 2312 1771 2359; baseline -0.005 -11"><span class='ocrx_word' id='word_1_475' title='bbox 1032 2316 1150 2359; x_wconf 89' lang='lat' dir='ltr'>primo</span> <span class='ocrx_word' id='word_1_476' title='bbox 1196 2318 1334 2347; x_wconf 77' lang='lat' dir='ltr'>tantum</span> <span class='ocrx_word' id='word_1_477' title='bbox 1374 2312 1666 2346; x_wconf 81' lang='lat' dir='ltr'>Saturnaliorum</span> <span class='ocrx_word' id='word_1_478' title='bbox 1711 2313 1771 2345; x_wconf 87' lang='lat' dir='ltr'>die</span> 
     </span>
     <span class='ocr_line' id='line_1_67' title="bbox 1032 2357 1769 2400; baseline -0.005 -7"><span class='ocrx_word' id='word_1_479' title='bbox 1032 2371 1152 2393; x_wconf 87' lang='lat' dir='ltr'>sermo</span> <span class='ocrx_word' id='word_1_480' title='bbox 1185 2363 1253 2392; x_wconf 86' lang='lat' dir='ltr'>est.</span> <span class='ocrx_word' id='word_1_481' title='bbox 1300 2359 1427 2400; x_wconf 85' lang='lat' dir='ltr'>ltaque</span> <span class='ocrx_word' id='word_1_482' title='bbox 1461 2358 1553 2389; x_wconf 77' lang='lat' dir='ltr'>haec</span> <span class='ocrx_word' id='word_1_483' title='bbox 1581 2358 1694 2389; x_wconf 75' lang='lat' dir='ltr'>verba</span> <span class='ocrx_word' id='word_1_484' title='bbox 1723 2357 1769 2389; x_wconf 87' lang='lat' dir='ltr'>ad</span> 
     </span>
     <span class='ocr_line' id='line_1_68' title="bbox 1032 2402 1770 2447; baseline -0.003 -12"><span class='ocrx_word' id='word_1_485' title='bbox 1032 2404 1197 2447; x_wconf 84' lang='lat' dir='ltr'>proxime</span> <span class='ocrx_word' id='word_1_486' title='bbox 1226 2402 1481 2436; x_wconf 84' lang='lat' dir='ltr'>antecedentia</span> <span class='ocrx_word' id='word_1_487' title='bbox 1513 2405 1652 2434; x_wconf 80' lang='lat' dir='ltr'>tantum</span> <span class='ocrx_word' id='word_1_488' title='bbox 1685 2412 1770 2444; x_wconf 83' lang='lat' dir='ltr'>pos-</span> 
     </span>
     <span class='ocr_line' id='line_1_69' title="bbox 1031 2447 1285 2482; baseline -0.012 0"><span class='ocrx_word' id='word_1_489' title='bbox 1031 2453 1116 2482; x_wconf 88' lang='lat' dir='ltr'>sunt</span> <span class='ocrx_word' id='word_1_490' title='bbox 1141 2447 1285 2481; x_wconf 81' lang='lat' dir='ltr'>referri.</span> 
     </span>
    </p>
   </div>
   <div class='ocr_carea' id='block_1_9' title="bbox 1033 2509 1769 2817">
    <p class='ocr_par' dir='ltr' id='par_1_16' title="bbox 1033 2509 1769 2817">
     <span class='ocr_line' id='line_1_70' title="bbox 1075 2509 1769 2554; baseline -0.009 -7"><span class='ocrx_word' id='word_1_491' title='bbox 1075 2526 1135 2547; x_wconf 85' lang='lat' dir='ltr'>vos</span> <span class='ocrx_word' id='word_1_492' title='bbox 1160 2538 1167 2546; x_wconf 93' lang='lat'>.</span> <span class='ocrx_word' id='word_1_493' title='bbox 1185 2538 1192 2546; x_wconf 95' lang='lat'>.</span> <span class='ocrx_word' id='word_1_494' title='bbox 1224 2512 1401 2554; x_wconf 83' lang='lat' dir='ltr'>convenio]</span> <span class='ocrx_word' id='word_1_495' title='bbox 1437 2511 1530 2553; x_wconf 84' lang='lat' dir='ltr'>quod</span> <span class='ocrx_word' id='word_1_496' title='bbox 1566 2510 1662 2542; x_wconf 86' lang='lat' dir='ltr'>idem</span> <span class='ocrx_word' id='word_1_497' title='bbox 1690 2509 1769 2542; x_wconf 81' lang='lat' dir='ltr'>fere</span> 
     </span>
     <span class='ocr_line' id='line_1_71' title="bbox 1033 2555 1767 2595; baseline -0.01 -4"><span class='ocrx_word' id='word_1_498' title='bbox 1033 2560 1133 2592; x_wconf 79' lang='lat' dir='ltr'>valet</span> <span class='ocrx_word' id='word_1_499' title='bbox 1172 2569 1214 2590; x_wconf 85' lang='lat' dir='ltr'>nc</span> <span class='ocrx_word' id='word_1_500' title='bbox 1248 2569 1308 2589; x_wconf 85' lang='lat' dir='ltr'>vos</span> <span class='ocrx_word' id='word_1_501' title='bbox 1339 2581 1369 2589; x_wconf 94' lang='lat'>..</span> <span class='ocrx_word' id='word_1_502' title='bbox 1403 2557 1508 2595; x_wconf 76' lang='lat' dir='ltr'>adeo,</span> <span class='ocrx_word' id='word_1_503' title='bbox 1544 2555 1643 2586; x_wconf 84' lang='lat' dir='ltr'>haud</span> <span class='ocrx_word' id='word_1_504' title='bbox 1669 2564 1767 2586; x_wconf 86' lang='lat' dir='ltr'>com-</span> 
     </span>
     <span class='ocr_line' id='line_1_72' title="bbox 1033 2598 1769 2640; baseline -0.007 -5"><span class='ocrx_word' id='word_1_505' title='bbox 1033 2603 1138 2636; x_wconf 86' lang='lat' dir='ltr'>mode</span> <span class='ocrx_word' id='word_1_506' title='bbox 1167 2603 1203 2634; x_wconf 89' lang='lat' dir='ltr'>h.</span> <span class='ocrx_word' id='word_1_507' title='bbox 1231 2603 1255 2634; x_wconf 89' lang='lat' dir='ltr'>l.</span> <span class='ocrx_word' id='word_1_508' title='bbox 1289 2601 1425 2633; x_wconf 84' lang='lat' dir='ltr'>dictum</span> <span class='ocrx_word' id='word_1_509' title='bbox 1457 2610 1539 2631; x_wconf 86' lang='lat' dir='ltr'>esse</span> <span class='ocrx_word' id='word_1_510' title='bbox 1567 2598 1678 2630; x_wconf 84' lang='lat' dir='ltr'>facile</span> <span class='ocrx_word' id='word_1_511' title='bbox 1703 2609 1769 2640; x_wconf 84' lang='lat' dir='ltr'>pa-</span> 
     </span>
     <span class='ocr_line' id='line_1_73' title="bbox 1035 2643 1769 2685; baseline -0.008 -5"><span class='ocrx_word' id='word_1_512' title='bbox 1035 2652 1098 2681; x_wconf 83' lang='lat' dir='ltr'>tet.</span> <span class='ocrx_word' id='word_1_513' title='bbox 1160 2647 1381 2685; x_wconf 75' lang='lat' dir='ltr'>Verborum,</span> <span class='ocrx_word' id='word_1_514' title='bbox 1426 2643 1643 2685; x_wconf 84' lang='lat' dir='ltr'>praesertim</span> <span class='ocrx_word' id='word_1_515' title='bbox 1684 2653 1769 2685; x_wconf 88' lang='lat' dir='ltr'>pro-</span> 
     </span>
     <span class='ocr_line' id='line_1_74' title="bbox 1034 2686 1769 2732; baseline -0.01 -7"><span class='ocrx_word' id='word_1_516' title='bbox 1034 2692 1132 2725; x_wconf 81' lang='lat' dir='ltr'>xime</span> <span class='ocrx_word' id='word_1_517' title='bbox 1155 2689 1406 2732; x_wconf 77' lang='lat' dir='ltr'>sequentium,</span> <span class='ocrx_word' id='word_1_518' title='bbox 1437 2692 1615 2720; x_wconf 85' lang='lat' dir='ltr'>tumorem</span> <span class='ocrx_word' id='word_1_519' title='bbox 1643 2686 1769 2719; x_wconf 82' lang='lat' dir='ltr'>notavi</span> 
     </span>
     <span class='ocr_line' id='line_1_75' title="bbox 1033 2730 1767 2778; baseline -0.005 -11"><span class='ocrx_word' id='word_1_520' title='bbox 1033 2736 1202 2778; x_wconf 67' lang='lat' dir='ltr'>prolcgg.</span> <span class='ocrx_word' id='word_1_521' title='bbox 1234 2746 1266 2776; x_wconf 87' lang='lat' dir='ltr'>p.</span> <span class='ocrx_word' id='word_1_522' title='bbox 1299 2743 1422 2765; x_wconf 76' lang='lat' dir='ltr'>xxxix.</span> <span class='ocrx_word' id='word_1_523' title='bbox 1470 2733 1667 2765; x_wconf 82' lang='lat' dir='ltr'>Praeterea</span> <span class='ocrx_word' id='word_1_524' title='bbox 1694 2730 1767 2764; x_wconf 83' lang='lat' dir='ltr'>vid.</span> 
     </span>
     <span class='ocr_line' id='line_1_76' title="bbox 1033 2779 1406 2817; baseline -0.013 -5"><span class='ocrx_word' id='word_1_525' title='bbox 1033 2783 1105 2812; x_wconf 86' lang='lat' dir='ltr'>not.</span> <span class='ocrx_word' id='word_1_526' title='bbox 1128 2780 1171 2811; x_wconf 81' lang='lat' dir='ltr'>ad</span> <span class='ocrx_word' id='word_1_527' title='bbox 1198 2789 1227 2810; x_wconf 87' lang='lat' dir='ltr'>c.</span> <span class='ocrx_word' id='word_1_528' title='bbox 1252 2780 1283 2810; x_wconf 82' lang='lat'>5.</span> <span class='ocrx_word' id='word_1_529' title='bbox 1306 2779 1327 2817; x_wconf 65' lang='grc' dir='ltr'><strong>ἓ</strong></span> <span class='ocrx_word' id='word_1_530' title='bbox 1353 2779 1406 2809; x_wconf 83' lang='grc'>12.</span> 
     </span>
    </p>
   </div>
  </div>
 </body>
</html>
