1844 3168
289 47 767 92 SATURNALIORUM
807 48 908 89 LIB.
946 48 976 89 1.
1018 47 1137 90 CAP.
1175 48 1290 91 XIX.
1323 49 1417 91 XX.
1550 51 1628 94 185

83 162 297 216 praecipue
327 162 513 205 volumen
543 162 711 202 electum
751 166 812 202 est
842 166 1004 216 propter
1035 161 1110 202 iter
1144 162 1355 217 utriusque
1393 161 1532 204 sideris
1564 163 1630 203 lle-

82 232 267 259 xuosum.

196 275 286 315 XX.
347 274 450 315 llinc
476 279 535 314 est
564 273 671 327 quod
695 272 945 313 simulachris
971 278 1009 313 et
1027 274 1254 327 Aesculapii
1282 275 1482 316 etSalutis
1511 274 1663 317 dracol

84 331 358 383 subiungitur,
405 330 512 384 quod
546 330 584 369 hi
617 330 664 370 ad
696 329 789 369 solis
829 335 1009 369 naturam
1047 330 1245 383 lunaeque
1283 332 1517 372 releruntur.
1581 334 1631 373 lit

83 392 143 427 est
174 386 438 440 Aesculapius
473 387 529 427 vis
563 385 730 426 salubris
765 385 813 425 de
842 385 1063 426 substantia
1096 386 1189 425 solis
1219 387 1456 427 suluenicns
1487 389 1630 429 animis

83 444 401 497 corporibusque
440 442 689 482 mortalium:
739 441 853 481 Salus
891 447 1022 481 autem
1055 447 1219 481 ruiturae
1253 442 1400 481 lunaris
1439 446 1696 501 elli-ctuspsosj

83 506 143 539 est
180 514 260 554 quo
293 513 460 553 corpora
498 498 758 538 animantium
793 497 979 537 iuvantur
1009 497 1212 537 salutifero
1249 499 1400 538 lirmata
1434 506 1629 554 tempera-

84 562 231 596 mento.
275 556 372 596 Ideo
403 569 495 607 ergo
524 553 772 595 simulachris
804 566 942 593 eorum
976 553 1196 607 iunguntur
1226 554 1375 604 ligurae
1397 555 1668 606 dracontium-,2

84 612 176 665 quia
217 617 417 666 praestant
460 616 505 651 ut
541 610 712 650 humana
744 622 911 663 corpora
950 610 1056 650 velut
1093 610 1332 650 inlirmitatis
1368 612 1467 665 pelle
1507 613 1630 667 depo-

83 668 158 708 sita
202 669 250 708 ad
296 667 507 722 pristinum
547 666 787 706 revirescant
826 665 1023 716 vigorem,
1070 672 1116 707 ut
1154 667 1398 708 revirescunt
1439 669 1631 711 dracones

83 738 154 778 per
180 738 304 764 annos
331 723 505 777 singulos
538 722 637 777 pelle
672 722 889 762 senectutis
922 727 1058 763 exuta:
1109 729 1316 777 propterea
1350 730 1389 764 et
1421 725 1467 765 ad
1501 725 1629 779 ipsum

82 780 206 820 solem
237 779 387 834 species
417 779 600 819 draconis
632 778 817 826 refertur,
863 779 955 832 quia
991 779 1047 819 sol
1079 793 1236 834 semper
1267 780 1374 821 velut
1405 795 1425 821 a
1458 783 1629 835 quadam

81 835 184 876 imae
211 835 478 890 depressionis
509 841 666 875 senecta
696 834 733 874 in
766 834 1018 876 altitudinem
1052 849 1163 876 suam
1194 842 1239 876 ut
1275 836 1313 876 in
1347 837 1471 877 robur
1501 852 1630 879 rever-

80 893 179 933 titur
214 892 443 933 iui‘cntutiS.
510 892 611 931 Esse
645 897 778 931 autem
814 891 1024 932 draconem
1060 892 1163 933 inter
1195 893 1407 947 praecipua
1438 895 1533 935 solis
1569 897 1669 939 ar-3

85 954 274 1016 gumenta
307 948 424 989 etiam
460 948 633 988 nominis
666 947 827 988 lictione
861 954 1124 997 monstratur,
1157 949 1264 1002 quod
1296 950 1347 990 sit
1377 958 1631 1006 nuncupatus

83 1001 166 1046 απὸ
202 1006 278 1046 τοῦ
317 1002 504 1060 ὄέρκειν,
558 1004 596 1045 id
636 1009 696 1045 est
734 1004 876 1046 cidere.
948 1005 1049 1047 Nam
1092 1005 1225 1047 serunt
1262 1005 1368 1047 hunc
1405 1015 1629 1062 serpentem

1135 1118 1226 1152 Edd.
1253 1118 1539 1164 vicahgspdzb]

81 1185 148 1206 nae
169 1173 399 1206 ASvich-bl’.
426 1192 462 1197 —
497 1172 667 1217 superius]
693 1174 713 1214 §
734 1177 768 1207 9.
798 1191 831 1197 —
862 1174 921 1206 Ab
943 1174 1142 1207 huiusmodi
1167 1181 1377 1219 argumento
1403 1178 1504 1221 (sup.
1529 1182 1569 1217 a)
1594 1178 1630 1211 S.

86 1236 120 1243 -—
146 1220 341 1262 praecipuo
367 1220 465 1261 (sup.
493 1222 526 1256 e)
555 1220 734 1251 volumine
761 1220 883 1251 lectum
910 1219 946 1251 S.

172 1264 247 1296 XX.
302 1265 415 1305 Caput
440 1264 516 1295 XX.
553 1264 641 1304 Quin
668 1264 915 1306 Aesculapium
941 1275 1073 1307 quoque
1094 1269 1125 1296 et
1155 1264 1311 1297 Salutem
1335 1270 1366 1298 et
1390 1265 1570 1299 Herculem
1600 1274 1631 1301 et

81 1319 156 1340 cum
193 1309 284 1340 Iside
322 1309 434 1350 ipsum
476 1309 579 1340 ctiam
613 1308 761 1350 Serapin
793 1310 883 1340 alios
921 1320 1023 1351 quam
1059 1310 1163 1341 solem
1199 1310 1279 1341 deos
1310 1322 1377 1342 non
1410 1322 1491 1343 esse.
1531 1312 1631 1344 cli-b.

87 1354 172 1396 Cap.
194 1353 351 1384 XXIIII.
385 1353 434 1384 De
460 1354 680 1394 Aesculapio.
706 1363 726 1383 v
752 1352 783 1394 (i
816 1355 902 1395 Cap.
931 1354 1059 1385 ,mm
1074 1357 1101 1391 ).
1152 1364 1205 1386 DE
1232 1364 1494 1388 „wesema-ww.
1522 1357 1630 1389 ABG.

219 1400 248 1428 1.
288 1398 485 1429 simulacris
505 1398 707 1440 Aesculapii
731 1398 819 1438 (om.
843 1401 894 1436 et)
919 1399 988 1429 s-b.
1013 1416 1057 1421 —
1083 1400 1296 1441 Aesculapii,
1318 1401 1450 1433 Salutis
1475 1402 1563 1441 (om.
1582 1404 1632 1442 et)

82 1441 140 1475 ch.
171 1460 217 1467 -
247 1453 390 1484 corpora
412 1443 638 1475 animantum
667 1442 744 1474 BG.
794 1444 1025 1475 animantium
1050 1455 1194 1486 corpora
1218 1455 1294 1483 v-g.
1327 1462 1370 1469 —
1402 1457 1423 1477 a
1448 1447 1632 1489 salutifero

79 1486 118 1518 h.
254 1489 286 1518 2.
325 1487 376 1519 vel
403 1488 502 1529 (sup.
532 1488 656 1528 velud)
681 1487 722 1519 Α.
754 1505 788 1510 -
822 1488 1031 1520 revirescant
1055 1492 1156 1530 (sup.
1183 1493 1224 1527 u]
1250 1489 1288 1521 Α.
1312 1508 1354 1514 -
1388 1491 1545 1523 virorem
1574 1493 1632 1524 s-l)

82 1532 122 1563 Ρ.
159 1551 201 1555 -
238 1531 463 1564 revirescant
491 1534 516 1563 A
543 1533 593 1570 (G
620 1543 641 1564 a
670 1543 701 1574 p.
728 1533 806 1573 ῆι).
855 1533 1034 1565 virescunt
1056 1533 1158 1565 s-bP.
1198 1552 1232 1557 -—
1276 1536 1359 1577 quia
1386 1547 1518 1579 semper
1539 1541 1631 1575 (om.

82 1577 151 1618 sol)
179 1576 223 1608 G.
277 1577 359 1619 quia
385 1577 464 1609 sole
489 1588 620 1621 semper
645 1577 682 1610 S.
708 1595 752 1602 —
779 1578 814 1609 in
838 1578 940 1610 robur
963 1581 1060 1621 (sup.
1089 1579 1173 1611 add.
1201 1582 1257 1617 ut)
1280 1580 1317 1611 A.
1457 1584 1488 1614 3.
1532 1587 1563 1616 et
1590 1583 1632 1615 in

128 1686 215 1726 XX,
250 1688 280 1718 1.
333 1687 484 1730 Salutis]
528 1688 688 1720 Eandem
732 1687 826 1720 hanc
893 1689 943 1734 τῷ
973 1688 1041 1734 (τῷ
1066 1685 1273 1741 Ἀσῇληπίῳ)
1297 1692 1535 1745 Ιπαριστῶοῐιν,
1572 1691 1634 1735 ε’μ-

84 1732 188 1763 deam
222 1742 304 1763 esse
330 1731 508 1765 Romanis
535 1744 642 1774 quam
672 1733 825 1765 Graecis
895 1733 1084 1776 φαίνοντες
1115 1745 1170 1766 οτι
1203 1732 1328 1776 όμοιον
1355 1748 1389 1768 τι
1419 1747 1535 1780 τουτῳ
1563 1736 1634 1769 mi-

82 1772 218 1819 Ὑγείαν
260 1776 527 1810 demonstravit
570 1777 736 1821 Ix'oppius
780 1778 824 1811 ad

86 1821 259 1852 Murtian.
281 1821 309 1861 1,
334 1822 348 1862 ξ
368 1824 421 1853 45.

130 1866 182 1897 vis
222 1866 372 1898 salubris
412 1867 453 1899 de
495 1867 689 1899 substantia
727 1867 825 1905 solis]

84 1909 141 1942 Cf.
171 1910 326 1942 Pausan.
353 1911 436 1950 vll,
462 1913 525 1950 23,
549 1914 600 1951 6.,
628 1912 688 1944 ubi
715 1911 824 1944 homo

83 1954 258 1987 Sidonius
284 1955 319 1987 in
347 1956 558 1997 Aesculapii
588 1956 715 1999 templi
750 1961 826 1989 tra-

84 2000 185 2031 ditur
209 1999 367 2032 dixisse:
391 1997 646 2042 Ἀσκληπιὸν
669 1999 732 2041 μὲν
757 1998 825 2044 γὰρ

84 2040 197 2086 ἀέρα
229 2041 320 2098 γένει
343 2055 380 2076 τε
404 2040 613 2087 ἀνθρώπων
645 2044 736 2079 εἶναι
765 2045 826 2078 καὶ

84 2089 194 2120 πᾶσιν
219 2089 352 2130 ομοίως
377 2086 480 2128 ζώοις
508 2087 707 2132 ἐπιτήδειον
736 2088 827 2132 πρὸς

83 2128 238 2176 ὑγίειαν,
262 2130 510 2166 Ἀπόλλωνα
537 2132 574 2166 δὲ
600 2131 739 2177 ἥλιον,
766 2134 827 2167 καὶ

86 2174 202 2210 αὐτὸν
240 2173 430 2219 ὀρθότατα
464 2175 653 2222 Ἀσκληπίῳ
687 2177 826 2221 πατέρα

83 2219 392 2263 ἐπονομάζεσθαι,
430 2217 485 2254 ὅτι
517 2221 552 2261 ἐς
591 2222 632 2256 τὸ
671 2220 826 2265 ἁρμόζον

84 2268 165 2303 ταῖς
196 2263 307 2308 ὥραις
337 2263 552 2308 ποιούμενος
581 2264 599 2300 ὁ
633 2264 733 2310 ἥλιος
762 2265 826 2300 τὸν

87 2307 223 2351 δρόμον
247 2311 463 2352 μεταδίδωσι
492 2312 541 2355 τῷ
572 2309 651 2354 ἀέρι
679 2309 825 2354 ὑγιείας.

84 2354 244 2386 8ὶιτκ1εικ
279 2355 337 2386 die
367 2356 648 2399 Hieroglyphen
680 2357 716 2389 in
744 2358 825 2389 dem

83 2399 237 2441 Mythns
283 2400 346 2430 des
393 2401 578 2443 Aesculap
625 2401 826 2442 (Meining.

87 2446 192 2481 1819)
219 2456 251 2486 p.
270 2447 302 2476 9.
327 2446 376 2475 10.
413 2444 584 2477 Crenzer.
611 2446 659 2484 ll,
688 2458 719 2487 p.
744 2449 823 2478 559.

129 2489 313 2527 salutifero
346 2489 630 2531 temperamento]
668 2491 725 2522 Cf.
754 2491 824 2522 Co-

84 2533 173 2565 lum.
200 2533 271 2573 111.
300 2535 359 2572 12,
383 2535 416 2565 3.
452 2534 546 2577 Opus
571 2540 620 2567 est
645 2535 733 2567 inter
759 2535 823 2567 has

85 2583 155 2611 tam
203 2578 360 2610 diversas
412 2580 644 2620 aequalitates
691 2591 823 2622 magno

84 2627 437 2665 temperamento,
457 2624 546 2665 quod
570 2625 605 2655 in
626 2625 824 2666 corporibus

85 2678 219 2709 quoque
251 2669 380 2700 nostris
406 2668 646 2707 desideratur,
680 2680 824 2711 quorum

86 2712 174 2743 bona
200 2712 364 2745 valetudo
385 2713 493 2745 calidi
516 2718 545 2745 et
565 2714 721 2757 frigidi,
756 2714 822 2746 hu-

85 2756 172 2788 midi
194 2762 225 2789 et
249 2757 360 2797 aridi,
389 2757 486 2789 densi
509 2763 539 2790 et
564 2760 654 2797 rari,
678 2763 766 2791 certo
792 2763 824 2791 et

88 2801 190 2843 quasi
214 2803 410 2834 esaminato
434 2803 534 2834 modo
559 2804 764 2836 continetur.

130 2847 164 2875 2.
202 2847 350 2889 figurae
378 2846 582 2889 draconum]
623 2847 680 2879 Cf.
712 2848 825 2881 Rea!-

87 2889 240 2932 Encyol.
269 2890 303 2930 l.
330 2902 364 2932 p.
391 2893 454 2924 190
480 2903 532 2933 sq.
583 2891 767 2925 Cornutus
793 2905 823 2925 c.

91 2934 146 2965 33.
171 2930 244 2966 Διὰ
269 2935 378 2968 τοῦτο
400 2932 469 2978 γὰρ
500 2932 725 2978 δράκοντα
756 2933 825 2971 αὖ·

894 1786 1039 1819 σχουσιν
1063 1777 1097 1810 οὶ
1114 1776 1287 1821 χρώμενοι
1308 1781 1350 1824 τῇ
1368 1780 1521 1824 ἰατρικῇ,
1538 1780 1630 1815 κατὰ

893 1820 935 1854 τὸ
968 1821 1078 1854 οἱονεὶ
1112 1820 1318 1862 ἀνανεάζειν
1348 1822 1385 1857 ἐκ
1414 1826 1485 1857 τῶν
1516 1824 1633 1860 νόσων

894 1866 954 1899 καὶ
980 1863 1230 1900 ἐκδύεσθαι
1257 1866 1304 1901 τὸ
1330 1869 1481 1911 γῆρας.
1521 1872 1634 1904 Rea!-

895 1912 1044 1953 Encycl.
1077 1911 1110 1952 l,
1152 1924 1185 1955 p.
1220 1917 1284 1945 189
1309 1925 1383 1956 sq.‚
1425 1915 1634 1959 Boettiger.

893 1956 947 1988 ld.
973 1957 1000 1995 1,
1030 1968 1061 1998 p.
1082 1960 1137 1989 56.

936 2002 1026 2044 pelle
1049 2002 1232 2034 senectutis
1256 2003 1376 2045 exuta]
1404 2003 1459 2036 Cf.
1485 2004 1633 2039 Cornut.

894 2046 918 2078 l.
943 2057 972 2077 c.
1019 2046 1163 2079 Plinius
1188 2046 1230 2079 N.
1256 2048 1300 2079 H.
1329 2048 1446 2087 XXX,
1474 2053 1494 2082 9
1519 2063 1548 2082 s.
1576 2054 1632 2085 23.

897 2091 996 2133 §eh
1031 2091 1085 2123 ait
1118 2093 1362 2124 membrana
1399 2097 1633 2129 senectutis

894 2136 1087 2179 anguium,
1126 2142 1162 2169 et
1200 2137 1372 2177 xxvm,
1407 2141 1442 2171 ll
1477 2152 1505 2172 s.
1528 2143 1583 2173 48.
1615 2142 1630 2183 §

897 2184 971 2212 175.
1014 2186 1155 2213 cutem
1194 2193 1298 2224 quam
1332 2184 1531 2226 relinquunt
1567 2198 1633 2218 an-

894 2237 994 2269 gues,
1022 2227 1084 2258 sed
1109 2226 1204 2265 vul,
1228 2229 1281 2258 31.
1308 2239 1338 2259 s.
1357 2230 1420 2267 493
1449 2229 1524 2268 XX,
1542 2233 1585 2261 23
1603 2243 1632 2264 s.

893 2273 936 2302 95
961 2270 1009 2302 al.
1043 2271 1192 2303 brevius
1223 2271 1313 2304 dicit
1337 2280 1542 2307 senectutem
1572 2276 1632 2308 vel

892 2320 1061 2348 senectam
1084 2327 1205 2348 exuere
1229 2323 1430 2358 serpentes.

938 2360 985 2391 ad
1011 2360 1121 2402 ipsum
1146 2361 1262 2404 solem]
1289 2363 1344 2394 Cf.
1371 2374 1402 2395 c.
1427 2365 1480 2395 17.
1508 2365 1528 2404 ἒ
1552 2367 1607 2396 58.

939 2406 970 2435 ¹3.
1018 2402 1091 2436 (Ξπό
1116 2405 1180 2437 τοῦ
1204 2403 1351 2448 ὁέρκειν,
1374 2408 1409 2439 id
1435 2413 1483 2440 est
1502 2408 1631 2450 videre]

891 2448 1077 2481 Pantanus
1112 2450 1241 2483 attulit
1277 2453 1386 2483 verba
1421 2452 1522 2484 Festi
1561 2454 1631 2494 [ap.

892 2492 997 2524 Paul.
1039 2494 1102 2526 lib.
1140 2495 1203 2533 lv,
1240 2507 1273 2537 p.
1313 2497 1399 2539 67.]:
1460 2498 1632 2528 Dracones

893 2537 977 2569 dicti
1012 2532 1085 2569 ἀπὸ
1125 2539 1190 2570 τοῦ
1228 2539 1372 2581 δρακεῖν
1408 2539 1630 2583 [δέρκεσθαι]

892 2582 983 2623 quod
1013 2587 1061 2614 est
1094 2584 1223 2615 videre.
1274 2585 1511 2617 Clarissimum
1542 2587 1631 2617 enim

892 2626 1054 2657 dicuntur
1075 2627 1199 2659 habere
1222 2629 1395 2661 oculorum
1418 2630 1538 2669 aciem.
1562 2642 1631 2672 qua

893 2681 933 2701 ea·
975 2682 1082 2702 causa
1122 2673 1322 2704 incubantes
1366 2685 1421 2705 cos
1459 2675 1632 2706 thesauris

892 2716 1069 2747 custodiae
1115 2728 1223 2748 causa
1258 2719 1438 2758 finxerunt
1484 2720 1631 2762 antiqui.

896 2760 1043 2802 Ideoque
1105 2762 1313 2803 Aesculapio
1379 2764 1631 2804 attribuuntur,

892 2804 982 2845 quod
1008 2805 1272 2847 vigilantissimi
1289 2808 1428 2848 generis
1446 2813 1631 2851 putantur,

892 2859 980 2890 quae
1004 2860 1056 2881 res
1080 2850 1269 2882 medicinae
1292 2853 1441 2884 maxime
1472 2864 1630 2886 necessa-

891 2894 946 2926 ria
968 2898 1027 2927 est.
1066 2894 1243 2927 Dacerius
1265 2901 1349 2938 apte
1373 2898 1531 2931 contulit
1554 2899 1630 2930 Ho-

892 2942 961 2972 rat.
991 2938 1069 2972 Sat.
1101 2939 1135 2981 1,
1168 2941 1206 2982 3,
1236 2942 1280 2973 26
1307 2952 1359 2984 sq.
1398 2943 1484 2976 Tam
1519 2944 1629 2978 cernis
