1845 3131
221 3 303 45 552

849 1 1126 43 MACROBII

219 112 415 153 riantihus
447 109 599 163 poculis
634 109 920 150 minutioribus
949 111 1246 152 Praetextatus:
1298 111 1408 153 Solet
1444 112 1576 161 cibus,
1620 112 1756 166 inquit,

221 182 312 209 cum
340 165 523 214 sumitur,
553 163 696 205 tacitos
728 164 903 214 efficere,
940 171 1058 220 potus
1089 167 1294 220 loquaces:
1321 172 1361 208 at
1389 181 1461 208 nos
1491 172 1530 208 et
1560 167 1661 208 inter
1690 182 1754 222 po-

222 224 309 264 cula
341 222 523 269 silemus,
568 224 772 274 tamquam
803 221 946 262 debeat
976 220 1087 261 seriis
1117 221 1177 262 vel
1206 222 1323 262 etiam
1352 223 1598 278 philosophis
1628 236 1757 263 carere

183 277 456 320 2tractatihus
486 275 564 316 tale
600 276 838 317 convivium.

894 277 948 317 Et
983 277 1264 331 Symmachus:
1310 278 1512 319 verumne
1544 279 1596 320 ita
1628 278 1758 326 sentis,

223 332 353 382 Vetti,
394 337 439 373 ut
467 330 716 386 philosophia
749 332 938 373 conviviis
967 333 1141 382 intersit,
1177 337 1216 373 et
1241 347 1321 373 non
1355 338 1556 388 tamquam
1584 334 1758 375 censoria

312 444 415 486 [uss.
445 442 625 475 Apsum.

223 500 322 537 iam).
346 517 387 522 —-
416 498 613 529 minoribus
636 497 698 529 1²5.
721 516 760 521 -—
788 500 899 536 Solet,
926 500 1056 551 inquit,
1080 499 1182 551 cibus·
1198 498 1362 550 s-bPIIl.
1611 543 1618 552 ἡ

354 589 386 617 2.
433 587 607 618 Utrumne
640 586 772 629 ltingt»
798 589 969 628 ,‚sso‹u.“.
986 545 1319 621 PBtlv-{qg’gllllflssstlssm
1339 554 1410 574 sec·
1435 554 1481 574 m·
1504 543 1569 574 ΗΖΕ-
1592 543 1675 574 Edd-
1693 542 1759 574 PS-

226 544 292 576 112.
314 561 357 567 -
382 542 595 585 philosophis
622 542 645 573 A
673 553 692 574 a
719 554 752 584 p.
778 555 843 582 m.;
873 544 940 576 lli,

401 685 616 716 secundas
663 685 750 716 enim
793 686 960 717 habetis

225 739 412 761 mensas:
444 729 474 760 si
499 729 581 770 quid
603 729 712 762 belli
734 729 859 768 habes,
894 731 959 761 ad-

221 775 288 814 fer.
336 772 461 804 Facile
498 777 597 813 putet
634 772 767 804 lusisse
800 773 959 804 Trimul-

228 816 396 847 chionem
423 816 458 847 in
487 816 732 858 ambiguitate
766 828 961 848 mensarum

224 861 464 898 secundarum,
485 871 577 901 quae
603 865 638 893 et
665 861 822 893 bellaria.
845 861 962 903 sigui-

226 904 335 936 ficant
365 909 401 935 et
427 904 548 936 discos
576 904 610 936 in
637 905 770 946 quihus
799 906 865 937 illu
900 916 960 947 po-

225 949 418 980 nebantur.
455 948 516 980 Sic
540 949 749 981 vaticinium
775 950 964 992 Harpyiae

226 993 320 1033 upud
348 991 478 1033 virg-il.
499 993 586 1025 Aen.
611 993 686 1032 ΙΙΙ,
708 996 775 1025 255
799 1005 876 1036 sqq.
910 993 964 1025 ni-

227 1036 316 1068 titur
365 1036 609 1078 ambiguitate
658 1038 759 1069 vocis
814 1049 963 1079 mensae,

227 1091 335 1120 quum
363 1081 426 1111 lib.
455 1081 530 1122 vlt,
557 1092 587 1112 v.
618 1084 691 1113 116.
739 1081 842 1114 Iulus
869 1094 964 1113 men-

226 1136 283 1156 sas
306 1124 403 1155 dicat
427 1125 556 1156 adorea
579 1125 649 1157 liba
673 1130 725 1164 (v.
756 1127 847 1165 109.)
873 1136 965 1166 (luae

227 1167 462 1200 subiecerant
501 1169 632 1210 epulis.
693 1170 794 1211 Apud
836 1170 965 1202 Petro—

228 1212 326 1244 nium
362 1213 457 1244 conf.
489 1212 659 1254 inprimis
686 1225 716 1245 c.
744 1216 799 1245 73.
830 1224 967 1246 mensas

229 1261 318 1288 totas
352 1262 539 1299 argenteas
563 1268 656 1299 quae
689 1269 769 1289 cum
802 1259 966 1290 calicibus

219 1300 392 1341 fictilibus
423 1302 557 1333 auratis
582 1302 754 1334 dicuntur
787 1313 807 1333 a
834 1302 964 1333 Fortu-

230 1348 314 1375 nata
351 1344 386 1376 in
426 1344 589 1377 triclinio
632 1357 713 1377 esse
751 1346 965 1387 dispositae.

227 1387 329 1419 Adde
355 1388 459 1429 Apul.
488 1389 634 1420 Momm.
663 1390 713 1429 X,
741 1392 792 1421 16.
828 1401 860 1431 p.
888 1393 964 1421 707.

231 1432 307 1474 Ipse
330 1433 488 1464 manibus
511 1433 558 1464 ad
582 1434 769 1465 triclinium
789 1434 965 1475 perduxit,

228 1486 446 1518 mensaque
500 1478 651 1518 posita
703 1488 800 1509 omne
853 1488 965 1520 genus

228 1519 379 1551 edulium
404 1520 590 1552 solidorum
615 1526 646 1553 et
671 1522 809 1553 illibata
825 1521 965 1562 fercula

229 1563 328 1595 iussit
355 1564 496 1606 apponi.
545 1564 627 1597 Huc
663 1566 875 1596 referendus
910 1570 965 1596 est

229 1607 387 1638 fortasse
434 1607 545 1640 etiam
588 1609 690 1640 locus
728 1608 891 1641 Petronii
936 1619 964 1640 c.

231 1653 325 1681 135.:
358 1651 531 1684 Oenothea
565 1663 754 1685 mensam
788 1658 965 1685 veterem

226 1695 375 1736 posuit
401 1696 435 1727 in
462 1697 574 1728 medio
599 1698 725 1736 altari,
750 1708 851 1739 quam
878 1697 967 1728 vivis

230 1739 384 1780 implevit
409 1741 622 1780 carbonibus,
649 1753 754 1782 quem
781 1741 967 1773 Fontanus

230 1782 305 1813 ulio
343 1794 449 1815 sensu
490 1784 617 1816 attulit
655 1786 698 1816 ad
737 1785 809 1825 111,
848 1788 906 1825 11,
933 1787 965 1816 6.

232 1825 396 1867 Denique
431 1827 504 1859 vid.
535 1829 632 1860 Ptin.
664 1829 704 1860 N.
731 1829 774 1860 II.
804 1829 967 1868 xan,

230 1873 264 1909 2,
290 1881 316 1901 s.
343 1873 376 1911 5,
403 1872 423 1910 ἓ
447 1874 502 1904 26.
530 1873 672 1905 Bibente
694 1873 837 1905 convica
859 1884 965 1904 men-

230 1924 316 1945 sam
345 1915 412 1946 vel
440 1918 752 1958 repositorium
784 1917 885 1949 tolli
911 1917 965 1948 iu-

230 1958 544 1999 auspicatissimum
568 1961 763 2000 iudicatur,
782 1972 887 2002 quem
914 1962 967 1991 lo—

231 2011 311 2032 cum
348 2013 427 2033 cum
465 2003 667 2046 virgiliano
705 2005 770 2036 illo
810 2004 965 2036 cuntulit

233 2044 503 2087 Dalerampius.
556 2048 765 2089 Xenophon,
794 2048 964 2090 Sympos.

229 2090 263 2128 2,
285 2090 312 2138 ¹:
337 2084 404 2125 Ὡς
428 2086 741 2133 ἀφῃρέθησαν,
764 2092 895 2133 inquit,
920 2090 965 2123 αἱ

230 2131 468 2181 ξραῖιεζαι,
526 2133 588 2166 καὶ
645 2132 851 2166 ἐσπείσαντο
904 2134 965 2166 καὶ

229 2182 453 2206 enatavimus.
512 2176 568 2208 Cr.
610 2178 763 2210 Becker.
797 2178 964 2210 Charikl.

230 2216 258 2255 1,
283 2227 316 2256 p.
339 2219 416 2249 441.
465 2219 595 2252 Vocem
622 2233 739 2253 mensa
770 2222 863 2253 hanc
890 2222 961 2253 vim

230 2259 366 2292 habere
421 2267 532 2301 negat
583 2265 619 2295 A.
671 2265 962 2297 Haeckermunn.

231 2303 362 2335 Philol.
389 2304 536 2338 Archiv.
565 2307 653 2339 xvl.
681 2311 712 2347 4,
740 2320 773 2350 p.
798 2312 857 2340 581
886 2321 940 2350 sq.

276 2348 465 2381 discursum
496 2351 712 2384 variantibus
741 2354 873 2393 poculis
898 2354 963 2385 mi-

230 2392 435 2434 nutioribus]
470 2394 609 2433 „Varro
643 2396 714 2437 [ap.
741 2396 830 2428 Non.
852 2396 889 2436 I,
913 2397 962 2438 6.]

233 2434 323 2465 Dum
349 2446 501 2469 sermone
523 2440 699 2470 coenulam
724 2441 963 2472 variamus,

230 2477 423 2510 Petronius
448 2480 491 2520 [c.
518 2482 604 2524 137]
634 2483 853 2515 Volabant
878 2485 966 2516 inter

230 2520 314 2552 haec
349 2525 504 2563 potiones
540 2527 735 2558 meracae.“
772 2527 884 2558 l'oiwr.
922 2544 965 2551 —

230 2563 417 2613 Ppsterior
439 2568 540 2599 locus
564 2569 794 2611 suffragatur
818 2570 966 2613 proprio

229 2608 454 2648 significatui
504 2612 604 2644 vocis
654 2614 850 2646 discursus:
901 2615 965 2646 sed

229 2651 330 2690 prior
356 2655 609 2694 metaphorica
636 2657 710 2696 illi,
742 2669 847 2698 quem
875 2658 965 2689 For-

229 2694 385 2743 cellinns
409 2708 551 2738 quioque
575 2699 611 2731 h.
639 2701 661 2731 l.
687 2701 719 2731 ei
747 2702 898 2741 tribuit,
926 2705 965 2733 ut

228 2737 323 2788 idern
351 2739 539 2782 significet
563 2753 606 2773 ac
631 2754 757 2781 sermo,
788 2745 882 2776 unde
908 2756 963 2776 re-

228 2786 408 2829 centiores
446 2784 571 2817 dicunt
607 2786 633 2817 il
672 2788 822 2820 discorso
861 2791 897 2820 et
933 2789 965 2820 te

229 2824 391 2859 discours.
447 2828 517 2860 Illa
550 2832 670 2862 aetate
707 2830 802 2863 hanc
839 2842 962 2864 vocem

223 689 356 723 tentus,

1410 499 1532 540 inquit.
1563 499 1645 531 solet
1672 499 1761 530 cibus

1339 599 1356 619 o
1383 587 1490 620 recti
1513 587 1550 618 Α.
1589 607 1631 610 -
1661 598 1758 618 vere-

1028 688 1098 719 hac
1123 687 1156 719 vi
1185 687 1255 719 ium
1289 697 1370 718 esse
1398 690 1609 728 usurpatam
1632 685 1763 727 prohat

1029 732 1259 763 Fui-cellinus
1285 729 1406 762 verbis
1426 731 1514 772 Imp.
1535 728 1760 761 Constantini

1029 776 1064 807 in
1101 775 1186 807 cod.
1225 775 1412 806 Theodns.
1452 775 1522 814 lx,
1552 777 1613 814 24,
1640 776 1669 806 l.
1704 784 1760 805 re-

1029 820 1156 862 dempti
1182 820 1423 855 discursus,
1463 830 1555 860 (lune
1585 818 1762 859 interpre-

1030 869 1145 895 tatur:
1179 862 1472 902 „collocutiones
1499 874 1578 893 cnm
1605 863 1762 904 puella“‚

1031 912 1086 946 et,
1112 907 1162 938 ita
1186 908 1216 939 si
1242 907 1470 948 explicatur,
1499 917 1622 937 sensus
1647 905 1687 937 fit
1712 904 1762 937 si·

1033 952 1132 984 milis
1174 951 1221 982 iis
1257 961 1349 992 qnae
1386 951 1557 991 leguntur
1590 950 1640 989 ll,
1672 952 1704 988 Ι,
1734 952 1762 980 l.

1034 997 1099 1028 llic
1124 997 1181 1027 ubi
1204 996 1376 1027 modestus
1399 995 1524 1026 edendi
1545 995 1660 1026 nmlus
1690 1005 1760 1025 ces-

1033 1051 1109 1072 sare
1131 1041 1215 1079 serit
1243 1039 1479 1071 castimoniam
1495 1039 1705 1079 serculorum
1732 1042 1763 1069 et

1033 1085 1276 1116 convivalis
1322 1083 1510 1115 laetitia
1551 1083 1762 1114 minuscu-

1034 1129 1090 1160 lis
1114 1128 1290 1170 poculis
1323 1127 1552 1159 oriebatur.
1602 1126 1672 1157 Sed
1709 1130 1763 1157 ta-

1034 1183 1114 1204 men
1163 1172 1256 1203 hunc
1307 1171 1643 1212 inter-pretationem
1694 1181 1763 1201 non

1033 1228 1113 1248 esse
1146 1215 1410 1248 admittendam
1441 1216 1567 1247 duce-ut
1599 1225 1642 1246 ea
1670 1224 1765 1255 quae

1033 1265 1252 1302 sequuntur:
1292 1265 1328 1292 at
1362 1270 1422 1291 nos
1457 1264 1488 1291 et
1524 1259 1608 1290 inter
1637 1258 1762 1300 pocula

1032 1306 1221 1337 silemus.
1271 1304 1335 1335 Eat
1365 1314 1453 1345 ergo
1481 1304 1667 1334 discursum
1696 1313 1762 1333 va-

1031 1349 1203 1380 riantibus
1233 1347 1327 1379 idem
1359 1348 1435 1378 fere
1469 1357 1510 1379 nc
1538 1347 1636 1377 vario
1663 1347 1763 1378 modo

1031 1394 1120 1424 inter
1161 1393 1324 1424 convivas
1369 1391 1646 1422 discurrentibus.
1705 1389 1760 1420 Cf.

1033 1437 1109 1468 Sat.
1134 1436 1181 1474 V,
1212 1439 1269 1476 17,
1292 1439 1324 1467 3.
1367 1436 1429 1466 Per
1464 1435 1609 1467 mediam
1646 1435 1761 1465 urbem

1032 1481 1169 1524 cogitur
1189 1482 1309 1520 fucere
1342 1479 1586 1517 discursus,
1625 1478 1763 1509 Comm.

1035 1525 1068 1563 I,
1091 1526 1153 1563 21,
1182 1527 1233 1555 10.
1274 1524 1343 1555 Sed
1378 1524 1469 1554 intra
1499 1523 1602 1554 unius
1636 1522 1765 1564 obliqui

1033 1569 1115 1600 circi
1159 1568 1299 1599 limitem
1348 1577 1461 1598 ontncs
1505 1567 1629 1598 habere
1675 1566 1762 1597 dis-

1033 1623 1193 1650 cursus,
1225 1611 1298 1643 Sat⁴
1326 1611 1363 1650 V,
1384 1612 1433 1650 14,
1448 1611 1477 1642 4.
1502 1611 1597 1642 Alter
1614 1610 1763 1651 (apum)

1035 1657 1272 1688 discursum
1298 1661 1329 1688 et
1354 1655 1459 1687 solam
1485 1655 1622 1686 volatus
1647 1654 1763 1685 varie-

1034 1706 1135 1733 tatem
1161 1700 1336 1742 exprimit,
1365 1704 1399 1730 et
1421 1698 1457 1730 S.
1483 1699 1511 1739 l,
1541 1701 1594 1738 lo,
1617 1700 1673 1729 24.
1704 1698 1763 1729 St-

1035 1744 1258 1787 gillariorum
1313 1744 1447 1775 adiecta
1499 1743 1678 1775 celebritas
1727 1742 1763 1773 in

1034 1793 1159 1831 septem
1203 1788 1274 1819 dies
1308 1788 1546 1818 discursum
1588 1787 1763 1828 publicum

1037 1838 1068 1864 et
1103 1832 1271 1863 laetitiam
1309 1831 1490 1873 religionis
1522 1831 1690 1870 extendit,
1729 1832 1766 1860 et

1036 1875 1202 1918 Xenopli.
1246 1875 1411 1916 Sympos.
1447 1877 1485 1911 2,
1517 1877 1571 1906 27.
1605 1870 1664 1911 Ὡς
1697 1869 1764 1915 χρὴ

1034 1916 1120 1957 τοὺς
1145 1916 1330 1960 οἰνοχόους
1353 1919 1542 1959 μιμεῖσθαι
1566 1915 1652 1955 τοὺς
1678 1914 1766 1958 ἀγα-

1034 1960 1131 2000 θοὺς
1152 1958 1405 2003 ἁρματηλάτας
1428 1961 1603 1994 θᾶττον
1627 1970 1765 2003 περιε-

1035 2003 1286 2042 λαύνοντας
1319 2002 1399 2043 τὰς
1433 2003 1624 2042 κύλικας.

1075 2050 1286 2091 philosophis
1312 2060 1426 2080 carere
1454 2049 1671 2090 tractatibus]
1704 2046 1766 2079 Sic

1032 2093 1110 2124 sine
1136 2094 1210 2123 ulla
1238 2092 1465 2123 dubitatione
1490 2092 1640 2133 scripsi,
1678 2102 1766 2132 quo-

1032 2137 1129 2168 niam
1159 2136 1174 2176 §
1197 2138 1247 2166 13.
1278 2136 1355 2167 sola
1380 2137 1464 2167 edit.
1491 2135 1635 2176 Bipont,
1673 2135 1766 2166 Zen-

1032 2180 1091 2212 nio
1122 2184 1271 2211 auctore
1302 2180 1456 2211 alterum
1485 2179 1657 2212 adiectivi
1690 2179 1766 2210 l'or-

1032 2235 1136 2262 mum,
1159 2224 1436 2265 philosophicis,
1461 2223 1610 2255 exhibet
1660 2222 1765 2253 conf.

1031 2267 1220 2299 Plutarchi
1245 2267 1412 2308 Sympos.
1434 2267 1461 2306 Ι,
1480 2271 1510 2305 1,
1531 2271 1559 2299 1.
1581 2278 1616 2308 p.
1631 2269 1706 2297 612.
1724 2265 1764 2297 F.

1034 2310 1083 2342 Εἰ
1107 2308 1276 2352 χρηστέον
1302 2307 1338 2342 ἐν
1373 2309 1458 2353 ot'vcp
1493 2308 1766 2352 φιλοσόφοις

1031 2351 1191 2395 λόγοις.

1075 2400 1108 2428 ⁶2.
1156 2403 1333 2439 tamquam
1361 2399 1514 2429 censoria
1540 2396 1710 2439 quaedam
1733 2420 1740 2427 .
1756 2419 1765 2428 .

1032 2441 1313 2482 materfamilias]
1345 2441 1401 2473 Cf.
1426 2442 1478 2481 ll,
1501 2444 1540 2479 2,
1567 2443 1618 2471 16.
1645 2439 1765 2470 Omni-

1032 2486 1092 2517 bus
1125 2485 1161 2516 ἱη
1193 2486 1431 2517 censorium
1466 2485 1571 2516 risum
1604 2483 1765 2514 remissis.

1033 2532 1069 2560 et
1094 2528 1191 2559 infra
1213 2540 1242 2560 c.
1264 2530 1295 2560 4.
1319 2529 1334 2569 §
1358 2532 1379 2560 3
1403 2553 1412 2568 ‚
1436 2528 1496 2559 uhi
1520 2526 1673 2558 censoria
1700 2536 1766 2566 op-

1034 2571 1181 2613 ponitur
1203 2573 1383 2611 delicatae,
1403 2571 1509 2611 Apul.
1533 2570 1576 2600 de
1597 2572 1764 2610 mag-13.

1036 2617 1199 2658 Sequitur
1223 2617 1310 2647 enim
1334 2616 1375 2647 de
1398 2615 1532 2656 speculo
1560 2614 1668 2654 longa.
1702 2613 1766 2644 illa

1033 2664 1065 2691 et
1088 2660 1292 2691 censoria
1315 2659 1437 2694 oratio,
1461 2656 1521 2687 nbi
1542 2655 1766 2688 Hildebrnn-

1033 2703 1100 2734 dus
1132 2703 1244 2733 altato
1275 2702 1353 2732 loco
1378 2700 1532 2741 Quintil.
1560 2700 1648 2730 lnst.
1676 2699 1706 2739 I,
1732 2701 1766 2738 4,

1032 2749 1062 2777 3.
1104 2745 1212 2785 „Sic,
1252 2743 1388 2784 inquit,
1432 2754 1566 2783 censor,
1608 2753 1765 2782 censura,

1032 2788 1202 2820 censorius
1248 2787 1444 2827 aliquoties
1491 2787 1534 2817 de
1580 2787 1766 2818 severiore

1032 2841 1171 2862 morum
1199 2841 1352 2863 censura
1377 2831 1634 2872 usurpantur-‘⁶
1677 2830 1766 2863 Plu-
