1845 3131
162 34 246 78 298
780 33 1056 75 MACROBII

162 148 195 189 si
225 147 341 188 sciret
366 151 525 186 taurum
553 140 749 183 immolari
775 140 867 182 huic
894 142 969 183 deo
994 143 1178 192 vetitum,
1203 149 1272 185 aut
1300 145 1331 185 si
1359 146 1562 187 didicisset
1590 146 1699 200 quod

164 204 321 245 Atteius
365 200 506 254 Capito
546 197 862 252 conprehendit?
928 198 1053 239 Cuius
1096 199 1213 240 verba
1256 214 1303 241 ex
1342 201 1442 243 libro
1486 202 1614 256 primo
1652 203 1700 242 de

162 260 247 300 iure
275 256 559 299 sacrificiorum
588 254 684 295 haee
715 258 825 294 sunt:
855 254 990 309 Itaque
1019 255 1109 295 Iovi
1132 263 1246 296 tauro
1275 272 1386 298 verre
1415 260 1534 299 ariete
1564 261 1697 299 innno-

123 317 241 356 4lari
268 328 348 354 non
376 313 471 353 licet.
524 311 657 351 Labeo
686 324 779 350 vero
808 309 1053 363 sexagesimo
1085 316 1124 351 et
1152 316 1292 352 octavo
1322 313 1422 353 libro
1459 314 1591 354 intulit
1622 316 1703 355 nisi

160 372 338 425 Neptuno
376 368 551 423 Apollini
585 375 618 408 et
650 367 775 408 Marti
803 374 962 406 taurum
997 381 1077 407 non
1112 368 1319 408 immolari.
1383 369 1488 409 Eece
1522 370 1698 423 pontifex

160 432 253 467 tuus
279 425 373 480 quid
404 424 507 478 apud
541 436 639 477 quas
665 436 753 462 aras
783 426 977 462 mactetur
1010 422 1177 475 ignorat,
1204 437 1292 463 cum
1321 424 1378 464 vel
1406 425 1576 465 aedituis
1604 425 1700 466 haee

121 485 255 525 5nota
283 482 361 522 sint
393 486 432 521 et
464 485 642 521 veterum
673 492 753 518 non
781 478 950 518 tacuerit
980 478 1184 519 industria.
1249 480 1311 520 Ad
1344 479 1440 521 haec.
1471 482 1699 521 Praetexta-

158 544 222 580 tus
248 537 449 578 renidens:
481 535 640 586 Quibus
668 535 833 575 deorum
860 540 975 575 tauro
1004 534 1244 584 immoletur,
1273 536 1303 575 si
1333 536 1390 577 vis
1421 550 1510 577 cum
1535 537 1699 591 Virgilio

160 593 474 640 communicare,
513 592 597 645 ipse
623 596 663 631 te
694 590 872 631 docebit:

332 650 507 690 Taurum
537 648 734 702 Neptuno,
765 654 924 686 taurum
952 647 1038 694 tibi,
1065 647 1229 701 pulcher
1254 647 1403 702 Apollo.

122 704 282 749 6Vides
320 705 359 745 in
397 717 516 759 opere
551 708 692 757 poetae
722 702 838 742 verba
866 702 1094 742 Labeonis?
1148 703 1274 755 Igitur
1306 710 1351 743 ut
1382 703 1458 743 hoc
1495 703 1609 743 docte
1646 702 1699 743 ita

161 761 256 803 illud
285 767 434 815 argute.
488 761 588 800 Nam
623 758 797 798 ostendit
825 757 900 798 deo
930 772 1010 797 non
1044 758 1197 798 litatum
1228 758 1318 799 ideo
1348 765 1528 799 secutum

329 816 579 858 Horrendum
607 815 712 855 dictu
741 822 773 854 et
801 815 888 854 visu
915 814 1092 854 mirabile
1120 823 1345 855 monstrum.

124 875 267 928 7Ergo
295 872 510 927 respiciens
541 870 589 911 ad
626 870 757 910 futura
794 869 965 909 hostiam
996 870 1233 910 contrariam
1265 870 1367 911 feeit.
1437 870 1513 911 Sed
1553 875 1592 911 et
1628 884 1697 910 no-

159 935 270 972 verat
298 930 404 970 hune
436 941 609 968 errorem
643 940 721 965 non
754 939 841 965 csse
869 925 1157 979 inexpiabilem.
1215 926 1374 967 Atteius
1405 926 1509 966 enim
1543 926 1700 980 Capito,

159 1000 278 1041 quem
308 986 348 1026 in
377 985 461 1026 acie
487 988 625 1024 eontra
655 982 862 1022 Maronem
892 981 1048 1029 locasti,
1076 981 1220 1022 adiecit
1249 982 1344 1022 bace
1375 983 1512 1023 verba:
1537 983 1587 1025 Si·
1613 984 1698 1037 quis

155 1045 256 1098 forte
285 1051 399 1083 tmiro
433 1041 521 1081 Iovi
544 1040 687 1094 fecerit,
716 1038 919 1092 piaculum
945 1038 1045 1078 (lato.
1105 1038 1380 1078 Committitur
1407 1052 1500 1089 ergo
1530 1051 1591 1078 res
1617 1052 1697 1078 non

160 1098 319 1152 quidem
357 1095 560 1151 inpianda‚
600 1094 757 1135 insolita
787 1099 938 1134 tamen:
985 1100 1024 1133 et
1059 1094 1322 1135 committitur
1350 1109 1430 1135 non
1460 1089 1696 1147 ignorantia,

160 1154 229 1195 sed
252 1159 297 1195 ut
327 1154 459 1194 locum
494 1156 675 1192 monstro
701 1150 848 1191 faceret
880 1155 1081 1191 secuturo.

247 1266 349 1309 [mss.
382 1264 547 1297 ABGPS.

158 1321 310 1362 licolum]
346 1323 431 1352 Aen.
458 1319 530 1359 ΙΙΙ,
554 1321 608 1350 21.
648 1337 692 1342 -
730 1322 867 1350 taurum
894 1316 1056 1358 BGSv-g
1070 1316 1144 1353 (Ml
1174 1326 1194 1347 a
1220 1327 1291 1347 ser.
1317 1317 1382 1357 111.)
1400 1316 1544 1348 ΜΞΡ26.
1592 1322 1699 1349 tauro

156 1365 279 1398 As-bP
294 1365 368 1406 (Ml
395 1375 416 1396 a
442 1376 474 1405 p.
495 1363 698 1399 11133'131’5.
736 1379 776 1385 —
814 1363 844 1393 si
874 1361 1242 1403 comprehendisset
1266 1360 1363 1391 l’s-z.
1391 1361 1483 1399 „Ed.
1508 1365 1577 1392 vet.
1602 1362 1697 1393 ‹lidi-

156 1411 265 1442 cisset.
316 1409 418 1450 Quod
448 1407 728 1449 praeferendum
756 1405 900 1437 videtur
929 1411 1121 1447 propterca
1146 1405 1238 1445 quod
1265 1405 1387 1436 statim
1417 1405 1582 1446 sequitui·
1606 1417 1697 1436 com-

156 1454 349 1497 prehcndit.
398 1453 487 1484 Nam
516 1456 659 1491 noster,
696 1455 733 1481 ut
765 1450 963 1491 aliquoties
988 1449 1212 1485 monuimus,
1253 1449 1372 1480 studio
1400 1455 1621 1481 commutate
1643 1449 1693 1481 di-

159 1498 264 1531 cendi
291 1497 452 1529 trahitur
478 1496 672 1528 inaxinie.“
694 1495 804 1526 Zeun.
940 1496 970 1525 4.
1009 1495 1134 1525 innuit
1161 1504 1185 1535 g
1208 1493 1241 1524 in
1268 1504 1339 1533 mg.
1369 1512 1404 1515 —
1433 1495 1575 1535 quidem
1601 1495 1698 1536 apud

160 1555 193 1575 v.
319 1544 340 1573 5
384 1542 577 1573 immoletur
603 1547 701 1572 tauro
724 1539 831 1581 Sv-gr.
880 1544 1014 1570 taurus
1039 1539 1230 1569 immoletur
1255 1538 1285 1568 G
1312 1537 1346 1568 iu
1372 1548 1460 1579 ing.³
1483 1539 1543 1569 ubi
1568 1538 1697 1580 legun-

159 1592 218 1620 tur
242 1586 380 1618 omissa
406 1586 517 1617 verba
542 1586 625 1617 haec
651 1608 682 1616 ..
708 1586 737 1616 si
761 1585 820 1615 vis.
866 1602 897 1606 —
936 1582 1102 1623 Taurum]
1130 1582 1212 1612 Aen.
1236 1581 1302 1616 ΙΙΙ,
1331 1584 1402 1612 119.
1538 1585 1569 1613 6.
1610 1583 1697 1614 ideo

156 1644 225 1664 non
248 1631 338 1662 Mss.
363 1642 439 1664 v—z.
481 1649 513 1653 —
552 1630 618 1661 deo
646 1629 681 1660 b.
724 1647 755 1650 -
800 1626 1028 1669 Hom-endum]
1069 1628 1155 1657 Aen.
1183 1626 1253 1665 ΙΙΙ,
1281 1629 1335 1658 26.
1373 1644 1413 1649 -
1450 1632 1480 1658 ct
1517 1627 1609 1659 ‹Iictn
1645 1628 1699 1659 υἰ-

158 1678 230 1709 deo
260 1676 359 1718 Virg.
397 1676 422 1707 Ι.
461 1686 490 1706 c.
626 1677 656 1705 7.
698 1684 768 1704 esse
802 1684 870 1704 non
904 1671 1118 1713 empiabilem
1158 1675 1255 1711 (sup.
1292 1670 1374 1702 add.
1409 1671 1461 1708 in)
1502 1671 1544 1702 G.
1587 1690 1626 1695 ——-
1661 1672 1698 1703 in

158 1722 271 1753 aciem
298 1720 335 1751 S.
369 1738 413 1744 —
442 1725 543 1751 tauro
573 1718 663 1758 (om.
690 1718 781 1756 Iovi)
808 1728 839 1747 v.
888 1717 963 1748 Iovi
985 1721 1085 1747 tauro
1111 1715 1180 1759 i-g.
1215 1733 1256 1739 ——
1291 1715 1467 1758 piaculum
1495 1720 1583 1748 csta
1608 1715 1632 1748 S
1654 1720 1698 1758 (g

157 1766 193 1798 in
219 1768 327 1808 mg).
353 1783 395 1787 —
420 1769 569 1797 monstro
594 1764 702 1794 locum
730 1773 809 1804 x-g.
836 1780 875 1784 -
898 1763 1033 1802 futuro
1059 1760 1109 1791 M.

161 1880 278 1924 prima
305 1883 341 1912 et
363 1879 398 1911 in
424 1879 517 1911 Gud.
542 1889 560 1910 a
586 1877 746 1910 secunda
774 1887 894 1918 manu,
1007 1879 1039 1907 6.
1088 1876 1150 1907 deo
1173 1887 1239 1906 non
1265 1873 1417 1915 litatum]
1442 1872 1531 1905 Cum
1556 1873 1697 1905 editore

160 1925 323 1959 aditum?
964 1920 1177 1962 Biponthw,
1221 1930 1326 1960 quein
1372 1917 1502 1949 merito
1544 1917 1698 1950 offendit

204 1973 235 2001 3.
284 1970 313 2001 si
337 1969 435 2000 sciret
459 1972 597 1999 taurum
622 1966 795 1997 immolari
817 1965 895 1997 huic
963 1965 1054 2006 quod
1079 1965 1189 2006 vulgo
1211 1963 1349 2006 legitur
1371 1963 1501 2004 duplex
1529 1963 1617 2002 ideo,
1643 1963 1697 1995 sic

161 2015 222 2047 deo
244 2013 399 2054 vetitum]
423 2011 475 2042 Cf.
492 2011 594 2042 Serv.
618 2010 660 2041 ad
679 2010 715 2041 h.
732 2010 831 2050 Vin-g.
852 2010 892 2040 l.:
962 2008 1113 2049 scripsi:
1134 2019 1213 2039 nam
1241 2013 1278 2038 ut
1297 2007 1465 2038 absolute
1485 2007 1555 2037 dici
1577 2011 1697 2048 potest

167 2060 295 2090 Contra
320 2058 489 2088 rationem
518 2055 592 2086 Ιουί
622 2060 757 2086 taurum
784 2053 893 2085 sacri·
963 2054 1075 2093 litari,
1119 2053 1170 2084 ita
1197 2051 1280 2082 1111(Ιί
1316 2055 1435 2091 potest
1464 2050 1610 2082 dativus
1636 2062 1695 2083 ca-

152 2104 243 2144 ficat
350 2101 477 2141 Ubique
503 2099 590 2130 enim
620 2099 691 2129 Ioui
716 2098 893 2129 iuvencum
963 2108 1033 2128 susv
1104 2096 1158 2127 Cf.
1199 2095 1273 2126 Cic.
1311 2094 1391 2126 Div.
1435 2094 1486 2133 ΙΙ,
1526 2097 1583 2133 17,
1621 2096 1695 2126 38.:

160 2147 309 2188 legimus
326 2145 549 2180 immolatum.
573 2147 609 2173 nt
626 2142 687 2179 lx,
703 2145 792 2177 627„
814 2141 890 2172 Eol.
967 2140 1083 2181 Quid?
1120 2151 1220 2181 quum
1252 2139 1408 2180 pluribus
1439 2139 1506 2169 diis
1538 2139 1695 2171 immola-

162 2190 229 2229 ΙΙΙ,
252 2193 327 2229 87.,
358 2188 531 2219 luvenalis
558 2186 655 2223 xm,
682 2190 712 2216 9.
742 2186 831 2217 Nam
859 2186 892 2216 iu
962 2190 1035 2221 tur,
1076 2185 1134 2225 qui
1167 2185 1303 2215 tandem
1339 2183 1470 2222 evenit,
1510 2188 1546 2214 nt
1579 2184 1697 2215 litetur

160 2234 308 2266 victimis
326 2233 428 2264 etiam
449 2237 546 2263 aetas
562 2234 608 2261 es!
631 2230 894 2262 consideranda.
964 2229 1095 2267 aliis,
1130 2228 1236 2258 aliis
1268 2238 1334 2258 nou
1362 2225 1505 2258 litetur?
1541 2230 1576 2258 et
1600 2227 1694 2259 Plin.

162 2297 202 2301 —
235 2278 414 2315 Taurum,
440 2274 650 2307 accusativo
676 2285 776 2313 casu,
801 2273 894 2315 legi-
962 2272 1004 2304 N.
1032 2272 1075 2303 Η.
1102 2272 1150 2309 X,
1177 2274 1233 2302 28.
1259 2282 1287 2302 s.
1311 2272 1365 2301 40.
1404 2271 1541 2302 litatum
1575 2277 1623 2303 est
1659 2272 1696 2303 ei

163 2326 221 2354 tur
242 2321 352 2352 etium
379 2320 473 2351 infra
500 2321 518 2359 ἓ
543 2320 572 2349 4.
600 2323 635 2350 vt
661 2329 690 2348 c.
716 2321 782 2356 6‚4
799 2344 807 2358 ,
831 2317 893 2350 sed
962 2318 1054 2348 deo.-
1079 2316 1248 2347 Ceterum
1281 2315 1373 2345 cous.
1400 2326 1427 2345 c.
1455 2316 1486 2345 5.
1511 2314 1527 2355 ἓ
1551 2316 1583 2346 4.

162 2366 197 2398 in
222 2365 412 2407 Capitonis
436 2363 558 2394 verbis
585 2367 619 2394 et
643 2364 662 2401 ἓ
689 2364 720 2393 5.
746 2368 864 2395 tauro.
1007 2360 1096 2402 idco]
1127 2360 1149 2391 i.
1175 2371 1204 2390 e.
1231 2359 1276 2390 ob
1303 2358 1337 2389 id
1363 2359 1482 2400 ipsum
1499 2383 1508 2398 ‚
1536 2362 1574 2390 ut
1599 2357 1695 2390 indi-

203 2411 236 2441 4.
284 2409 415 2450 intulit]
448 2408 503 2439 Cf.
528 2418 556 2439 c.
589 2409 615 2438 Ι.
639 2408 653 2447 ᾖ
679 2409 710 2438 8.
748 2408 798 2439 ita
833 2408 892 2439 in-
962 2410 1108 2437 caretur
1132 2404 1198 2435 deo
1220 2415 1288 2435 non
1316 2414 1396 2434 esse
1422 2402 1580 2434 litatum.

157 2457 255 2494 fert.
1006 2454 1156 2481 secutum
1179 2473 1208 2480 ..
1236 2447 1436 2487 monstrum]
1477 2447 1577 2477 Haec
1611 2450 1695 2478 sunt

210 2499 297 2530 Ecce
318 2498 477 2539 pontifex
510 2495 602 2537 tuus]
637 2494 688 2527 Cf.
721 2495 890 2537 prolegg.
961 2492 1155 2535 iungenda,
1234 2492 1336 2523 Conf.
1393 2491 1503 2521 huius
1562 2489 1694 2531 eapitis

162 2554 194 2584 p.
220 2553 291 2574 xm.
316 2546 350 2573 et
374 2543 401 2581 Ι,
425 2543 479 2578 24,
510 2542 560 2571 16.
963 2537 1070 2569 finem
1100 2541 1135 2569 et
1167 2535 1354 2578 sequentis
1385 2534 1623 2576 principium,
1657 2537 1694 2565 et

206 2592 237 2619 et
263 2610 293 2618 ..
317 2597 385 2618 non
414 2585 575 2626 tacuerit]
604 2583 628 2616 i·
652 2595 683 2615 e.
708 2594 824 2624 neque
851 2593 893 2614 ea
962 2582 1130 2613 Servium
1155 2580 1215 2622 qui
1242 2581 1265 2611 Ι.
1291 2590 1340 2610 c.:
1367 2579 1474 2616 Adeo,
1499 2577 1636 2619 inquit,
1661 2583 1692 2609 ct

162 2630 332 2663 tacuerit.
962 2626 1040 2657 hinc
1082 2630 1223 2666 putetur
1279 2623 1549 2654 subsecutum
1603 2632 1691 2653 esse

206 2678 236 2706 5.
271 2676 325 2706 Ad
345 2673 429 2705 haec
452 2697 481 2704 ..
505 2672 677 2714 renidens]
699 2671 756 2703 cf.
774 2670 848 2708 1‚4‚
862 2671 893 2702 4.
960 2669 1225 2712 prodigium.
1255 2666 1330 2698 Non
1353 2669 1450 2696 recte
1469 2676 1557 2707 ergo
1578 2665 1691 2707 vulgo

208 2719 237 2750 si
267 2720 320 2750 vis
349 2728 423 2749 cum
453 2717 601 2759 Virgilio
631 2714 892 2756 communicare]
962 2713 1107 2754 ponitur
1139 2711 1241 2743 colon
1274 2713 1356 2751 post
1383 2714 1551 2750 secutum,
1585 2708 1692 2749 quasi

164 2762 279 2802 „Proz
304 2761 335 2793 si
358 2760 549 2803 uvirgilio
568 2760 710 2791 discere
730 2758 893 2799 cupias.“
960 2757 1056 2789 idem
1080 2756 1201 2787 valeat
1227 2758 1335 2795 atque
1365 2764 1405 2784 ea
1428 2764 1515 2795 quae
1541 2764 1690 2796 sequun-

164 2806 277 2837 Poiwr.
315 2823 355 2828 —
390 2804 444 2836 Cf.
482 2816 511 2836 c.
546 2807 576 2835 3.
615 2806 634 2844 ἓ
667 2807 699 2835 8.
745 2801 893 2844 Virgilii
959 2806 1026 2834 tur.

163 2848 259 2880 hune
282 2859 425 2880 versum
444 2848 653 2880 Macrobius
676 2856 895 2880 commemo·
1005 2842 1151 2875 hostiam
1178 2840 1387 2873 contrariam
1412 2840 1515 2882 fecit]
1549 2839 1692 2873 Intelli-

165 2896 221 2925 rat
243 2893 353 2925 etiam
380 2893 418 2931 V,
443 2894 496 2933 13,
517 2894 569 2923 11.
963 2898 1049 2930 gas:
1074 2885 1325 2918 immolantem
1352 2888 1471 2926 poeta.
