1871 3126
220 28 297 70 118
853 27 1127 71 MACROBII

216 141 374 189 diebus,
414 151 537 179 unum
573 137 851 179 intercalarent
876 139 1001 191 diem,
1040 154 1087 182 eo
1120 141 1271 182 scilicet
1304 154 1440 182 mense
1475 155 1520 182 ac
1558 142 1647 183 loco
1684 155 1766 197 quo

216 197 334 239 etiam
365 194 470 248 apud
502 199 655 234 veteres
683 194 829 235 mensis
860 195 1192 248 intercalabatur,
1223 197 1260 239 id
1291 203 1352 239 est
1380 203 1470 239 ante
1495 198 1674 253 quinque
1705 198 1765 239 ul-

215 254 336 295 timos
372 249 577 291 Februarii
620 250 767 291 mensis
806 250 910 301 dies,
958 252 1079 307 idque
1115 254 1332 295 bissextum
1371 255 1527 295 censuit
1558 254 1766 296 nominan-

180 310 324 350 7dum.
388 306 486 347 Dies
515 310 647 347 autem
677 306 836 357 decern,
867 322 969 363 quos
995 310 1043 350 ab
1075 323 1122 351 eo
1151 310 1307 352 additos
1337 310 1529 360 diximus,
1559 311 1632 352 hae
1660 311 1766 352 ordi-

218 364 381 406 natione
409 360 634 404 distribuit:
668 363 706 403 in
736 365 966 406 Ianuarium
999 371 1038 406 et
1070 366 1257 408 Sextilem
1286 372 1325 407 et
1356 367 1618 408 Decembrem
1652 367 1768 408 binos

217 421 303 462 dies
331 419 516 468 inseruit,
560 419 600 460 in
631 419 809 474 Aprilem
839 427 970 462 autem
1002 422 1162 463 Iunium
1196 423 1470 478 Septembrem
1501 423 1768 465 Novembrem

217 476 416 531 singulos:
447 476 514 517 sed
548 490 678 530 neque
704 477 829 517 mensi
857 479 1076 520 Februario
1105 479 1259 520 addidit
1289 479 1414 529 diem,
1447 493 1496 520 ne
1522 479 1640 520 deum
1671 478 1768 520 inse-

217 547 305 575 rum
335 532 473 587 religio
505 532 794 583 inmutaretur,
839 540 878 575 et
913 535 1061 577 Martio
1091 535 1201 577 Maio
1234 535 1407 587 Quintili
1439 535 1609 578 Octobri
1639 549 1768 577 serva·

219 591 274 632 vit
299 589 509 645 pristinum
542 594 712 639 statum,
753 591 862 644 quod
894 591 989 633 satis
1020 592 1137 647 pleno
1168 598 1281 634 erant
1311 606 1497 642 numero,
1528 592 1567 633 id
1597 597 1657 633 est
1687 592 1768 633 die-

182 646 307 688 Srum
345 646 591 700 singulorum
630 645 969 703 tricenorumque.
1037 649 1135 690 Ideo
1167 655 1207 691 et
1237 649 1477 704 septimanas
1509 649 1657 690 habent
1686 649 1768 691 No-

219 717 312 752 nas,
356 703 459 743 sicut
484 703 615 744 Numa
643 703 870 754 constituit,
904 704 997 759 quia
1028 706 1124 746 nihil
1156 706 1195 746 in
1224 705 1284 746 his
1316 706 1442 746 Iulius
1473 705 1657 746 mutavit:
1700 704 1769 746 sed

220 759 430 801 Ianuarius
457 759 617 800 Sextilis
642 759 890 810 December,
919 761 1066 815 quibus
1094 762 1240 804 Caesar
1267 762 1383 803 binos
1414 762 1497 802 dies
1527 761 1700 810 addidit,
1724 760 1770 802 li-

220 821 284 857 eet
313 816 485 856 tricenos
517 815 694 868 singulos
724 815 871 857 habere
909 823 999 871 post
1038 818 1248 859 Caesarem
1288 818 1516 872 coeperint,
1558 817 1772 871 quintanas

219 879 351 914 tamen
390 872 539 912 habent
576 873 732 921 Nonas,
780 878 819 913 et
862 873 910 914 ab
949 873 1088 915 Idibus
1127 875 1200 915 illis
1233 879 1446 929 sequentes
1485 874 1690 915 Kalendae
1730 873 1772 914 in

218 928 561 970 undevicesimum
588 934 864 978 revertuntur,
902 929 994 984 quia
1026 931 1172 972 Caesar
1204 945 1305 985 quos
1341 930 1493 971 addidit
1528 930 1611 972 dies
1640 944 1772 984 neque

218 990 310 1027 ante
348 985 482 1027 Nonas
519 998 651 1039 neque
687 990 779 1026 ante
820 986 917 1027 Idus
964 986 1140 1028 inserere
1179 986 1323 1036 voluit,
1370 1001 1419 1028 ne
1453 987 1658 1028 Nonarum
1701 991 1772 1027 aut

222 1042 367 1083 Iduum
398 1040 651 1095 religionem,
687 1055 790 1096 quae
820 1048 923 1084 stato
957 1049 1042 1085 erat
1073 1043 1148 1095 die,
1179 1043 1333 1098 novella
1364 1042 1773 1098 conperendinationc

318 1170 422 1213 [Mss.
449 1170 616 1203 ABGPS.

222 1226 340 1259 dicbus
358 1235 397 1258 ac
421 1226 591 1257 mensibus
615 1226 647 1257 G
672 1226 807 1265 „Haud
835 1227 945 1259 dubie
970 1226 1107 1259 excidit
1132 1226 1312 1269 particula
1337 1227 1390 1259 de.
1414 1226 1504 1259 Nam
1531 1230 1655 1259 noster
1677 1226 1773 1258 solet

223 1271 432 1312 grnecismo
465 1271 640 1312 abreptus
673 1271 782 1302 verbo
817 1283 938 1304 curare
966 1272 1119 1313 iungere
1148 1272 1209 1310 ‹Ie‚-
1241 1276 1280 1303 ut
1306 1282 1418 1314 supra
1443 1283 1522 1314 cup.
1553 1275 1604 1304 ll.
1635 1272 1670 1314 [§
1700 1271 1772 1313 1.]ις

222 1317 332 1347 Zeuu.
359 1333 400 1339 —-
438 1316 563 1347 mensis
589 1327 657 1347 οιιι.
683 1316 788 1347 s-bP.
813 1334 852 1338 ——
890 1323 969 1349 ante
993 1318 1132 1349 ultimos
1157 1317 1306 1359 quinque
1332 1317 1370 1348 S.
1398 1334 1438 1340 —
1477 1318 1649 1350 biscxtum
1670 1317 1773 1358 e-gb.

223 1361 362 1392 Mem-s.
499 1363 530 1392 7.
568 1360 731 1402 diximus]
759 1361 774 1401 ξ
799 1363 829 1391 6.
868 1380 911 1385 -
943 1373 1062 1393 mense
1090 1362 1274 1402 februario
1300 1361 1336 1393 S.
1379 1380 1423 1386 —-
1459 1362 1528 1394 deo
1557 1363 1675 1401 infero
1702 1361 1729 1393 Β
1751 1372 1773 1393 ει

223 1417 294 1437 sec.
320 1416 352 1436 ιιι
376 1417 385 1443 ;
411 1405 443 1437 G
468 1404 581 1446 icligb
618 1405 746 1444 „llaec
773 1406 884 1437 lectio
913 1406 1155 1448 praeferenda
1182 1417 1263 1438 esse
1289 1406 1454 1445 videtur,
1495 1406 1580 1448 quia
1607 1417 1718 1448 supra
1743 1417 1773 1437 c.

226 1452 277 1481 13.
311 1449 342 1491 [§
376 1449 423 1491 3.]
463 1449 516 1481 ait
547 1448 789 1481 Februarium
822 1461 982 1482 mensem
1019 1450 1162 1483 Februo
1199 1451 1266 1482 (leo
1301 1451 1463 1482 dicatum
1500 1453 1622 1483 esse.“
1661 1451 1772 1482 Zeun.

223 1494 303 1526 Vid-
329 1497 404 1526 not.
453 1493 552 1526 deum
583 1494 698 1534 insero
719 1494 747 1525 Β
774 1505 793 1526 a
820 1507 851 1537 p.
879 1507 925 1527 ιιι.
962 1513 1002 1519 ·—
1039 1497 1247 1528 imitaretur
1271 1506 1304 1527 v.
1353 1500 1559 1528 mutaretur
1584 1498 1682 1538 (sup.
1708 1496 1774 1533 im)

224 1538 261 1571 S.
398 1541 432 1570 8.
468 1539 516 1571 sic
543 1538 690 1571 Numma
717 1540 807 1579 (om.
834 1544 889 1578 ul)
917 1543 969 1571 vl.
1009 1558 1048 1564 —-
1083 1540 1215 1572 Iunius
1240 1543 1296 1571 vl.
1333 1558 1373 1564 —
1409 1541 1589 1573 calendas
1609 1540 1694 1584 chg.
1729 1556 1773 1563 --

223 1583 512 1616 undevicesimum
536 1587 625 1622 (οιιι.
647 1584 701 1621 iu)
722 1583 823 1616 ABP.
859 1602 902 1608 —
935 1590 1085 1618 statuto
1109 1584 1283 1628 AGSv-g.
1322 1603 1361 1608 -
1399 1590 1509 1618 eraut
1534 1585 1640 1618 s-bP.

224 1700 281 1731 24.
310 1695 465 1741 δύναμις
496 1695 645 1742 ἦλιακὴ,
684 1710 772 1743 quae
796 1701 967 1740 fructi—

225 1744 301 1776 bus
325 1749 476 1783 θυι-αι,-
514 1744 596 1784 vn,
625 1748 681 1783 12,
708 1748 740 1776 2.
774 1746 816 1776 ab
843 1756 880 1777 eo
908 1746 967 1788 qui

228 1789 489 1831 corporibus
513 1794 648 1828 curat,
676 1794 713 1821 et
742 1792 792 1828 16,
817 1792 873 1822 23.
903 1791 969 1831 Qui

228 1835 342 1866 vitro
390 1834 597 1867 solvendo
639 1835 969 1877 scrutandoque

228 1883 401 1911 curant.

273 1927 355 1955 aute
402 1922 553 1964 quinque
601 1923 740 1955 ultimos
791 1924 972 1956 Februarii

229 1967 355 1999 mensis
380 1966 466 2007 dics]
503 1967 559 1998 Cf.
585 1978 612 1998 c.
641 1970 693 1999 13.
723 1969 743 2008 ἓ
773 1970 823 2000 15.

275 2012 377 2053 idque
405 2011 590 2043 bissextum
623 2014 754 2045 censuit
781 2013 967 2044 nominau-

228 2056 325 2097 dum]
357 2054 411 2086 Cf.
445 2054 619 2087 Laurent.
644 2055 735 2097 Lyd.
763 2057 835 2095 ΙΙΙ,
864 2059 896 2089 4.
922 2053 967 2089 “O

227 2111 261 2131 τι
285 2098 446 2143 βίσεξτον
471 2097 605 2142 λέγθται
629 2099 688 2132 διὰ
714 2098 754 2133 τὸ
786 2099 855 2139 δὶς
883 2097 966 2143 πρὸ

224 2140 271 2184 (ἐξ
295 2143 533 2176 Καλενδῶν
553 2144 772 2187 Μαρτίων
797 2142 968 2187 ἀριθμεῖν

227 2184 328 2230 παρὰ
349 2188 555 2230 τετραετίαν
569 2185 778 2231 Ῥωμαίους,
798 2195 834 2222 et
855 2191 921 2229 Ill,
936 2194 966 2222 7.

228 2232 359 2264 Celsus
393 2233 475 2276 Dig.
506 2233 554 2273 L,
585 2236 643 2274 16,
669 2238 723 2266 98.
756 2236 881 2277 (quem
915 2234 966 2266 ci-

229 2281 282 2310 tat
307 2277 452 2319 Ulpian.
487 2277 534 2310 ib.
570 2278 634 2319 lv,
660 2280 700 2321 4,
726 2281 760 2310 3.
786 2282 805 2320 ἕ
831 2280 882 2321 3.)
921 2279 967 2311 Id

228 2322 427 2361 biduum,
455 2322 590 2364 inquit,
614 2334 677 2366 pro
702 2336 782 2356 uno
809 2325 877 2356 die
901 2324 965 2355 ha-

228 2367 337 2407 betur,
361 2367 419 2399 sed
437 2368 608 2410 posterior
629 2368 702 2400 (lies
726 2369 966 2408 intercalatur,

227 2423 296 2443 uon
329 2412 437 2454 prior,
479 2423 498 2444 e
534 2412 667 2454 quibus
706 2414 775 2445 hoc
810 2414 966 2446 alterum

228 2456 363 2488 falsum
398 2467 480 2488 esse
507 2457 664 2489 videtur.
711 2458 800 2490 Nam
829 2458 882 2490 sic
910 2469 969 2490 es-

228 2504 284 2533 set
316 2501 574 2534 intercalatum
604 2505 685 2544 post
710 2502 968 2546 Regifugium.

229 2545 307 2577 Vid.
332 2549 405 2578 not.
431 2546 474 2578 ad
502 2557 531 2578 c.
561 2548 612 2578 13.
637 2548 657 2587 ἓ
686 2549 738 2578 15.
789 2548 969 2590 Ulpianus

229 2590 253 2621 1.
278 2602 307 2622 c.
334 2591 546 2623 obscurius:
587 2593 756 2634 posterior
790 2593 863 2625 dies
892 2593 968 2624 Ka-

228 2635 412 2667 lendarum
432 2637 673 2669 intercalatur.
713 2637 839 2669 Merae
863 2637 969 2669 fabu-

229 2679 288 2711 lae
313 2684 398 2712 sunt
422 2691 514 2722 quae
537 2681 582 2713 (le
607 2681 769 2714 bissexto
794 2683 970 2725 leguntur

231 2725 326 2765 apud
362 2724 544 2758 Isidorum
586 2725 691 2769 Orig.
731 2727 793 2767 vl,
825 2730 884 2766 17,
912 2729 967 2758 26.

231 2768 454 2801 Censorinus
480 2771 504 2802 l.
523 2782 551 2802 c.
572 2773 732 2802 tantum:
755 2773 845 2813 quod
866 2783 970 2811 nuuc,

232 2812 370 2853 inquit,
417 2815 619 2848 bissextum
651 2822 807 2849 vocatur.
866 2817 970 2848 Hanc

234 2856 285 2888 ibi
312 2858 475 2891 servavit
497 2859 718 2902 scripturam
736 2861 777 2893 Ο.
797 2860 968 2893 Iahnius:

234 2911 350 2942 neque
398 2903 543 2936 codices
597 2905 668 2938 mei
718 2905 971 2948 suffragantur

1039 1699 1201 1733 Meursio
1235 1700 1279 1733 ad
1314 1700 1350 1733 h.
1379 1701 1424 1742 l.,
1463 1700 1700 1744 Heusingero
1737 1700 1773 1733 in

1037 1746 1221 1778 observat.
1260 1746 1464 1787 anubem,
1507 1745 1692 1779 Freundio
1737 1745 1774 1778 in

1039 1790 1177 1828 lexico.
1224 1790 1485 1834 flagitantibus
1521 1795 1560 1824 ut
1592 1790 1775 1823 scribatur

1037 1836 1231 1868 bisextum.

1081 1884 1114 1912 7.
1163 1880 1260 1912 binos
1286 1880 1358 1913 dies
1384 1879 1543 1923 inseruit]
1583 1884 1622 1912 ut
1651 1883 1775 1912 essent

1039 1924 1181 1956 dierum
1209 1924 1344 1964 XXXI,
1373 1924 1434 1966 qui
1460 1925 1605 1958 fuerunt
1629 1925 1774 1957 dierum

1037 1969 1168 2001 XXIX.
1218 1968 1272 2002 Cf.
1299 1981 1327 2001 c.
1360 1972 1408 2001 13.
1437 1969 1453 2010 §
1484 1973 1517 2001 6.

1080 2013 1251 2057 singulos]
1278 2018 1318 2046 ut
1347 2019 1471 2047 essent
1496 2014 1637 2046 dierum
1661 2012 1773 2045 XXX.

1037 2058 1114 2090 tid.
1145 2058 1234 2090 ibid.

1081 2103 1180 2134 deum
1219 2103 1382 2145 inferum]
1434 2102 1499 2143 „Si
1542 2101 1624 2145 quis
1667 2101 1776 2134 malit

1035 2147 1128 2189 (vid.
1170 2157 1251 2189 app.
1292 2146 1392 2185 crit.)
1430 2147 1636 2188 genitivum
1673 2147 1772 2178 deum

1035 2193 1184 2232 inferum
1213 2190 1385 2232 retineri,
1427 2191 1663 2235 intelligendi
1690 2194 1776 2222 sunt

1036 2236 1087 2268 dii
1118 2236 1264 2274 Manes,
1305 2236 1437 2278 quibus
1464 2237 1530 2268 illo
1564 2247 1688 2268 meuse
1717 2235 1775 2267 lu-

1035 2281 1185 2314 strando
1218 2280 1406 2313 civitatem
1447 2281 1545 2314 iusta
1581 2281 1775 2313 solveban-

1036 2327 1132 2359 turf‘
1161 2325 1274 2357 zmuv.
1303 2344 1345 2349 —
1371 2325 1428 2358 cf.
1452 2338 1482 2358 c.
1511 2328 1563 2358 13.
1591 2327 1611 2366 ἓ
1637 2328 1668 2357 7.

1081 2370 1233 2403 seruauit
1275 2371 1463 2414 pristinum
1509 2375 1638 2404 statum
1688 2369 1773 2412 cet.]

1038 2415 1115 2447 vid.
1142 2415 1231 2447 ibid.

1080 2462 1113 2492 8.
1161 2459 1374 2503 septimanas
1394 2459 1520 2492 habeut
1538 2458 1671 2500 Nonas]
1694 2454 1774 2491 Vid-

1037 2508 1109 2537 not.
1141 2504 1186 2537 ad
1220 2516 1250 2536 c.
1282 2506 1334 2535 12.
1367 2506 1387 2545 ἓ
1421 2506 1453 2536 3.
1496 2502 1686 2536 Censorin.
1718 2504 1774 2535 20.

1081 2594 1169 2626 sicut
1213 2591 1329 2624 Numa
1366 2591 1557 2633 constituit]
1607 2593 1644 2623 et
1689 2593 1774 2623 ante

1037 2649 1119 2670 eum
1151 2636 1344 2669 Romulus.
1391 2635 1448 2668 Cf.
1478 2647 1508 2668 c.
1536 2637 1588 2668 12.
1618 2636 1639 2676 §
1670 2637 1705 2668 3.
1736 2638 1775 2668 et

1037 2694 1069 2716 c.
1094 2685 1145 2714 15.
1212 2684 1244 2713 7.

1083 2682 1272 2770 quiniauas
1312 2729 1427 2757 tamen
1470 2724 1595 2757 habent
1640 2724 1774 2767 Nonas]

1037 2771 1095 2804 Cf.
1118 2782 1151 2802 c.
1176 2771 1228 2801 13.
1251 2769 1267 2810 §
1292 2771 1323 2800 6.

1082 2817 1124 2848 ab
1143 2814 1260 2847 Idibus
1282 2813 1367 2855 illis]
1392 2812 1416 2845 i.
1439 2823 1469 2844 e.
1496 2812 1647 2845 illorum
1672 2824 1774 2846 men-

1038 2870 1144 2894 sium.

1083 2903 1222 2939 novella
1239 2902 1596 2946 conperendinatioue]
1617 2901 1689 2935 Vox
1710 2913 1773 2935 uo·
