1845 3131
234 55 251 76 t.

230 54 312 96 064
865 48 1141 91 MACROBII

167 164 363 221 [2101dicas
394 159 612 202 loedoriam
649 157 996 212 exprobrationem
1033 170 1119 199 esse
1153 171 1198 198 ae
1239 158 1426 201 directam
1460 160 1768 202 contumeliam:
1799 158 1802 159 ⁷

233 231 409 262 scomma
462 214 566 256 enim
615 226 741 267 paene
788 212 954 253 dixerim
1001 226 1180 254 morsum
1227 213 1457 267 figuratum,
1512 216 1605 269 quia
1653 230 1770 271 saepe

196 274 370 319 3sraude
397 271 457 312 vel
487 270 713 311 urbanitate
738 268 898 320 tegitur,
926 273 972 308 ut
997 268 1102 308 aliud
1136 274 1252 309 sonet
1278 270 1382 310 aliud
1414 271 1630 325 intellegas.
1686 273 1769 314 Nee

233 337 366 371 tamen
396 339 551 380 semper
590 325 639 365 ad
673 324 977 364 amaritudinem
1010 323 1155 377 pergit,
1203 324 1271 364 sed
1303 339 1605 380 nonnumquam
1637 327 1698 368 his
1729 327 1770 368 in

235 398 336 438 quos
372 382 512 423 iacitur
546 386 585 420 et
624 380 739 420 dulce
769 384 840 419 est.
901 379 1023 429 Quod
1060 392 1184 433 genus
1223 380 1393 420 maxime
1422 382 1480 421 vel
1520 382 1674 436 sapiens
1711 383 1771 424 vel

234 440 329 481 alias
358 439 536 478 urbanus
562 440 729 484 exercet,
759 434 969 489 praecipue
1001 435 1103 475 inter
1132 449 1286 475 mensas
1314 441 1352 476 ct
1382 436 1546 489 pocula,
1576 438 1645 478 ubi
1676 437 1771 478 faci-

200 496 282 538 4lis
318 499 377 534 est
409 493 457 533 ad
498 491 743 531 iracundiam
781 490 1023 544 provocatio.
1092 491 1190 531 Nam
1225 490 1328 531 sicut
1359 491 1398 530 in
1430 492 1631 545 praecipiti
1664 498 1770 532 stan-

236 557 315 592 tem
353 549 412 590 vel
452 547 546 588 levis
578 552 707 587 tactus
744 546 915 600 inpellit,
955 546 1007 586 ita
1047 545 1138 586 vino
1175 547 1234 587 vel
1271 546 1444 587 infusum
1476 547 1535 587 vel
1568 561 1771 601 aspersum

239 618 382 660 parvus
417 616 580 656 quoque
614 602 728 642 dolor
762 601 899 642 incitat
932 601 971 641 in
1002 601 1189 642 furorem.
1248 602 1356 655 Ergo
1386 602 1542 642 cautius
1569 602 1609 642 in
1641 603 1774 644 eonvi-

240 662 301 702 vio
334 657 612 700 abstinendum
642 662 859 697 scommate
891 657 998 710 quod
1035 663 1178 697 tectam
1213 657 1316 697 intra
1353 671 1394 698 se
1425 657 1546 698 habet
1574 658 1774 700 iniuriam.

240 719 369 758 Tanto
409 714 513 754 enim
551 713 726 766 pressius
757 712 922 752 haerent
955 713 1060 753 dieta
1090 714 1183 753 talia
1211 726 1330 766 quam
1362 713 1536 754 directae
1562 714 1775 763 loedoriae,

240 778 286 813 ut
309 770 415 811 hami
442 768 622 821 angulosi
655 780 772 820 quam
807 766 946 807 directi
973 782 1184 808 mucrones
1213 768 1392 808 tenacius
1422 769 1659 821 infiguntur:
1692 783 1774 810 ma-

240 828 346 866 xime
377 824 470 878 quia
495 823 600 863 dicta
627 822 858 863 huiusmodi
887 822 1010 863 risum
1040 823 1313 876 praesentibus
1342 829 1520 873 movent,
1557 838 1638 877 quo
1668 825 1777 866 velut

203 885 228 924 e
242 882 433 922 adsensus
472 892 615 932 genere
652 879 911 918 confirmatur
950 878 1105 918 iniuria.
1163 879 1238 918 Est
1268 884 1399 918 autem
1432 879 1607 919 loedoria
1635 879 1775 920 huius-

242 936 368 978 modi:
418 935 618 976 Oblitasne
665 949 701 974 es
737 935 830 989 quia
868 934 1097 975 salsamenta
1134 934 1349 974 vendebas?
1409 934 1595 975 Scomma
1630 940 1777 984 autem,

242 992 351 1047 quod
380 990 552 1032 diximus
578 1002 695 1042 saepe
725 989 1006 1030 contumeliam
1038 1002 1124 1030 esse
1154 989 1338 1038 celatam,
1369 989 1446 1030 tale
1475 995 1550 1030 est:
1596 990 1777 1032 Memini-

242 1063 328 1089 mus
359 1046 514 1102 quando
551 1046 708 1086 brachio
745 1053 779 1086 te
811 1046 1050 1099 emunqebas.
1107 1045 1207 1086 Nam
1239 1058 1330 1086 eum
1360 1057 1422 1085 res
1449 1045 1588 1086 eadem
1624 1045 1778 1087 utrobi-

332 1174 436 1216 [Mss.
464 1172 583 1204 APsu
596 1175 645 1203 12.

320 1228 356 1269 (ξ
375 1230 426 1264 6.)
455 1228 545 1269 qzioct
560 1226 735 1270 figurate]
756 1227 811 1259 Cf.
837 1228 889 1258 10.
916 1226 1061 1259 Saresh.
1084 1226 1161 1267 Vll,
1181 1229 1235 1258 25.
1276 1244 1310 1249 —
1354 1227 1407 1259 ad
1431 1227 1595 1259 directam
1618 1227 1780 1270 ASv-gb.

243 1283 391 1305 scomma
416 1272 505 1303 enim
533 1295 540 1303 .
557 1295 563 1302 .
580 1295 588 1303 .
615 1282 732 1303 aurem
755 1273 876 1312 forare
902 1274 942 1312 (ὃ
969 1272 1035 1314 7.)]
1069 1270 1123 1302 Cf.
1158 1271 1253 1302 Plnt.
1280 1270 1404 1313 Symp.
1432 1271 1485 1311 ll,
1515 1273 1552 1310 1,
1578 1271 1611 1302 4.
1747 1273 1780 1303 3.

246 1318 299 1349 iis
324 1318 359 1348 in
382 1327 465 1358 quos
489 1326 568 1356 v-g.
593 1333 633 1338 -
661 1316 714 1346 vel
740 1317 843 1347 alius
869 1316 904 1347 S.
1041 1318 1073 1346 4.
1110 1315 1194 1346 levis
1214 1315 1348 1354 flatus
1371 1314 1460 1356 ichg
1499 1325 1524 1357 g
1549 1314 1585 1346 in
1610 1325 1685 1356 mg.
1708 1320 1782 1347 tac-

244 1364 330 1398 tus).
465 1362 497 1390 5.
529 1361 738 1401 impressius
760 1359 838 1391 Sar.
866 1377 905 1382 —
933 1371 1022 1391 caan
1034 1359 1153 1402 gulosi
1178 1358 1225 1390 vi.
1274 1359 1467 1401 coagulosi
1490 1370 1519 1390 c.
1655 1362 1688 1390 6.
1720 1360 1782 1391 Est

246 1405 352 1436 enim
378 1415 410 1434 v.
440 1421 477 1426 —
506 1408 538 1435 tc
561 1414 631 1434 om.
658 1403 726 1434 112.
753 1422 794 1426 -
828 1404 887 1435 sic
913 1404 1006 1435 dicta
1031 1404 1074 1435 sit
1100 1402 1139 1434 P.
1275 1405 1307 1433 7.
1347 1408 1433 1434 natu
1459 1403 1601 1445 libyus
1628 1401 1716 1444 ichg
1737 1406 1781 1445 (g

1048 1548 1055 1555 .
1072 1549 1079 1556 .
1114 1524 1167 1555 vel
1204 1523 1445 1564 madefacti
1477 1524 1605 1565 potius.
1670 1523 1779 1566 Casp.

1048 1566 1224 1599 Barthius
1236 1567 1385 1598 Advers.
1397 1567 1575 1608 XXXVII,
1588 1571 1621 1607 6,
1635 1579 1667 1610 p.
1684 1570 1781 1601 1683.

1047 1611 1178 1643 Latino
1204 1622 1369 1642 sermone
1391 1611 1482 1643 dicit
1498 1613 1651 1653 infusum
1673 1623 1783 1654 saepe

289 1535 437 1558 morsum
464 1524 677 1567 figuratum]
726 1523 780 1556 Cf.
818 1525 833 1565 §
872 1528 903 1557 6.
944 1529 980 1557 et

247 1569 401 1611 Quintil.
426 1569 515 1600 lust.
539 1569 607 1607 lX,
631 1570 668 1606 2,
694 1571 748 1601 65.
784 1570 856 1600 Iam
891 1571 979 1601 enim

247 1614 295 1645 ad
325 1613 362 1645 id
392 1623 504 1655 genus
537 1636 568 1644 ..
601 1612 804 1644 veniendum
838 1619 904 1653 est,
945 1615 978 1645 in

247 1669 312 1699 quo
339 1667 400 1699 per
433 1656 606 1698 quandam
639 1657 862 1698 suspicionem
891 1658 981 1699 quod

247 1713 316 1733 non
359 1701 505 1732 dicimus
545 1701 655 1743 accipi
692 1701 864 1732 volumus.-
912 1713 979 1733 non

247 1745 366 1787 utique
395 1745 621 1785 contrarium,
663 1749 700 1777 ut
736 1745 771 1776 in
807 1743 980 1789 εἰρωνεία,

248 1789 307 1821 sed
340 1789 440 1820 aliud
471 1789 602 1828 latens,
639 1793 669 1820 et
702 1789 857 1820 auditori
883 1791 982 1831 quasi

248 1833 510 1872 inveniendum,
548 1833 657 1874 quod,
693 1837 730 1864 ut
757 1844 862 1875 supra
890 1832 935 1875 [l.
961 1835 980 1874 §

250 1877 319 1918 14]
342 1877 495 1914 ostendi,
532 1877 599 1908 iam
617 1878 697 1917 sere
723 1877 830 1908 solum
862 1877 980 1909 sclie-

248 1933 312 1953 ma
343 1932 365 1952 a
388 1921 515 1952 nostris
540 1925 698 1959 vocatur,
731 1926 761 1953 et
785 1922 876 1952 unde
900 1933 980 1953 con-

249 1965 436 1997 troversiae
499 1965 740 2007 figuratae
809 1966 980 1997 dicuntur.

249 2008 473 2040 Plutarchus
502 2020 532 2049 p.
557 2011 634 2039 631.
660 2009 701 2039 D.
728 2008 835 2040 dicit:
862 2009 983 2050 Δῆλον

248 2049 316 2093 γὰρ
350 2047 403 2083 ὅτι
434 2047 526 2089 ὅλως
554 2051 694 2093 δῆγμα
726 2063 759 2082 τι
790 2050 983 2093 προσέσται

250 2091 350 2139 αὐτῷ
381 2094 430 2138 τῷ
457 2092 658 2135 σκώμματι,
690 2099 725 2127 et
751 2098 857 2136 paulo
886 2097 981 2128 infra

249 2139 335 2176 (E):
356 2134 584 2179 Ὀνειδισμὸς
604 2135 671 2179 γάρ
692 2136 764 2169 ἐστι
784 2139 847 2180 τῆς
864 2135 982 2181 ἁμαρ-

248 2182 327 2219 τίας
391 2179 874 2223 παρεσχηματισμένος
940 2181 980 2215 τὸ

251 2225 412 2266 σκῶμμα.

294 2275 332 2302 ut
370 2269 469 2300 aliud
509 2268 617 2309 sonet]
668 2268 879 2301 Subiectum
928 2273 984 2302 est

250 2324 410 2345 scomma.
468 2311 523 2343 Cf.
556 2312 572 2353 ἓ
604 2315 655 2344 17.
700 2314 809 2345 Verba
845 2315 982 2346 laudem

251 2357 470 2390 sonantia.

295 2404 327 2433 3.
368 2401 414 2432 ad
438 2400 703 2432 amaritudinem
726 2399 858 2443 pergit]
885 2399 980 2432 idem

250 2444 329 2476 sere
359 2448 415 2476 est
444 2444 538 2485 qum!
572 2444 818 2476 amaritudinis
849 2456 982 2476 sensum

250 2490 388 2521 eaecitat.
434 2488 490 2519 Cf.
516 2499 546 2519 c.
577 2490 630 2519 16.
656 2488 672 2528 ξ)
698 2491 749 2520 13.
787 2488 908 2520 Semen
934 2494 982 2521 est

249 2532 430 2574 generatio
453 2533 506 2564 ad
530 2532 602 2564 eius
628 2542 667 2563 ex
694 2543 759 2574 quo
784 2537 833 2565 est
857 2533 981 2564 simili-

251 2577 403 2608 tudinem
427 2586 627 2618 pergens.

294 2621 383 2652 inter
407 2620 556 2661 mensas]
593 2620 615 2650 i.
642 2630 671 2650 e.
697 2618 792 2651 inter
817 2630 978 2652 coenam.

249 2663 325 2695 vid.
351 2667 424 2695 not.
450 2664 494 2696 ad
523 2675 552 2694 c.
578 2666 609 2702 1,
632 2664 652 2703 ἓ
676 2666 705 2694 1.

291 2710 323 2739 4.
362 2708 441 2739 vino
462 2708 515 2739 vel
537 2708 691 2748 infusum
714 2707 767 2738 vel
788 2707 979 2749 aspersum]

247 2751 470 2783 Plutarchus
497 2762 530 2792 p.
557 2753 634 2782 631.
660 2750 697 2781 C.
734 2751 903 2782 brevius:
942 2748 979 2783 ἓν

247 2794 343 2838 οἴνῳ.
380 2794 432 2826 Cs.
458 2806 486 2826 c.
511 2795 654 2835 5.§14.
679 2795 853 2833 infusus
879 2795 978 2826 vino

239 2839 285 2877 fit
318 2840 441 2870 similis
470 2840 610 2878 insano,
652 2842 688 2870 ct
716 2838 789 2869 Cic.
815 2838 975 2879 Philipp.

248 2880 337 2916 xlv,
361 2885 391 2913 3.
418 2887 447 2914 6.
483 2884 633 2915 imbuti
661 2883 834 2925 sanguine
859 2882 976 2925 gladii

1047 1655 1234 1697 perfusum
1267 1659 1303 1686 et
1336 1655 1436 1687 velut
1462 1660 1685 1688 maceratum
1713 1656 1783 1688 hu-

1048 1710 1149 1731 more
1196 1698 1430 1741 significare,
1474 1700 1589 1732 allato
1637 1705 1783 1742 praeter

1048 1744 1145 1775 huuc
1173 1743 1350 1775 Macrobii
1385 1744 1503 1775 locum
1537 1744 1637 1776 Cael.
1660 1745 1783 1777 Aurei.

1049 1787 1113 1819 lib.
1150 1788 1192 1818 ΙΙ.
1230 1787 1331 1819 Acut.
1363 1798 1393 1819 c.
1430 1790 1484 1820 37.
1523 1789 1628 1831 panis
1656 1794 1781 1822 aceto

1049 1833 1237 1872 infusus.

1093 1878 1124 1907 5.
1169 1875 1335 1918 pressius]
1358 1875 1380 1908 i.
1402 1885 1432 1906 e.
1451 1874 1604 1907 firmius.

1094 1920 1144 1961 ut]
1171 1924 1251 1960 post
1272 1924 1369 1951 tanto
1389 1920 1534 1959 ponitur
1555 1930 1618 1961 pro
1642 1925 1782 1962 quanto,

1094 1967 1125 1995 6.
1178 1964 1355 1995 Oblitusne
1380 1975 1413 1995 es
1438 1964 1521 2005 cet.]
1559 1964 1783 1997 Plutarchus

1051 2019 1083 2048 p.
1107 2010 1185 2039 631.
1212 2008 1276 2038 D.:
1316 2003 1354 2038 ‘O
1378 2004 1446 2048 γὰρ
1473 2004 1582 2039 εἰπὼν
1607 2019 1783 2061 ταριχο-

1048 2048 1194 2091 πώλην
1228 2047 1390 2082 αὐτόθεν
1415 2048 1656 2092 ἐλοιδόρησεν·
1696 2062 1714 2082 ο
1741 2049 1780 2084 δὲ

1049 2091 1185 2136 φήσας·
1220 2091 1449 2134 Μεμνήμεθα
1482 2094 1537 2138 τῷ
1566 2093 1781 2136 βραχίονι

1047 2134 1596 2179 ἀπομυττόμενον,ἕσκωψε.
1616 2137 1780 2170 Vimnot.

1050 2181 1146 2213 infra
1172 2191 1247 2221 seq.

1095 2224 1189 2266 quia]
1215 2224 1291 2256 Yid.
1315 2227 1387 2256 not.
1408 2224 1450 2256 ad
1472 2225 1611 2256 Comm.
1631 2225 1660 2264 1,
1675 2227 1707 2264 6,
1724 2228 1779 2257 62.

1094 2268 1208 2310 saepe]
1233 2268 1310 2299 Vid.
1336 2273 1408 2300 not.
1433 2269 1478 2300 ad
1502 2268 1577 2300 Sat.
1601 2269 1629 2308 l,
1652 2271 1685 2307 2,
1706 2272 1740 2300 2.

1094 2313 1232 2344 brachio
1254 2318 1285 2344 te
1313 2311 1534 2355 emungebas]
1558 2312 1611 2344 Cf.
1639 2318 1783 2354 praeter

1050 2356 1239 2388 Plutarch.
1272 2357 1294 2389 1.
1330 2368 1360 2387 c.
1398 2357 1440 2388 ad
1469 2356 1694 2389 Herennium
1721 2357 1780 2398 lv,

1048 2401 1101 2440 54,
1128 2404 1182 2432 67.
1210 2401 1275 2432 Per
1300 2401 1573 2443 consequentiam
1596 2402 1780 2443 significa-

1049 2445 1096 2476 tio
1108 2446 1168 2486 fit,
1192 2456 1295 2486 quum
1318 2455 1372 2476 res
1394 2456 1482 2487 quae
1502 2450 1690 2485 sequuntur
1709 2444 1779 2475 ali-

1049 2500 1152 2530 quam
1176 2499 1246 2520 rem
1270 2489 1448 2527 dicuntur,
1484 2499 1524 2519 ex
1555 2488 1675 2529 quibus
1704 2492 1778 2520 tota

1047 2543 1101 2564 res
1123 2533 1329 2574 relinquitur
1359 2533 1394 2564 in
1426 2532 1634 2574 suspicione,
1673 2536 1711 2563 ut
1749 2532 1780 2563 si

1047 2576 1477 2617 salsamentariifilio
1502 2575 1616 2607 dicas:
1638 2575 1780 2615 Quiesce

1048 2625 1084 2653 tu
1120 2621 1217 2651 cuius
1251 2625 1351 2661 pater
1382 2619 1525 2650 cubito
1557 2629 1597 2650 se
1635 2629 1776 2650 emun-

1047 2674 1150 2707 gere
1174 2664 1320 2702 solebat,
1355 2666 1389 2694 et·
1414 2661 1561 2693 Horatii
1583 2661 1660 2694 vita
1683 2672 1777 2703 quae

1046 2707 1268 2740 adscribitur
1286 2705 1472 2745 Suetonio,
1496 2708 1521 2736 l.
1557 2706 1595 2746 Q.
1613 2706 1779 2739 Horatius

1049 2752 1192 2783 Flaccus
1221 2750 1431 2787 Venusinus,
1454 2754 1554 2791 patre
1579 2774 1585 2780 .
1602 2773 1609 2781 .
1635 2751 1777 2782 salsa-

1046 2793 1269 2832 mentario,
1294 2804 1396 2834 quum
1417 2793 1471 2824 illi
1491 2794 1633 2834 quidam
1655 2794 1692 2825 in
1718 2795 1775 2826 al-

1044 2837 1229 2870 tercatione
1287 2837 1543 2878 exprobrasset:
1612 2838 1775 2877 Quotiens

1044 2892 1109 2923 ego
1140 2882 1213 2913 vidi
1240 2885 1372 2922 patrem
1402 2886 1497 2914 tuum
1527 2881 1703 2914 brachio
1733 2893 1774 2913 se
