1845 3131
186 139 265 179 quo
298 137 360 164 mc
389 123 544 164 trahere
577 123 752 164 coneris:
786 138 833 165 eo
868 125 1036 173 scilicet,
1070 140 1151 180 quo
1179 127 1341 169 minime
1367 129 1476 177 volo,
1509 128 1557 169 ad
1584 142 1729 183 eonpa-

184 182 377 221 rationem
411 179 588 220 Maronis
625 185 664 220 ct
701 181 834 222 Tullii.
893 182 1130 223 Verecunde
1171 183 1275 224 enim
1321 184 1595 239 interrogasti,
1643 191 1732 225 uter

185 251 322 278 corum
352 236 633 289 praestantior,
674 237 999 292 quamloquidem
1031 239 1256 280 necessario
1286 240 1318 280 is
1350 241 1567 295 plurimum
1597 242 1729 282 conla-

146 299 298 338 4turus
331 292 381 332 sit
412 291 481 346 qui
510 292 594 347 ipse
622 293 836 347 plurimum
865 300 1051 348 praestat.
1115 295 1192 335 Sed
1231 295 1345 336 istam
1382 297 1478 337 mihi
1515 298 1729 339 necessita-

186 355 263 390 tem
306 348 425 389 altam
463 354 502 389 et
537 349 774 404 profundam
809 350 988 391 remittas
1026 351 1138 391 volo:
1181 352 1274 406 quia
1305 368 1385 393 uon
1419 362 1596 395 nostrum
1630 354 1732 394 inter

184 407 271 446 illos
304 413 431 445 tantas
473 421 690 461 conponere
727 408 829 455 lites,
881 422 953 448 nec
991 407 1116 448 ausim
1154 407 1191 448 in
1230 408 1420 449 utramvis
1451 415 1602 464 partem
1642 411 1730 451 talis

185 461 406 503 sententiae
435 468 577 503 auctor
602 463 738 504 videri.
798 464 885 504 Hoc
916 464 1042 504 solum
1076 463 1232 505 audebo
1260 464 1427 513 dixisse,
1471 466 1565 519 quia
1596 465 1729 507 facun-

186 520 249 560 dia
279 519 489 560 Mantuani
516 519 721 574 multiplex
754 525 793 560 et
823 519 1077 561 multiformis
1108 526 1167 561 est
1199 526 1238 562 et
1270 521 1426 562 dicendi
1456 536 1581 575 genus
1611 536 1730 563 omne

186 575 464 631 conplectitur.
519 577 623 616 Ecce
654 577 758 617 enim
797 576 834 616 in
865 577 1059 618 Cicerone
1091 583 1223 618 restro
1254 591 1359 618 unus
1390 578 1642 632 eloquentiae
1673 584 1730 619 te-

146 639 171 679 5
187 647 260 674 nor
299 637 380 681 est,
426 632 489 673 ille
525 632 733 673 abundans
762 638 801 673 et
830 638 985 674 torrens
1017 639 1056 674 et
1085 634 1285 688 copiosus.
1346 634 1565 676 Oratorum
1596 640 1729 675 autem

187 704 267 730 non
299 689 464 743 simplex
492 703 564 729 nec
590 702 670 729 una
702 694 843 729 natura
872 696 950 731 cst:
982 690 1049 730 sed
1080 689 1144 730 hic
1169 691 1256 731 fluit
1287 696 1326 731 et
1355 691 1565 740 redundat,
1594 700 1730 732 contra

185 747 249 787 illc
279 746 448 787 breviter
479 751 518 785 et
555 745 789 786 circumcise
820 745 951 787 dicere
980 745 1172 787 adfectat:
1218 747 1349 788 tenuis
1381 748 1542 801 quidam
1584 753 1623 788 et
1655 747 1730 788 sic-

186 817 255 844 cus
289 808 328 843 et
362 801 519 842 sobrius
550 808 657 842 amat
695 801 894 856 quandam
934 803 1090 843 dicendi
1126 802 1409 856 frugalitatem,
1454 804 1554 844 alius
1593 803 1730 858 pingui

187 865 226 901 et
262 859 463 899 luculenta
508 863 546 899 et
587 858 725 899 florida
763 858 944 899 oratione
984 859 1147 899 lascivit.
1202 860 1247 899 In
1286 873 1364 913 qua
1402 865 1510 901 tanta
1549 860 1727 901 omnium

186 915 508 957 dissimilitudine
545 929 648 956 unus
685 915 849 955 omnino
889 915 1080 968 Virgilius
1122 915 1321 956 invenitur
1358 915 1426 969 qui
1462 916 1730 970 eloquentiam

147 979 232 1019 sscx
268 972 377 1014 omni
416 985 559 1025 genere
591 971 831 1013 conflaverit.
890 971 1115 1025 Respondit
1143 971 1337 1012 Avienus:
1377 972 1568 1026 Apertius
1593 973 1730 1013 vellem

149 1037 249 1076 7mc
285 1030 354 1070 has
387 1028 634 1070 diversitates
666 1028 739 1069 sul)
772 1042 1031 1082 personarum
1065 1028 1253 1082 exemplis
1284 1028 1460 1069 doceres.
1527 1028 1733 1078 Quattuor

186 1091 298 1134 sunt,
343 1085 472 1139 inquit
502 1085 723 1133 Eusebius,
759 1098 901 1137 genera
936 1085 1110 1125 dicendi:
1142 1084 1373 1139 copiosum,
1411 1084 1451 1125 in
1480 1098 1560 1139 quo
1591 1084 1731 1125 Cicero

187 1144 437 1183 dominatur:
483 1142 622 1189 breve,
655 1141 693 1181 in
723 1154 804 1195 quo
835 1141 1032 1182 Salustius
1063 1147 1219 1194 regnat:
1261 1141 1433 1190 siccum,
1469 1140 1578 1195 quod
1605 1142 1730 1181 Fron-

187 1200 271 1241 toni
318 1198 551 1239 ascribitur:
600 1198 745 1252 pingue
789 1203 828 1238 et
867 1198 1075 1247 floridum,
1123 1198 1162 1238 in
1206 1211 1286 1251 quo
1328 1197 1482 1237 Plinius
1523 1197 1732 1238 Secundus

187 1256 388 1311 quondam
422 1260 460 1295 et
495 1269 600 1295 nunc
636 1254 744 1295 nullo
776 1260 952 1295 veterum
989 1254 1121 1294 minor
1153 1260 1289 1294 noster
1319 1253 1580 1308 Symmachus
1616 1254 1729 1293 luxu-

187 1314 324 1354 riatur.
386 1311 462 1352 Sed
500 1311 605 1365 apud
642 1325 766 1351 unum
804 1312 1014 1352 Maronem
1053 1310 1149 1351 haec
1186 1315 1378 1364 quattuor
1413 1323 1557 1364 genera
1592 1323 1730 1363 reppe-

150 1371 277 1411 S'ries.
338 1368 409 1409 Yis
440 1368 578 1408 audire
609 1368 717 1408 illum
746 1372 855 1407 tanta
887 1367 1080 1408 brevitate
1113 1366 1330 1415 dicentem,
1384 1372 1429 1407 ut
1458 1366 1577 1407 artari
1608 1365 1731 1419 magis

119 1432 231 1482 [sojct
256 1424 437 1468 contrahi
466 1424 635 1466 brevitas
664 1424 747 1477 ipsa
778 1437 856 1464 non
891 1423 1047 1477 possit?

276 1540 380 1582 [Mss.
406 1539 500 1572 APS.

187 1608 255 1627 oin.
285 1596 323 1627 P.
357 1595 577 1636 „Scriptura
606 1594 681 1625 scre
712 1593 895 1624 referebat
922 1598 950 1624 ct
972 1591 1184 1634 profundum
1213 1602 1279 1622 reni
1303 1591 1421 1623 mittas
1448 1591 1523 1623 volo
1550 1590 1591 1632 [A
1616 1591 1734 1622 remit-

184 1641 262 1683 tus}
319 1640 549 1672 Sententiam
585 1650 702 1670 [neam
739 1650 805 1669 non
843 1638 982 1680 urgebo
1021 1636 1284 1678 pertinaciter,
1322 1635 1415 1678 qnod
1451 1641 1569 1667 tamen
1606 1633 1734 1667 inierit

184 1686 360 1727 suspicio,
385 1697 451 1716 tion
480 1684 611 1721 silebo,
642 1682 858 1725 compendio
887 1682 1060 1714 nimirum
1085 1680 1270 1712 scribendi
1298 1681 1461 1723 elapsam
1488 1679 1660 1711 fortassis
1681 1679 1733 1711 le*

185 1731 352 1771 gitimam
388 1730 582 1762 lectioni-m
614 1729 849 1760 necessitatem
882 1729 1044 1759 alteram
1081 1732 1112 1758 ct
1143 1726 1355 1768 profundam
1388 1736 1466 1756 rem
1501 1726 1620 1756 mittas
1644 1725 1732 1756 volo.

188 1777 224 1807 ld
253 1782 351 1808 certe
376 1786 396 1807 a
423 1788 459 1806 re
487 1786 553 1806 non
582 1773 765 1810 alienum,
801 1780 839 1804 ut
869 1771 1041 1804 alluserit
1069 1771 1190 1803 obiter
1220 1771 1264 1802 ad
1292 1781 1472 1812 augurum
1497 1769 1732 1812 disciplinam

186 1821 245 1862 qui
274 1823 418 1852 alteram
444 1831 539 1851 avem
565 1830 628 1860 pro
656 1830 722 1849 non
753 1819 845 1848 bona
868 1819 946 1849 siu·
974 1817 1201 1857 improspera
1223 1815 1461 1857 usurpabant.
1503 1814 1606 1846 Unde
1635 1818 1733 1856 post-

187 1867 346 1904 modum,
375 1871 412 1896 ut
438 1866 568 1897 Festus
594 1864 664 1906 [ap.
689 1864 793 1895 Paul.
823 1863 885 1893 lit».
917 1863 943 1894 l.
972 1873 990 1903 p
1032 1861 1079 1902 1]
1108 1862 1231 1899 (locet,
1257 1861 1344 1892 alter
1376 1871 1439 1901 pro
1464 1860 1618 1891 adverso
1646 1860 1733 1891 sub—

188 1912 270 1943 inde
298 1911 488 1943 dim-hatur
516 1914 551 1940 ‹·t
584 1909 719 1939 :malost
757 1908 861 1939 l’ont.
902 1926 939 1930 ·—
984 1906 1062 1948 uon]
1099 1906 1155 1937 Cf.
1190 1905 1288 1948 Yirg.
1318 1904 1398 1936 Eel.
1426 1904 1499 1944 ΙΙΙ,
1528 1907 1599 1936 lot-3.

186 1961 205 1987 5
253 1957 363 1988 tenuis
388 1956 534 1998 quidem
556 1953 590 1985 S.
620 1972 658 1976 *-
688 1954 823 1984 dicendi
848 1953 929 1983 add.
956 1963 974 1983 a
1001 1962 1072 1982 ser.
1099 1962 1143 1982 m.
1167 1950 1206 1981 A.
1234 1968 1264 1972 —
1295 1950 1572 1981 dissimulatione
1592 1947 1734 1990 Svicligs

185 2002 257 2042 (hg
283 2002 316 2033 in
346 2012 406 2041 mg
442 1999 743 2035 dissimilitudine)
771 1998 882 2029 Mll’o·
926 2016 958 2019 —
999 1996 1172 2027 invenitur
1205 1995 1376 2036 Virgilius
1399 1994 1457 2025 via
1478 1994 1571 2035 (οὓς
1597 1995 1732 2036 1⁴⁷erg.)

189 2047 248 2077 Ρ6.
284 2064 325 2068 -
363 2050 403 2076 ut
430 2044 658 2085 eloquentium
687 2043 748 2073 ΡΤ.
887 2045 907 2073 6
959 2041 1057 2082 Quod
1083 2050 1214 2082 genera
1245 2040 1395 2070 dicendi.
1427 2040 1510 2080 Cap.
1539 2041 1593 2068 vl.
1645 2039 1731 2079 Cap.

192 2092 216 2122 1.
256 2092 344 2131 Quot
372 2091 438 2122 sint
467 2088 604 2125 dicendi
628 2098 771 2130 genera.
810 2086 878 2118 xssi.

232 2192 262 2221 4.
321 2191 421 2220 istam
461 2213 488 2219 ..
526 2186 775 2228 necessitatem]
825 2185 846 2216 i.
894 2197 923 2217 e.

187 2235 443 2266 nercssitatvm
475 2233 518 2263 dc
551 2244 592 2263 ea
627 2243 683 2271 re,
722 2232 764 2262 de
790 2241 859 2272 qua
887 2236 922 2262 tu

188 2281 256 2316 xis,
284 2277 508 2321 disputandi.

233 2326 372 2363 dia-isse,
392 2323 488 2366 quio]
517 2322 594 2353 vid.
621 2326 690 2352 not.
719 2320 761 2352 ad
785 2319 922 2351 Comm.

190 2371 216 2407 l,
244 2373 275 2407 (i,
299 2372 353 2400 62.

239 2415 336 2457 Ecce]
375 2413 428 2444 Cf.
465 2411 502 2453 ἔξ
540 2414 570 2442 8.
609 2415 643 2442 et
680 2412 733 2440 15.
774 2414 809 2439 et
849 2408 921 2439 vid.

190 2460 346 2503 prolege:
386 2470 417 2500 p.
445 2469 515 2488 xri.

234 2506 267 2536 ἰιι
314 2505 472 2536 Cicerone
515 2500 635 2543 vestro]
678 2499 766 2530 dicit
806 2499 921 2530 Ense—

188 2551 282 2587 bins,
309 2554 348 2580 ut
373 2548 432 2590 qui
463 2547 542 2588 ipse
567 2545 614 2576 sit
640 2545 816 2576 Graccus,
865 2543 922 2575 Cf.

190 2596 284 2627 infra
320 2606 347 2625 c.
375 2596 405 2624 2.
437 2594 456 2632 ἓ
493 2595 550 2631 173
586 2591 620 2632 Ι,
652 2593 708 2627 16,
737 2591 798 2628 433
839 2600 920 2630 pro-

189 2643 288 2682 legg.
316 2652 346 2681 p.
373 2649 454 2669 xxx.

233 2683 453 2726 torrcnslssf.
478 2683 496 2721 ἓ
527 2683 573 2712 19.

190 2731 323 2761 tionem
376 2728 545 2759 dixerunt
598 2726 708 2756 etiam
765 2722 922 2764 Quintil.

188 2775 276 2806 Ins-t.
312 2774 384 2812 ΙΙΙ,
421 2776 462 2811 8,
497 2774 551 2802 60.
591 2775 626 2801 ot
662 2768 756 2801 Ptin.
795 2767 834 2800 N.
873 2767 918 2798 H.

190 2819 315 2858 xxx‘l,
337 2822 367 2850 3.
391 2830 419 2848 s.
446 2821 476 2848 7.

232 2867 265 2894 5.
315 2864 425 2894 dicere
461 2859 632 2901 adfectat]
677 2869 695 2889 e
731 2860 920 2898 poetarum

189 2918 288 2939 more
314 2908 450 2938 dictum
480 2910 550 2943 cst3
583 2904 627 2935 cf.
646 2903 765 2935 Plaut.
785 2900 921 2932 Bacch.

620 2680 813 2712 Torrentem
841 2688 920 2708 ora-

1015 2088 1047 2115 8.
1088 2085 1237 2115 brevitas
1270 2083 1358 2123 (om.
1385 2084 1481 2125 ipsa)
1507 2082 1570 2113 PG.
1603 2100 1640 2104 —
1688 2082 1731 2113 lu't

995 2184 1067 2220 HI,
1097 2186 1131 2217 l.
1161 2185 1230 2220 1(’).;
1283 2181 1389 2213 ovid.
1420 2181 1458 2213 Λ.
1495 2181 1532 2212 Α.
1569 2180 1624 2220 ΙΙ,
1649 2182 1728 2219 39.;

993 2229 1086 2260 Stat.
1113 2227 1233 2258 Tin-t».
1262 2226 1288 2263 Ι,
1320 2229 1414 2262 132.;
1440 2226 1507 2258 Sil.
1533 2226 1590 2263 lv,
1625 2227 1685 2257 138

1038 2273 1215 2315 quandum-
1273 2271 1411 2302 dicendi
1462 2269 1728 2313 frugalitatem]

994 2318 1164 2350 lmitatnr
1210 2316 1500 2357 Quintilianum,
1543 2314 1602 2356 qui
1647 2315 1727 2351 xit,

995 2367 1055 2397 10,
1079 2365 1152 2393 2l.:
1197 2362 1430 2403 Qitapropter,
1469 2360 1606 2401 inquit,
1645 2360 1730 2391 milti

985 2409 1072 2449 fulli
1093 2408 1235 2438 multum
1262 2407 1437 2445 videntur,
1465 2406 1522 2447 qui
1546 2405 1635 2436 solos
1658 2414 1729 2435 esse

995 2453 1122 2484 :ltticos
1156 2452 1298 2483 credunt
1336 2456 1452 2482 tenues
1491 2473 1519 2481 ..
1557 2454 1587 2480 ct
1626 2459 1725 2489 qua-

990 2499 1080 2529 dum
1127 2496 1408 2538 eloquentiae
1449 2493 1726 2536 frugalitate

990 2546 1174 2574 contentos.

1036 2591 1065 2618 7.
1131 2584 1308 2625 Frontoni]
1369 2583 1473 2614 Hunc
1525 2581 1724 2613 Eumenius

992 2630 1208 2672 Panegyric.
1233 2628 1421 2659 Constant.
1456 2629 1507 2658 14.
1546 2628 1725 2658 Romanae

990 2677 1203 2718 eloquentiae
1230 2685 1297 2704 uon
1330 2672 1512 2703 secundum
1545 2672 1603 2702 secl
1634 2673 1722 2703 alte-

990 2732 1063 2751 rum
1089 2721 1191 2751 decus
1223 2717 1333 2753 dicit,
1373 2722 1407 2747 et
1438 2715 1517 2747 eius
1549 2715 1722 2756 discipuli

990 2765 1207 2796 dicebantur
1230 2760 1468 2793 Frontouiuni.
1518 2760 1573 2791 Cf.
1597 2761 1720 2792 Sidon.

991 2809 1110 2851 Apoll.
1137 2807 1162 2842 Ι,
1194 2809 1220 2837 l.
1255 2805 1455 2837 Real-Enc.
1482 2804 1546 2842 ΙΙΙ,
1570 2817 1600 2846 p.
1623 2808 1701 2836 522.

1034 2851 1159 2893 noster]
1201 2850 1336 2882 dicitur
1372 2849 1636 2892 Symmachus,
1685 2855 1723 2881 nt

990 2897 1050 2939 qui
1077 2895 1221 2929 intersit
1247 2894 1430 2935 coavivio,
1465 2905 1532 2926 non
1556 2900 1721 2937 respectu
