1845 3131
187 36 271 79 608
810 33 1088 76 MACROBII

186 152 288 188 tem:
320 145 425 186 hunc
450 143 489 184 in
517 140 710 183 eunuchis
736 140 979 183 debilitatem
1011 142 1118 183 tibiis
1149 142 1417 197 ingerentem,
1442 158 1612 199 quarum
1642 158 1731 185 ossa

192 201 306 257 quasi
340 212 496 253 semper
521 198 559 238 in
591 197 793 252 superfluo
827 197 996 238 humore
1026 198 1202 238 natantia
1231 201 1401 240 naturali
1428 201 1562 253 vigore
1594 213 1732 241 carue-

188 263 283 299 runt
308 261 347 296 et
375 255 464 296 ideo
495 253 608 294 facile
635 253 939 307 intorquentur,
971 254 1064 294 dum
1097 254 1255 307 pondus
1284 256 1522 309 superpositi
1553 256 1732 309 corporis

189 313 291 353 ferre
325 325 405 352 non
441 314 631 364 possunt,
675 308 779 349 sicut
812 323 936 350 canna
975 309 1152 363 pondere
1197 309 1269 349 sibi
1317 310 1489 364 inposito
1533 317 1732 352 curvatur.

126 369 242 411 12Et
279 366 499 408 Eusebius:
537 365 741 415 Quoniam
779 379 851 405 nos
883 379 903 405 a
936 370 1142 406 senectute
1172 379 1301 420 usque
1332 365 1380 405 ad
1417 366 1623 407 eunuchos
1653 373 1731 407 tra-

188 423 246 464 xit
272 422 463 476 superflui
491 421 670 462 humoris
703 420 943 475 disputatio,
983 421 1091 461 dicas
1121 421 1229 469 volo,
1269 435 1339 461 cur
1370 421 1422 461 ita
1454 427 1595 462 acutae
1624 423 1732 463 vocis

191 479 271 519 sint
304 484 349 519 ut
377 489 494 532 saepe
529 477 671 517 mulier
708 490 757 516 an
787 476 996 517 eunuchus
1025 477 1234 531 loquatur,
1266 476 1340 517 nisi
1370 476 1523 526 videas,
1551 476 1734 530 ignores?

126 535 234 578 131d
276 548 440 588 quoque
476 532 603 573 facere
641 532 831 586 superflui
866 532 1046 573 humoris
1086 532 1372 573 abundantiam
1413 532 1477 572 ille
1517 533 1735 586 respondit.

190 591 281 645 Ipse
319 590 423 630 enim
462 586 696 641 ἀρτηρίαν,
743 601 812 642 per
846 602 965 642 quam
1001 602 1123 629 sonus
1163 588 1271 629 vocis
1315 587 1511 636 ascendit,
1561 587 1736 629 efficiens

192 645 427 686 crassiorem
460 648 647 697 angustat
674 644 782 684 vocis
815 649 1014 684 meatum:
1055 649 1094 684 et
1123 643 1212 684 ideo
1245 643 1303 684 vel
1337 643 1493 684 seminis
1518 643 1577 684 vel
1610 657 1736 684 eunu-

192 701 277 741 chis
304 715 380 742 vox
411 705 528 740 acuta
560 704 632 747 est,
664 698 756 739 viris
789 699 929 751 gravis,
959 699 1107 752 quibus
1133 699 1241 740 vocis
1268 699 1460 740 transitus
1490 699 1611 739 habet
1643 700 1737 740 libe-

128 758 178 798 14
192 771 283 798 rum
315 762 354 796 et
383 769 431 795 ex
461 755 616 807 integro
652 759 852 807 patentem
888 760 1075 795 meatum.
1146 754 1263 795 Nasci
1296 760 1429 795 autem
1466 754 1505 794 in
1542 755 1737 795 eunuchis

193 818 234 853 et
262 812 300 852 in
328 811 484 851 feminis
511 824 557 850 ex
584 809 668 863 pari
692 809 837 863 frigore
865 823 998 864 parem
1027 823 1151 864 paene
1178 810 1381 863 inportuni
1405 810 1584 850 humoris
1610 811 1736 851 abun-

125 867 395 925 [243]dantiam
438 866 555 907 etiam
594 865 685 906 hinc
723 866 869 919 liquet,
911 865 1020 919 quod
1057 870 1277 919 utrumque
1318 879 1463 919 corpus
1499 878 1616 919 saepe
1651 865 1736 920 pin-

192 923 367 978 guescit:
400 927 507 963 certe
537 922 659 961 ubera
690 934 814 975 prope
842 921 1023 962 similiter
1052 921 1214 975 utrique
1243 920 1523 975 grandescunt.

304 979 378 1018 xl.
438 977 512 1017 His
559 976 676 1017 dietis
713 991 804 1017 cum
842 977 890 1017 ad
929 977 1254 1030 interrogandum
1292 976 1391 1017 ordo
1430 975 1610 1017 Servium
1660 975 1737 1016 iam

191 1039 368 1083 vocaret,
413 1032 584 1073 naturali
627 1046 786 1086 pressus
827 1032 890 1072 ille
927 1032 1165 1074 verecundia
1205 1046 1336 1086 usque
1378 1031 1425 1071 ad
1469 1031 1737 1085 proditionem

153 1090 339 1132 izcoloris
372 1088 545 1129 erubuit.
604 1088 658 1128 Et
694 1088 899 1128 Disarius:
942 1091 1051 1142 Age,
1098 1087 1205 1129 Servi
1238 1101 1318 1127 non
1352 1087 1480 1127 solum
1511 1087 1740 1128 adolescen-

191 1147 292 1186 tium
333 1144 402 1198 qui
437 1143 508 1184 tibi
543 1143 733 1197 aequaevi
772 1149 867 1184 sunt
899 1144 966 1184 sed
1001 1158 1140 1184 senum
1175 1157 1338 1198 quoque
1375 1143 1552 1183 omnium
1591 1143 1736 1183 doctis-

194 1202 305 1251 sime,
339 1199 609 1241 commascula
636 1199 829 1249 frontem,
858 1204 897 1240 et
923 1204 1169 1254 sequestrata
1200 1198 1449 1249 verecundia,
1481 1211 1599 1252 quam
1630 1198 1669 1239 in
1700 1204 1740 1239 te

284 1327 390 1370 [Mss.
417 1327 553 1359 AP-SH.

194 1392 215 1414 a
242 1393 274 1424 p.
301 1385 379 1419 nh).
428 1382 499 1413 ubi
528 1382 568 1413 in
600 1382 749 1413 cerebro
776 1384 831 1413 vl.
880 1382 949 1414 ubi
981 1394 1057 1413 non
1083 1382 1196 1413 crebro
1222 1391 1298 1412 v-a.
1346 1381 1416 1412 ubi
1443 1380 1512 1411 nisi
1537 1381 1650 1412 crebro
1675 1380 1738 1423 hg.

191 1445 235 1450 -
260 1426 295 1457 iu
320 1425 497 1467 eunuchis]
524 1425 578 1456 Cf.
603 1425 703 1456 Alex.
733 1427 757 1464 l,
784 1428 814 1456 7.
839 1445 870 1449 -
907 1437 1064 1468 quorum
1093 1426 1152 1468 gb.
1180 1443 1219 1448 —
1247 1426 1417 1468 superfluo
1441 1427 1529 1462 (om.
1552 1425 1606 1464 in)
1633 1424 1671 1456 Ρ.
1703 1443 1736 1448 -

192 1470 351 1502 naturali
379 1470 536 1501 virtute
558 1469 626 1500 AS.
652 1487 695 1492 ——-
728 1470 909 1512 suppositi
933 1481 1012 1512 v-g.
1153 1472 1205 1500 12.
1243 1480 1302 1500 cur
1329 1470 1379 1500 ita
1406 1473 1529 1500 acutae
1554 1469 1645 1500 vocis
1671 1470 1740 1501 sint

194 1513 277 1556 ceu]
301 1514 355 1545 Cf.
383 1514 484 1544 Alex.
512 1513 538 1551 I,
560 1517 591 1544 8.
629 1531 669 1536 -—
708 1514 775 1545 sint
802 1515 893 1545 vocis
922 1525 1000 1555 v-g.
1048 1514 1140 1545 vocis
1165 1513 1216 1545 st’
1241 1513 1276 1545 S.
1303 1530 1343 1535 —-
1370 1523 1472 1555 saepe
1496 1516 1586 1549 (om.
1611 1517 1666 1550 ut)
1695 1513 1740 1545 H.

194 1576 236 1581 --
259 1559 465 1600 loquantur
489 1557 525 1588 S.
552 1575 591 1581 —
615 1558 840 1590 abundantia
867 1558 904 1590 S.
1044 1559 1094 1588 13.
1133 1558 1296 1589 arteriam
1321 1556 1359 1588 S·
1500 1558 1551 1588 14.
1584 1568 1653 1600 par
1677 1563 1741 1590 est

191 1613 302 1645 paene
331 1601 375 1632 H.
402 1618 443 1624 -
478 1602 614 1643 utrique
640 1601 896 1643 Avisdel23.
942 1602 1108 1644 utrisque
1131 1600 1352 1642 c-gzhHPS.

287 1655 350 1687 XI.
404 1656 516 1697 Caput
546 1656 608 1687 XI.
657 1657 795 1695 Curii,
829 1668 912 1698 quos
935 1657 1059 1700 pudet,
1090 1660 1150 1687 aut
1177 1656 1237 1698 qui
1260 1655 1437 1699 gaudent,
1470 1654 1671 1687 rubescant.-
1705 1660 1742 1687 at

191 1705 378 1733 metuentes
399 1700 516 1742 pallor
542 1700 703 1732 invadat.
730 1700 832 1732 ch-b.
976 1703 1003 1732 1.
1039 1700 1177 1733 caloris
1207 1700 1242 1731 h.
1377 1701 1409 1730 2.
1446 1710 1577 1741 quoque
1605 1710 1675 1731 orn.
1702 1699 1740 1731 Ρ.

1005 1814 1106 1847 verbi
1140 1813 1195 1846 vis
1230 1817 1372 1846 retenta
1409 1817 1482 1852 est,
1529 1813 1590 1845 sed
1627 1813 1741 1846 animi

1005 1859 1125 1902 potius
1149 1859 1322 1900 pudorem
1346 1858 1411 1899 (cf.
1432 1859 1447 1899 §
1465 1860 1517 1895 3.)
1544 1857 1740 1899 significat.

1048 1906 1081 1935 2.
1130 1903 1189 1945 qui
1214 1903 1275 1935 tibi
1297 1902 1466 1945 aequaevi
1489 1902 1580 1943 sunt]
1604 1902 1631 1933 E
1659 1913 1742 1944 pro-

192 1814 256 1856 τῆς
293 1810 421 1855 ἀργίας
463 1812 500 1846 δὲ
535 1811 787 1856 περιττώματα
827 1812 935 1847 συνά-

190 1867 293 1900 γουσι
318 1857 465 1890 πλείονα
489 1858 548 1890 καὶ
572 1855 725 1899 μάλιστα
750 1859 834 1891 τῶν
865 1871 935 1891 κα-

192 1901 418 1943 ταμηνίων
446 1899 784 1934 ἐκλελοιπότων.

237 1946 379 1977 humore
400 1948 577 1990 natantia]
617 1947 823 1979 Alexander
852 1947 879 1988 l,
903 1951 934 1980 7.

194 1990 308 2021 habet
332 1986 521 2031 διάβροχα.

242 2034 440 2075 caruerunt]
470 2035 527 2065 (Jl'.
556 2045 585 2065 c.
614 2037 646 2070 8,
675 2036 694 2074 ἓ
726 2037 775 2066 11.

240 2078 346 2116 facile
381 2078 632 2120 intorquentur]
669 2079 873 2110 Alexander
906 2078 932 2116 l,

196 2124 251 2152 7.:
283 2119 329 2152 Oi
353 2118 461 2159 πόδες
491 2120 863 2163 διαστρέφονται,
900 2126 936 2152 et

196 2165 306 2206 paulo
328 2164 440 2196 infra:
463 2163 512 2196 τὰ
542 2163 670 2206 σκέλη
697 2174 769 2206 στρ
782 2165 851 2207 εβλ
865 2165 934 2196 οῦ-

195 2218 281 2239 ται.
329 2207 384 2239 Cf.
411 2219 440 2239 c.
473 2211 532 2248 16,
562 2211 582 2247 ἕ
605 2212 659 2239 25.
695 2220 737 2240 ne
763 2232 794 2240 ..
818 2220 933 2240 mem-

196 2252 271 2283 bra
293 2257 580 2294 contorqueat
602 2253 753 2284 humoris
773 2253 930 2283 adiectio.

241 2295 322 2326 dum
347 2319 353 2327 .
371 2319 378 2327 .
401 2308 469 2327 nou
488 2296 644 2338 possunt]
668 2296 720 2327 Cf.
745 2307 773 2327 c.
791 2298 823 2336 4,
843 2298 863 2335 ἓ
879 2299 932 2327 29.

245 2341 298 2389 13..
350 2340 436 2382 lpse]
471 2340 626 2382 positum
660 2345 717 2372 est.
752 2351 816 2382 pro
853 2352 934 2385 pro-

196 2393 341 2414 nomine
368 2395 408 2414 ts.

240 2423 431 2469 α’ρτηρίαν]
457 2427 511 2458 Cf.
535 2439 564 2458 c.
593 2430 645 2466 15,
668 2428 732 2468 §5

241 2473 294 2503 14.
341 2483 451 2512 paene
475 2472 666 2514 inportuni]
694 2471 747 2503 Cf.
777 2471 793 2513 §
823 2473 874 2502 ll.
900 2475 935 2503 et

197 2525 226 2547 c.
252 2518 291 2554 7,
322 2516 342 2554 ἓ
368 2517 404 2547 4.

242 2559 313 2600 XI,
344 2561 372 2590 1.
419 2570 526 2601 usque
552 2560 599 2591 ad
622 2559 852 2601 proditionem
877 2571 933 2592 co-

196 2603 279 2634 loris
306 2602 453 2645 erubuit]
479 2603 556 2634 fid.
588 2604 755 2646 prolegg.
780 2615 811 2645 p.
839 2615 936 2635 xxm.

197 2650 233 2678 et
284 2658 317 2688 p.
369 2657 455 2678 xmi.
533 2647 670 2679 Nomen
717 2648 870 2689 proditio
916 2658 936 2679 a

196 2691 407 2731 prodeundo
443 2691 647 2723 derivatum
683 2691 847 2732 alioquin
882 2691 935 2722 af-

198 2734 315 2766 fertur
346 2738 482 2766 tantum
518 2746 537 2766 e
567 2735 689 2767 Sidon.
723 2746 779 2776 ep.
812 2739 854 2776 5,
883 2738 935 2767 13.

200 2778 338 2810 Reditio
378 2778 517 2821 legitur
552 2779 688 2811 Coruin.
726 2780 853 2820 1,17,
883 2782 934 2811 10.

198 2820 304 2862 Atqui
336 2833 482 2865 semper
507 2823 630 2865 prodit
655 2824 773 2863 color,
799 2822 829 2855 si
855 2823 936 2864 quis

198 2865 392 2899 erubescit.
452 2867 528 2900 Non
570 2878 658 2910 ergo
699 2878 785 2900 vera
824 2867 936 2899 huius

1004 1958 1066 1979 sne
1090 1946 1269 1978 orationis
1292 1946 1536 1988 scriptoribus
1559 1946 1626 1977 liae
1654 1957 1742 1978 voce

1005 2002 1092 2022 usus
1124 2002 1204 2022 esse
1235 1990 1371 2022 (licitur
1401 1991 1500 2022 solus
1528 1990 1670 2022 Plinius
1700 1990 1741 2022 N.

1007 2035 1049 2066 Η.
1080 2035 1169 2072 xx‘l,
1194 2036 1255 2073 44,
1277 2046 1305 2065 s.
1328 2038 1383 2065 86.
1410 2037 1640 2076 Aequaeua
1666 2035 1742 2066 urbi

1004 2079 1215 2120 intelligitur
1241 2078 1387 2115 (lotos).

1048 2122 1106 2153 sed
1134 2133 1249 2153 senum
1276 2131 1408 2162 quoque
1435 2121 1585 2151 omnium
1612 2121 1739 2153 doctis-

1002 2165 1098 2206 sime]
1116 2164 1332 2196 Laurentius
1345 2164 1448 2195 Valla
1464 2164 1630 2203 Elegant.
1649 2164 1674 2203 1,
1688 2167 1739 2205 13,

1004 2221 1036 2251 p.
1059 2211 1113 2239 45.
1161 2208 1388 2239 macrobium
1416 2208 1652 2249 reprehendit
1680 2209 1740 2240 his

1004 2252 1144 2284 verbis:
1185 2252 1287 2291 „Non
1320 2256 1375 2283 est
1402 2251 1565 2283 eiusdem
1593 2253 1739 2294 generis

1002 2297 1217 2328 adolescens
1240 2307 1319 2327 cum
1346 2295 1507 2335 senibus,
1536 2307 1603 2327 non
1631 2297 1741 2328 aliter

1002 2351 1107 2383 quam
1135 2341 1165 2372 si
1194 2340 1330 2372 ilicum:
1358 2340 1437 2381 Ego
1465 2351 1543 2371 eum
1571 2340 1741 2372 doctissi-

1002 2396 1082 2416 mus
1111 2385 1356 2416 Romanorum
1389 2388 1425 2416 et
1457 2383 1741 2426 Carthaginien-

1002 2429 1138 2461 sium.“
1171 2429 1248 2461 vid.
1272 2433 1344 2460 not.
1372 2429 1415 2460 ad
1443 2439 1471 2459 c.
1495 2431 1529 2468 8,
1554 2430 1573 2467 ἓ
1598 2431 1628 2459 9.

1047 2474 1274 2505 commascula
1315 2472 1482 2513 frontem]
1535 2471 1588 2503 Cf.
1635 2473 1740 2514 Apul.

1003 2517 1152 2548 Metam.
1178 2517 1224 2556 II,
1245 2520 1299 2548 23.
1330 2517 1393 2548 His
1413 2516 1561 2559 cognitis
1586 2517 1739 2549 animum

1001 2573 1111 2593 meum
1140 2561 1431 2593 commasculo.

1047 2611 1260 2647 sequestrata
1280 2604 1483 2636 verecundia
1502 2602 1583 2644 cet]
1601 2603 1739 2641 „Prae-

1006 2649 1105 2681 clare
1133 2650 1176 2681 de
1211 2649 1281 2680 hac
1319 2659 1355 2679 re
1385 2647 1524 2678 Seneca
1549 2647 1657 2688 epist.
1689 2650 1739 2680 11.

1006 2692 1038 2734 [ἓ
1068 2692 1127 2734 l.]:
1162 2694 1225 2724 Ubi
1248 2703 1282 2723 se
1307 2692 1457 2733 collegit,
1484 2692 1738 2731 verecundiam,

1004 2738 1126 2768 bonum
1164 2737 1199 2767 in
1236 2736 1450 2767 adolescente
1481 2736 1641 2777 signnm,
1681 2737 1738 2768 vix

1001 2781 1115 2822 potuit
1155 2784 1327 2810 excutere.-
1371 2779 1457 2810 adeo
1495 2780 1549 2810 illi
1585 2789 1624 2811 es
1666 2781 1738 2813 alto

1003 2825 1156 2865 suffusus
1181 2828 1228 2854 est
1253 2823 1365 2854 rubor.
1401 2823 1466 2854 Hic
1490 2823 1599 2862 illum,
1624 2834 1737 2865 quan-

1005 2872 1074 2900 tum
1095 2867 1260 2909 suspicor,
1274 2867 1376 2900 etiam
1399 2878 1471 2899 cum
1495 2878 1530 2900 se
1555 2869 1737 2908 conflrma-
