1845 3131
173 29 257 70 442
807 29 1082 73 MACROBII

371 140 542 180 Iuturna
564 140 735 193 formam
763 139 998 182 adsimulata
1029 142 1235 183 Camertae.

109 198 158 239 1⁶2
172 194 343 239 Chlorea
370 195 409 234 in
440 194 654 235 undecimo
685 195 831 235 occidit
860 196 1038 245 Camilla,
1066 197 1106 236 in
1135 198 1372 240 duodecimo
1402 201 1572 241 Turnus.
1632 200 1707 241 Pa-

169 254 323 293 linurus
357 250 507 290 Iasides
538 255 578 290 et
607 251 729 304 Iapyx
757 251 907 292 Iasides
940 265 1090 306 quaero
1121 267 1170 293 an
1202 253 1341 295 fratres
1378 256 1467 296 sint.
1526 256 1707 311 Hyrtaci-

169 309 237 349 des
266 312 326 348 est
355 306 614 359 Hippocoon,
644 313 683 347 et
713 307 866 355 *Nisus,

367 363 600 417 Hyrtacides
625 365 815 403 *comitem
842 364 991 403 Aeneae
1016 378 1126 418 quem
1153 365 1311 404 miserat
1336 365 1420 405 Ida.

106 420 155 461 13
172 418 250 460 Sed
287 422 507 472 potuerunt
541 418 620 458 duo
654 432 778 459 unum
815 433 961 459 nomen
1000 419 1198 460 habuisse.
1267 420 1342 461 Ubi
1378 425 1438 460 est
1479 420 1542 460 illa
1577 420 1615 460 in
1647 420 1708 462 his

170 474 327 516 casibus
354 474 520 514 Homeri
551 474 714 515 cautio?
773 475 892 528 Apud
920 488 1037 542 quem
1067 489 1158 515 cum
1187 475 1267 515 duo
1293 476 1436 516 Aiices
1467 476 1557 524 sint,
1588 477 1708 517 modo

170 530 283 571 dicit:
322 527 590 582 Τελαμωνιος
626 531 756 579 Αἴας,
789 531 927 571 modo:
963 528 1121 583 Ὀιλῆος
1149 528 1276 582 ταχὺς
1305 532 1436 581 Αἴας,
1466 531 1560 572 item
1593 532 1708 572 alibi:

167 588 275 627 Ἰσον
299 583 443 639 θυμὸν
473 584 611 638 ἔχοντε
639 583 883 639 ὁμώνυμοι.·
910 600 981 627 nec
1007 587 1152 627 desinit
1171 601 1281 650 quos
1313 588 1438 641 iungit
1464 588 1626 628 nomine
1649 587 1708 627 in-

103 642 373 696 {1181signibus
402 655 606 695 separare,
646 656 697 682 ne
727 649 891 695 cogatur
919 643 1043 683 lector
1071 643 1317 696 suspiciones
1345 644 1394 684 de
1424 643 1612 683 varietate
1640 657 1707 696 ap-

108 698 395 753 l4pellationis
432 698 592 750 agitare.
658 673 814 738 Deinde
850 698 889 738 in
920 699 1100 751 catalogo
1135 713 1208 739 suo
1245 700 1397 739 curavit
1428 699 1617 752 Virgilius
1652 698 1707 739 vi-

171 760 256 794 tare
285 753 500 802 fastidium,
530 753 639 807 quod
666 754 868 794 Homerus
899 754 973 795 alia
998 755 1152 795 ratione
1182 769 1264 796 non
1290 755 1391 797 cavit
1419 755 1554 795 eadem
1584 755 1709 808 ligura

170 824 287 864 saepe
315 809 501 863 repetita:

257 922 360 963 [Mss.
387 921 414 952 P
438 919 512 959 (AS
537 931 607 952 oin.
630 920 793 961 (ἓνεκα).

166 993 209 999 —
236 977 363 1017 forma
384 976 422 1007 P.
459 993 502 998 —
545 976 706 1008 Camerio
731 976 766 1007 S.
815 976 963 1007 camerti
987 987 1065 1017 v-g.
1102 975 1202 1017 Vir-g.
1230 974 1352 1016 vulgo.
1386 992 1426 997 —-
1465 975 1591 1007 Clorea
1614 975 1705 1006 Edd.

167 1021 250 1052 Hec
273 1021 367 1052 lorea
394 1019 490 1052 APS.
527 1019 602 1050 Vid.
630 1024 701 1052 uot.
726 1038 769 1044 —-
794 1021 829 1052 ἱιι
854 1017 1044 1062 undecimo]
1073 1019 1128 1052 Cf.
1157 1032 1188 1052 v.
1208 1023 1274 1052 768
1295 1030 1373 1061 sqq.
1393 1037 1434 1041 -—
1462 1020 1644 1050 camillam
1670 1019 1707 1051 S.

167 1082 211 1088 —
236 1064 271 1095 in
296 1064 512 1105 duodecimo]
534 1075 567 1094 v.
593 1067 671 1095 363.
812 1067 860 1095 12.
903 1064 1105 1106 Palinurus]
1130 1066 1215 1096 Aen.
1238 1065 1275 1105 V.
1299 1066 1377 1094 843.
1407 1081 1444 1086 --—
1474 1062 1596 1104 Iapyx]
1622 1062 1707 1094 Aen.

169 1108 251 1147 xli,
274 1111 351 1139 391.
405 1109 505 1149 Iapis
531 1108 684 1139 chs-bP.
736 1109 836 1150 Iapis
862 1112 920 1146 (ut
948 1109 1026 1140 edd.
1054 1109 1171 1150 Virg.)
1199 1120 1230 1140 a.
1262 1127 1291 1131 —
1324 1107 1536 1149 Hippocoon]
1564 1107 1650 1138 Aen.
1669 1108 1706 1146 V,

166 1154 244 1184 492.
290 1170 324 1176 —
362 1156 392 1183 et
418 1152 546 1184 *Nisus
667 1153 730 1183 Ida
755 1153 896 1184 correxi
928 1164 946 1184 e
974 1153 1070 1195 Vin-g.
1099 1154 1184 1184 Aen.
1212 1153 1275 1192 lX,
1305 1155 1368 1183 176
1390 1162 1442 1192 sq.
1488 1156 1519 1183 et
1550 1162 1708 1183 rursus.-

168 1197 376 1238 Hyrtacides
413 1197 668 1228 Corinaeum
695 1199 854 1229 sternit
882 1198 1030 1229 Asilas
1057 1198 1146 1228 Mss-
1178 1202 1213 1228 et
1240 1197 1328 1228 Edd.
1355 1196 1397 1235 (S
1424 1196 1628 1233 carnium).

215 1243 268 1272 13.
304 1241 490 1281 potuerint
515 1240 551 1271 S.
576 1257 621 1263 -—·
646 1252 720 1272 cum
747 1253 816 1272 om.
840 1241 875 1273 S.
903 1259 945 1264 —
972 1243 1071 1273 morlo
1096 1243 1230 1272 dicunt
1255 1242 1353 1272 modo
1378 1240 1642 1279 (‹›1n.Gruee)
1667 1240 1706 1270 Α.

166 1286 268 1317 modo
300 1286 382 1317 dicit
407 1284 577 1325 λοκρῶν
604 1280 639 1315 δ’
652 1280 909 1336 ἡγεμόνευε
934 1283 1052 1325 οἰλῆος
1078 1282 1188 1326 ταχὺς
1211 1284 1295 1321 αἴας
1320 1285 1379 1322 (ΙΙ
1406 1280 1467 1335 β,
1478 1286 1583 1321 527).
1607 1284 1707 1315 modo

166 1325 383 1379 τελαμώνιος
401 1328 483 1365 αἴας
502 1340 520 1359 v
543 1328 619 1366 (ica
638 1324 871 1381 ἡγεμόνευενς
888 1340 929 1360 ca
950 1330 1049 1360 modo
1068 1328 1218 1360 Μείων
1242 1326 1340 1360 οὔτι
1362 1324 1491 1364 τοσός
1508 1339 1528 1368 7
1536 1337 1550 1358 ε
1578 1322 1706 1367 ὅσπερ

173 1369 399 1413 Τελαμώνιος
422 1372 526 1409 Αἶας)
551 1384 593 1404 ex
620 1373 663 1403 ll.
689 1370 733 1415 β’,
757 1376 834 1404 328.
882 1374 981 1405 modo
1004 1374 1086 1415 [licit
1110 1369 1236 1424 ὀῐλῆος
1256 1369 1366 1414 ταχὺς
1388 1371 1486 1413 stag,
1512 1372 1611 1402 niodo
1641 1371 1708 1403 Τε-

168 1414 345 1458 λαμώνιος
367 1416 454 1454 Αἴας
478 1417 529 1458 hg
567 1434 611 1441 —·
637 1418 716 1449 item
743 1418 822 1448 alio
848 1418 921 1449 s-b.
947 1435 987 1439 —
1009 1416 1110 1458 Ἰσον]
1136 1417 1179 1448 ll.
1206 1413 1247 1457 ρ’,
1273 1420 1349 1447 720.
1396 1414 1483 1446 Ἰσον
1508 1438 1539 1446 ..
1565 1411 1708 1456 ὁμωνυ-

166 1472 228 1502 μοι
255 1472 325 1493 oin.
351 1461 475 1492 vacuis
507 1460 649 1492 reli‹tis
677 1461 794 1492 tribus
824 1460 931 1513 lincis
958 1460 1004 1492 vi.
1053 1460 1155 1498 αἱας
1181 1459 1218 1492 ὁ,
1253 1456 1399 1492 οὐκέτι
1430 1455 1613 1498 πάμπαν
1645 1458 1707 1491 οἰ-

166 1505 271 1547 λῆος
296 1502 436 1546 ταχὺς
468 1500 567 1542 υιὸς
588 1501 756 1536 'lavat’
783 1501 850 1536 ἄπ’
878 1505 1065 1542 αἰαντος
1095 1503 1368 1545 τελαμωνίου
1403 1499 1500 1535 οὐδ’
1535 1499 1705 1557 ἠβαιόν.

168 1560 209 1581 ca
236 1559 279 1582 ex
304 1549 347 1580 ΙΙ.
372 1547 414 1589 ν’,
442 1552 506 1581 702
531 1560 602 1590 sq.·
594 1573 603 1588 ‚
630 1555 668 1587 (c
694 1549 729 1580 in
754 1561 815 1591 mg
866 1550 1088 1589 „Restitutus
1114 1550 1206 1580 locus
1236 1559 1274 1579 ex
1296 1549 1336 1578 13
1357 1548 1508 1589 Iliad.)
1536 1564 1581 1570 ——-
1608 1545 1708 1589 ἒχον-

167 1604 230 1632 τες
256 1604 312 1636 ap.
341 1594 446 1625 Hom.
473 1594 597 1635 vulgo.
624 1610 670 1617 -—
693 1603 905 1626 ommnwior
933 1594 972 1625 P.
1000 1610 1045 1616 —
1072 1604 1140 1625 nec
1166 1593 1316 1636 cogitur
1340 1593 1378 1624 Α.
1409 1609 1453 1615 -
1481 1593 1517 1623 in
1543 1594 1706 1635 catalogo

971 1691 1092 1723 -atida
1112 1702 1191 1723 cum
1212 1692 1340 1723 asilas:
1364 1702 1429 1723 nec
1453 1701 1545 1733 quae
1567 1694 1708 1722 restant

972 1736 1092 1768 media
1132 1736 1345 1778 compendio
1386 1735 1525 1778 scripta
1567 1735 1708 1778 quomis’

971 1780 1081 1812 nimis
1103 1780 1212 1822 longe
1239 1782 1371 1812 absunt
1395 1791 1414 1811 a
1439 1781 1548 1811 verbo
1574 1781 1707 1812 sternit.

1014 1829 1199 1866 potuerunt
1226 1848 1234 1856 .
1251 1848 1258 1856 .
1285 1825 1458 1866 habuisse]
1499 1824 1706 1856 lnfinitivus

971 1869 1124 1911 perfecti
1151 1869 1296 1909 ponitur
1322 1880 1386 1910 pro
1413 1868 1609 1910 praesenti.

167 1693 248 1725 sed:
291 1693 511 1735 Persequitur
542 1717 573 1725 ..

167 1743 317 1770 mertem.

217 1792 376 1833 Chlorea]
419 1792 457 1823 Iu
502 1792 603 1823 codd.
641 1791 780 1833 legitur
822 1791 903 1822 Hec

167 1839 274 1876 lorea,
293 1837 386 1868 unde
410 1837 555 1869 videtur
578 1836 797 1868 eliciendum
823 1846 904 1868 esse

597 1693 804 1735 fulvumque
834 1693 903 1725 Ca-

171 1884 223 1914 Ite
248 1882 360 1913 clorea
389 1880 411 1912 i.
438 1892 469 1913 e.
499 1882 582 1913 Item
613 1881 770 1912 Clitore-a.

212 1941 336 1973 occidit
369 1941 531 1982 Camilla]
569 1941 647 1971 lloc
676 1951 800 1971 verum
833 1951 902 1971 non

169 1990 236 2017 est.
298 1985 387 2016 Num
430 1986 523 2026 apud
565 1985 762 2027 Virgilium
806 1985 829 2015 l.
874 1996 904 2015 c.

168 2029 341 2066 Camilla,
367 2029 450 2060 dum
478 2029 579 2071 cupit
603 2029 770 2060 occidere
792 2028 904 2059 Chlo-

168 2084 244 2112 rea,
270 2072 405 2104 dicitur
430 2074 508 2114 ipsa
531 2073 648 2105 occidi
675 2074 720 2105 ab
736 2073 903 2104 Arrunte.

214 2135 265 2164 12.
307 2138 338 2164 et
361 2132 488 2164 *Nisus
586 2133 664 2173 Ida]
694 2133 798 2173 Quae
823 2133 902 2164 vul-

169 2188 217 2220 go
245 2178 437 2218 leguntur,
472 2187 515 2208 ea
540 2181 709 2218 corrupta
736 2188 815 2208 esse.
840 2188 903 2218 pa—

169 2225 234 2253 tet.
289 2220 378 2252 Nam
411 2220 532 2252 Asilas
564 2231 737 2261 nusquam
771 2221 906 2253 dicitur

170 2265 416 2307 Hyrtacide5‚
457 2269 493 2296 et
530 2265 652 2296 verbis
694 2266 905 2306 Corynaeum

169 2310 289 2342 sternit
323 2310 460 2348 Asilas,
499 2320 591 2350 quae
619 2309 691 2340 liuc
727 2311 906 2342 translata

170 2365 252 2386 esse
278 2353 448 2385 videntur
472 2364 513 2384 ex
550 2356 570 2393 g
607 2356 677 2393 10.‚
704 2355 797 2394 apud
826 2355 905 2385 vin·-

170 2398 302 2441 gilium
324 2398 409 2429 Aen.
432 2397 500 2435 IX,
523 2400 600 2430 571.
625 2409 693 2429 non
720 2399 906 2438 praecedit

169 2454 300 2474 nomen
326 2443 553 2484 Hyrtacides,
595 2443 656 2474 sed
696 2443 905 2475 Emathiona

175 2488 302 2530 Liger3
327 2491 452 2518 contra
478 2486 528 2518 ib.
553 2498 584 2518 v.
614 2489 675 2518 176
701 2497 753 2527 sq.
796 2487 905 2519 Nisus

171 2531 307 2563 (licitur
334 2530 569 2573 Hyrtacides:
609 2531 694 2573 quid
730 2542 818 2573 ergo
852 2536 908 2563 est

169 2575 413 2607 verisimilius
455 2586 563 2617 quam
601 2587 720 2607 rursus
763 2580 907 2608 mutan-

171 2620 255 2651 dum
284 2631 366 2651 esse
390 2620 426 2651 in
455 2621 576 2659 Nisus,
606 2625 642 2652 et
667 2624 748 2662 post
773 2621 905 2662 Hyrta-

170 2665 263 2696 cides
295 2663 491 2696 inscrenda
523 2675 604 2696 esse
641 2675 684 2696 ca
720 2675 811 2706 quae
846 2676 905 2696 se-

171 2713 331 2749 quuntur
372 2709 466 2750 apud
503 2708 700 2750 Virgilium
739 2720 771 2740 v.
810 2711 905 2740 177.:

171 2754 325 2785 comitem
354 2755 491 2784 Aeneae
524 2764 621 2795 quem
652 2754 792 2785 miserat
827 2754 904 2793 Ida,

171 2807 322 2836 quorum
364 2797 584 2838 principium
625 2802 660 2829 et
698 2797 782 2829 finis
820 2808 905 2829 con-

170 2839 273 2872 fundi
301 2844 444 2882 poterat
469 2852 551 2873 cum
576 2841 655 2873 illis
678 2842 818 2882 verbis,
847 2853 904 2873 co-

170 2884 253 2917 mite
297 2896 424 2918 aeneae
472 2896 552 2917 cum
596 2886 810 2926 corinaeum,
869 2888 906 2918 et

1020 1915 1070 1944 13.
1119 1912 1200 1954 duo]
1240 1913 1472 1955 intelligendi
1514 1917 1599 1945 sunt
1636 1913 1706 1944 duo

972 1956 1047 1989 Iasi
1079 1962 1114 1988 et
1141 1958 1210 1989 duo
1236 1958 1401 2000 Hyrtaci.

1017 2003 1050 2033 ia
1088 2002 1140 2033 his
1177 2002 1325 2043 casibus]
1370 2002 1449 2033 Hoc
1488 2001 1706 2033 vocabulum

972 2051 1186 2087 usurpatum
1219 2050 1275 2077 est
1305 2047 1451 2076 omnino
1486 2046 1611 2076 eadem
1649 2056 1707 2077 ra-

972 2089 1070 2120 tione
1091 2095 1199 2129 atque
1227 2100 1246 2120 a
1272 2088 1550 2120 recentioribus.
1576 2089 1706 2120 Mahul

971 2133 1063 2164 haec
1090 2133 1249 2165 reddidit
1273 2134 1413 2165 verbis:
1440 2134 1553 2172 „dans
1576 2134 1617 2164 de
1636 2144 1705 2175 pa-

970 2178 1052 2208 reils
1078 2179 1192 2216 cas“,
1229 2188 1313 2208 nos:
1359 2178 1420 2216 „in
1448 2178 1581 2208 sole-hen
1609 2178 1706 2208 Fal-

971 2222 1077 2253 len“.
1125 2221 1326 2260 Similiter,
1358 2221 1420 2252 sed
1448 2221 1499 2253 ita
1525 2226 1562 2253 ut
1593 2222 1637 2252 ad
1663 2232 1706 2253 ea

971 2276 1062 2307 quae
1088 2266 1239 2298 fortuito
1268 2265 1438 2297 accidunt
1467 2266 1707 2307 respicientes

972 2310 1090 2352 magis
1108 2315 1298 2342 servarent
1320 2309 1505 2351 propriam
1533 2310 1618 2345 vim.
1636 2309 1707 2341 hac

972 2365 1060 2386 voce
1087 2354 1141 2386 usi
1161 2360 1244 2386 suut
1269 2354 1360 2385 iuris
1384 2354 1505 2396 periti,
1526 2354 1707 2396 utUlpia-

972 2410 1039 2430 nus
1076 2399 1220 2440 Digest.
1256 2399 1389 2438 xxiv„
1420 2402 1460 2437 3,
1497 2401 1558 2439 64,
1592 2402 1624 2430 9.
1659 2399 1706 2429 In

973 2444 1133 2485 quibus
1161 2444 1272 2487 igitur
1303 2444 1473 2475 casibus
1502 2443 1556 2475 lex
1581 2443 1706 2483 deficit,

971 2499 1038 2519 non
1064 2488 1161 2519 erit.
1177 2513 1184 2519 .
1209 2488 1299 2519 actio
1320 2488 1449 2519 danda.

1019 2529 1152 2583 ἔχοντε]
1189 2531 1285 2573 Quia
1325 2531 1368 2562 de
1409 2531 1548 2561 duobus
1586 2539 1705 2560 sermo

975 2581 1047 2617 est,
1076 2586 1119 2607 ne
1144 2576 1262 2617 ipsum
1290 2574 1516 2606 Macrobium
1543 2572 1706 2613 corrige-

974 2631 1063 2659 rem
1090 2620 1191 2651 nolui
1217 2631 1259 2651 ex
1287 2618 1495 2650 Homericis
1521 2618 1706 2658 exempla-

974 2665 1076 2696 ribus
1111 2663 1276 2705 recipere
1315 2660 1472 2703 ἔχοντες,
1518 2662 1610 2702 quod
1650 2664 1708 2693 est

973 2707 1220 2740 necessarium
1246 2707 1289 2739 ad
1313 2707 1512 2737 tollendum
1535 2706 1690 2737 hiatum.

1017 2751 1224 2803 insignibus]
1246 2750 1269 2782 i.
1295 2761 1324 2781 e.
1351 2749 1460 2781 certis
1487 2749 1596 2782 notis.

1018 2797 1070 2827 14.
1118 2796 1152 2827 in
1176 2796 1339 2836 catalogo
1362 2793 1435 2836 suo]
1461 2793 1516 2826 Cf.
1543 2794 1559 2835 §
1586 2796 1615 2825 1

1016 2840 1091 2871 alia
1116 2839 1263 2881 ratione]
1297 2849 1345 2871 sc.
1377 2841 1482 2871 utens
1515 2849 1558 2871 ac
1582 2837 1705 2882 Virgi-

972 2883 1054 2916 lius.
