1845 3131
237 8 319 51 736

281 121 401 159 2sqq.
453 116 588 149 Earum
626 116 824 150 intervalla
860 117 972 160 011,

281 164 387 201 3,12.
425 161 615 202 Quomodo
640 160 856 194 inferiorum
884 163 973 194 stel-

283 206 341 237 lae
375 205 410 236 in
437 205 581 237 zodiaci
612 204 732 247 signis
764 216 887 238 meare
916 206 971 238 tli-

281 254 410 281 cantur
438 248 477 279 C.
506 249 541 287 1,
570 251 630 288 21,
661 252 674 280 1
703 260 754 290 sq.

278 298 357 325 arte
380 293 478 324 facta
503 292 544 325 C.
569 292 597 332 l,
625 295 677 332 15,
707 295 758 324 15.

237 337 442 379 Sphaeralis
475 347 508 378 p.
538 347 644 368 xmu.
693 353 733 360 —
760 336 970 369 convexitas

278 380 316 412 C.
348 381 381 419 Ι,
410 383 470 418 16,
496 382 526 411 4.
581 397 614 403 -—
643 380 845 420 globositas
872 381 910 412 C.
938 381 967 420 1,

277 426 340 463 22,
365 427 398 455 8.
459 423 654 465 Sphaerali
691 428 788 456 motu
826 426 967 457 caelum

278 467 417 499 moveri
438 467 514 507 Vll,
538 470 570 505 9,
589 470 621 499 4.
661 467 878 509 Sphaeralis
905 480 968 501 na-

278 516 360 544 tura
389 515 530 553 partem
557 511 590 542 in
617 510 766 543 homine
795 513 906 544 altam
933 516 969 544 et

277 556 509 597 sphaeralem
543 555 660 586 tenuit
685 555 732 587 ib.
754 559 805 587 17.

232 599 435 642 Sphaerica
473 600 591 630 forma
629 602 685 630 est
717 600 797 632 sola
834 598 968 631 mentis

278 654 395 684 capax
419 642 446 673 C
486 643 513 679 1,
542 644 594 679 14,
619 645 641 673 8
665 654 717 684 sq.

231 687 439 729 Sphondyli
461 686 528 725 111,
550 688 602 725 13,
625 688 676 717 12.

230 731 360 773 Spicas
394 733 492 762 tenet
526 729 691 770 luppiter
720 727 966 770 Heliopolita-

277 785 342 805 nus
365 774 401 805 S.
428 774 455 810 1,
481 775 538 811 23,
566 775 616 803 12.

234 818 392 861 Spinalis
417 816 493 854 Vll,
520 820 552 854 9,
579 818 624 847 22
648 819 683 848 et
702 817 758 847 21.

234 862 359 904 Spirae
380 861 574 892 bulborum
601 860 676 898 vll,
698 861 751 897 14,
778 860 807 890 1.

234 906 418 948 spiramen
443 903 592 936 densius
617 903 655 934 C.
683 903 712 943 Ι,
738 905 794 942 22,
817 905 850 933 7.

233 950 490 992 Spiramentum
532 959 565 990 p.
603 958 691 979 xml.
748 959 791 974 =
824 943 965 976 halitus

276 993 315 1024 C.
349 992 382 1030 1,
410 994 468 1031 14,
494 994 545 1022 14.
596 1009 630 1014 -
668 990 762 1031 quod
803 988 963 1021 animam

275 1037 426 1068 cerebro
456 1035 642 1067 ministrat
665 1034 741 1072 Vll,
766 1036 804 1073 9,
829 1035 849 1064 4
875 1043 965 1073 sqq,

276 1083 317 1111 18
342 1091 418 1120 sqq.
466 1097 507 1101 —
531 1077 741 1110 sensificum
765 1076 812 1108 ib.
836 1079 891 1107 20.

229 1123 401 1166 Spirandi
433 1123 610 1155 alimento
643 1122 803 1153 nutritur
833 1130 965 1160 corpus

275 1167 358 1207 vn,
394 1169 448 1203 12,
476 1169 508 1197 3.
556 1165 728 1208 Spirandi
761 1162 966 1196 ministeria

275 1211 352 1249 vn,
377 1214 411 1251 9,
434 1211 489 1241 24.

228 1254 389 1297 Spiritus
415 1254 549 1285 haustu
582 1251 746 1294 privatus
770 1250 868 1282 ultra
900 1249 965 1280 ho-

275 1309 334 1331 ras
359 1302 500 1339 septem
526 1308 594 1328 non
625 1299 745 1337 potest
770 1295 902 1326 durare
928 1293 966 1324 C.

274 1343 311 1382 l,
339 1345 379 1381 6,
408 1345 461 1373 78.
510 1340 670 1383 Spiritus
703 1340 837 1370 densus
869 1337 966 1369 circa

277 1390 412 1418 terram
439 1385 477 1415 C.
500 1385 554 1424 11,
578 1385 611 1422 4,
636 1387 667 1414 7.
715 1381 874 1424 Spiritus
901 1391 965 1421 pro

275 1429 397 1462 anima
432 1428 470 1459 C.
505 1427 540 1464 1,
571 1429 628 1464 14,
657 1427 706 1456 14.
754 1424 882 1456 Anima
909 1427 965 1454 est

275 1473 428 1515 spiritus
467 1470 586 1503 tenuis
622 1470 671 1501 ib.
710 1471 762 1500 19.
810 1486 850 1491 -—
884 1478 964 1498 cor-

274 1516 353 1558 pori
381 1519 571 1547 concretus
599 1513 688 1545 ibid.
734 1531 779 1536 —
803 1512 963 1543 insertus

274 1559 407 1592 atomis
438 1559 527 1590 ibid.
579 1575 612 1581 ——
643 1560 679 1588 et
707 1555 804 1597 ignis
835 1559 871 1585 et
901 1564 964 1585 aer

272 1603 322 1635 ib.
344 1606 400 1634 20.
448 1602 610 1643 Spiritus
634 1600 765 1631 fortior
789 1603 846 1630 est
871 1597 962 1629 inci-

274 1647 377 1689 piens
396 1656 503 1687 quam
531 1644 702 1676 desinens
726 1643 765 1674 C.
785 1642 839 1682 11,
862 1643 901 1680 4,
929 1643 960 1672 5.

228 1690 393 1733 Spongia
417 1690 453 1721 S.
482 1690 528 1728 11,
555 1691 587 1728 4,
613 1691 645 1719 2.

227 1734 384 1776 Sponsio
411 1733 557 1765 Antonii
588 1735 623 1764 et
647 1731 865 1772 Cleopatrae
894 1728 961 1769 111,

279 1781 328 1816 ιτ,
353 1781 393 1809 15
414 1788 429 1808 s
459 1802 466 1809 .

231 1822 401 1864 Squalere
434 1788 520 1861 guid
557 1822 593 1850 et
626 1818 720 1850 unde
745 1816 882 1848 dictum
913 1814 963 1847 sit

274 1866 330 1903 VI,
357 1869 388 1903 7,
414 1867 434 1895 6
460 1868 496 1895 et
522 1866 561 1894 17
588 1874 665 1903 sqq.

231 1909 382 1951 Squalor
418 1908 466 1939 ib.
503 1910 555 1938 19.

274 1953 351 1991 Vll,
368 1955 400 1989 5,
419 1954 473 1983 27.

231 1996 386 2037 Squama
414 1995 471 2034 VI,
496 1997 530 2033 7,
555 1995 606 2023 18.

231 2040 375 2071 Stadius
399 2038 479 2070 Not.
507 2037 551 2069 ad
575 2035 614 2065 C.
637 2034 666 2071 l,
691 2037 743 2074 15,
770 2037 822 2066 18.
863 2034 960 2074 Quot

271 2082 390 2115 stadia
417 2080 555 2113 efficiat
582 2079 740 2110 ambitus
765 2082 801 2109 et
824 2077 962 2109 diame-

271 2130 346 2158 tros
371 2130 491 2157 terrae
514 2124 552 2155 C.
579 2123 607 2162 1,
631 2125 685 2161 20,
706 2125 760 2153 20.

229 2169 332 2201 Stare
358 2169 491 2201 dicitur
517 2168 552 2199 id
583 2166 626 2197 ad
652 2166 745 2206 quod
773 2163 962 2196 acceditur

271 2212 308 2243 S.
326 2213 362 2252 I,
389 2215 442 2251 16,
465 2213 518 2241 43.
565 2227 607 2232 ——
632 2209 776 2249 quando
805 2207 961 2248 incipiat

271 2266 360 2295 puer
386 2255 423 2285 C.
448 2256 474 2291 1,
504 2256 536 2291 6,
557 2255 612 2283 69.
660 2270 701 2275 —
728 2262 792 2282 cur
816 2250 959 2282 dicatur

270 2298 393 2329 hostia
417 2297 482 2334 111,
504 2298 536 2333 5,
559 2298 591 2325 8.

225 2341 321 2373 Stati
350 2342 428 2373 dies
455 2340 491 2371 S.
526 2340 562 2378 1,
594 2340 653 2376 16,
688 2339 720 2368 3.
766 2354 810 2360 —-
832 2336 958 2376 quales

270 2386 317 2417 ib.
347 2388 395 2417 14.
447 2384 568 2416 Status
595 2379 786 2413 certamini
816 2380 893 2411 dies
917 2379 958 2409 D.

804 249 970 292 Sphaera

616 1924 661 1929 —
698 1901 960 1936 uniformitatis

228 2472 417 2503 Staticulos
443 2470 526 2501 dare
549 2468 614 2505 111,
641 2469 693 2503 14,
718 2469 751 2497 9.

225 2514 391 2547 Stativae
416 2513 532 2545 feriae
557 2512 592 2543 S.
618 2511 646 2550 Ι,
677 2513 727 2548 16,
752 2512 773 2540 5
798 2519 850 2549 sq.

223 2558 383 2591 Statoris
411 2557 507 2589 Iovis
531 2555 640 2586 aedes
666 2554 732 2591 111,
758 2554 790 2589 4,
814 2555 846 2582 2.

224 2601 376 2634 Statuae
403 2602 438 2632 in
467 2599 613 2641 publico
641 2598 784 2628 locatae
803 2595 842 2625 C.
866 2593 901 2632 1,
924 2594 958 2632 4,

267 2648 298 2676 2.
347 2664 388 2669 -
417 2643 564 2685 plumbo
591 2641 825 2673 inhaerentes
849 2637 937 2669 ibid.

227 2687 408 2729 Σταυρὸς,
437 2686 652 2728 patibulum,
680 2684 717 2714 S.
746 2683 773 2720 1,
803 2685 856 2720 11,
881 2684 912 2712 5.
932 2722 940 2730 ·

222 2730 363 2762 Stellae
386 2736 440 2768 (et
463 2729 602 2767 sidera)
622 2731 706 2759 sum
728 2734 881 2766 corpora
906 2724 960 2754 di-

269 2775 351 2806 vina
378 2775 415 2806 C.
438 2774 465 2812 Ι,
489 2775 541 2811 14,
559 2775 609 2803 17.
659 2771 792 2801 Earum
816 2767 959 2799 animae

268 2822 351 2850 sunt
377 2821 517 2850 mentes
542 2814 689 2847 divinae
712 2814 759 2845 ib.
780 2815 829 2843 18.
855 2810 958 2842 Unde

856 10 909 50 II.
961 10 1135 53 INDEX

1084 119 1253 151 dicantur
1277 119 1363 152 θεοί
1384 120 1422 153 S.
1449 121 1485 163 Ι,
1506 124 1571 162 23,
1593 124 1625 154 3.
1675 122 1775 155 Stel-

1083 163 1141 195 lae
1166 166 1250 194 sunt
1270 164 1447 204 globosae
1473 170 1509 198 et
1534 167 1710 198 rotundae
1733 166 1773 198 C.

1083 206 1118 245 1,
1146 208 1207 246 14,
1233 208 1289 237 22.
1335 225 1378 229 —
1414 210 1628 251 sempiterni
1666 210 1773 252 ignes

1082 249 1132 282 ib.
1158 253 1211 281 19.
1259 266 1301 272 -
1325 251 1427 282 caelo
1451 253 1583 285 infixae
1606 254 1643 285 C.
1670 254 1697 292 l,
1720 257 1771 293 17,

1083 296 1137 325 16.
1184 311 1225 316 -
1260 292 1431 335 singulae
1469 296 1638 330 universa
1674 302 1773 330 terra

1082 336 1241 369 maiores
1275 337 1314 368 C.
1338 338 1370 376 1,
1398 341 1456 378 16,
1478 342 1508 370 9.
1556 340 1628 372 Cur
1660 351 1772 382 quae-

1081 381 1163 412 dam
1198 391 1342 421 semper
1374 383 1550 422 quaedam
1576 394 1771 425 numquam

1081 435 1101 456 n
1138 423 1241 455 nobis
1277 425 1468 457 videantur
1503 426 1541 457 C.
1579 427 1612 466 1,
1645 431 1706 465 16,
1736 430 1770 459 3.

1081 468 1228 500 Nullam
1255 467 1289 499 in
1314 469 1437 509 specie
1462 480 1525 501 eas
1548 470 1683 502 habere
1700 471 1772 502 dif-

1083 511 1277 543 ferentiam
1315 512 1353 543 C.
1393 513 1585 553 1,14,22.
1634 513 1770 546 Omnes

1081 560 1232 597 excepta
1256 556 1342 587 luna
1368 557 1515 598 propria
1541 558 1621 588 luce
1647 557 1771 589 lucere

1081 599 1119 630 C.
1153 599 1188 638 1,
1221 601 1275 637 19,
1304 603 1343 636 93
1380 603 1442 640 20,
1470 604 1501 632 3.
1551 600 1652 632 Volvi
1688 611 1771 642 pro-

1081 642 1160 684 prio
1193 647 1291 674 motu
1321 642 1359 674 C.
1387 644 1421 683 1,
1448 647 1506 684 17,
1535 647 1588 676 16.
1634 644 1769 676 Eorum

1079 686 1267 728 proprium
1293 692 1427 718 motum
1456 688 1557 719 visus
1589 688 1772 720 humanus

1080 741 1147 760 non
1175 734 1296 771 potest
1319 731 1594 771 deprehendere
1620 731 1710 763 ibid.
1735 735 1771 764 et

1079 772 1117 803 C.
1133 773 1180 812 ll,
1198 775 1251 812 11,
1266 775 1297 804 9.
1326 773 1466 805 Stellae
1491 775 1586 807 fixae
1604 786 1671 806 non
1697 774 1770 807 nisi

1078 827 1160 848 cum
1188 816 1290 848 caelo
1311 822 1500 848 moventur
1523 817 1563 849 C.
1587 818 1617 858 1,
1643 821 1695 856 17,
1717 821 1769 851 16.

1077 878 1121 883 -—
1140 859 1298 901 quinque
1324 869 1440 901 vagae
1465 861 1554 892 ibid.
1581 865 1617 893 et
1640 863 1770 900 19,24;

1077 906 1140 941 21,
1169 907 1200 935 9.
1249 921 1287 926 —
1318 909 1491 945 vagantes
1510 904 1549 936 C.
1573 904 1606 943 1,
1632 907 1692 944 14,
1713 907 1770 936 25.

1077 965 1121 971 -
1138 946 1317 978 erraticae
1332 946 1426 978 ib.21
1444 960 1452 986 ;
1473 951 1524 987 18,
1540 950 1649 988 4320,
1662 951 1693 980 5.
1727 966 1768 971 —

1078 990 1234 1031 quinque
1259 990 1390 1031 quibus
1426 992 1471 1023 ab
1495 1002 1618 1023 errore
1642 1002 1769 1023 nomen

1078 1034 1180 1065 estc.
1195 1034 1221 1071 1,
1240 1036 1290 1071 18,
1301 1037 1333 1065 2.
1361 1034 1551 1067 Contrario
1565 1046 1671 1076 quam
1686 1045 1768 1067 cae-

1079 1078 1153 1109 lum
1179 1078 1334 1109 vertitur
1359 1083 1455 1110 motu
1484 1080 1651 1111 feruntur
1674 1079 1723 1111 ib.
1750 1081 1766 1110 1

1077 1133 1153 1162 sqq.
1201 1121 1342 1153 Stellae
1371 1127 1405 1154 et
1437 1124 1560 1154 sidera
1590 1123 1769 1164 quomodo

1078 1165 1252 1197 differant
1286 1165 1324 1196 C.
1360 1166 1392 1205 1,
1422 1169 1481 1207 1⁴,
1512 1169 1567 1198 21.
1615 1166 1769 1208 Singula

1079 1210 1271 1241 stellarum
1298 1210 1443 1242 nomina
1470 1214 1554 1242 sunt
1580 1209 1767 1242 hominum

1079 1257 1283 1284 commenta
1308 1252 1345 1283 C.
1371 1253 1399 1293 1,
1429 1257 1480 1293 19,
1508 1257 1561 1285 18.
1610 1254 1707 1286 lovis
1732 1258 1768 1286 et

1078 1296 1228 1328 Veneris
1250 1297 1383 1328 stellae
1408 1303 1491 1329 sunt
1515 1297 1699 1329 beneficae
1718 1297 1768 1330 ib.

1076 1342 1132 1371 25.
1180 1339 1310 1371 Stellis
1341 1351 1427 1373 aves
1460 1352 1541 1374 esse
1575 1341 1768 1373 immolan-

1079 1384 1142 1414 das
1168 1384 1234 1423 111,
1259 1387 1292 1421 8,
1317 1385 1349 1414 4.

1035 1426 1196 1458 stellaris
1218 1427 1400 1458 essentiae
1424 1426 1587 1459 scintilla
1609 1430 1665 1459 est
1688 1426 1767 1459 ani-

1076 1480 1135 1501 ma
1160 1469 1198 1500 C.
1225 1470 1253 1507 l,
1281 1472 1333 1507 14,
1361 1472 1410 1500 19.

1030 1512 1262 1554 Stephanitis
1283 1523 1352 1544 uva
1379 1512 1444 1551 111,
1470 1514 1526 1551 20,
1552 1515 1583 1544 7.

1030 1556 1222 1588 Sterentus
1260 1567 1324 1587 cur
1355 1555 1404 1587 sit
1438 1556 1558 1587 dictus
1587 1555 1766 1588 Saturnus

1075 1600 1111 1631 S.
1135 1600 1163 1631 1.
1189 1603 1207 1630 7
1241 1602 1297 1631 25.

1033 1624 1220 1684 Στερεὸν,’
1242 1652 1374 1684 corpus
1406 1641 1564 1673 solidum
1601 1641 1640 1673 C.
1671 1641 1708 1683 1,
1732 1644 1766 1682 5,

1073 1689 1094 1717 9
1113 1698 1129 1717 s
1158 1710 1166 1717 .

1032 1697 1206 1770 Στέρὲσις
1226 1728 1285 1767 vl,
1309 1731 1342 1764 7,
1371 1730 1423 1759 15.

1034 1773 1172 1804 sterilis
1195 1783 1307 1803 annus
1332 1772 1370 1809 V,
1397 1774 1449 1810 19,
1473 1773 1528 1802 22.

1029 1816 1114 1848 Stili
1149 1815 1389 1857 prominentis
1425 1815 1551 1846 umbra
1581 1814 1620 1846 C.
1647 1814 1683 1854 1,
1709 1815 1765 1855 20,

1073 1862 1117 1890 26
1144 1870 1194 1900 sq.
1244 1859 1329 1890 Stili
1356 1858 1501 1889 dicendi
1527 1858 1597 1889 duo
1624 1857 1766 1900 dispari

1074 1902 1285 1934 moralitate
1305 1902 1442 1933 diversi
1468 1902 1506 1941 V,
1537 1905 1567 1941 1,
1592 1903 1641 1932 16.

1028 1946 1249 1978 Stomachus
1281 1946 1352 1978 dici
1388 1945 1520 1977 meruit
1549 1945 1764 1987 paterfami-

1075 1990 1145 2021 lias
1176 1990 1255 2027 111,
1282 1991 1323 2029 4,
1355 1992 1403 2021 17.
1452 1989 1540 2020 Eius
1566 1988 1620 2020 vis
1650 1992 1686 2020 et
1708 1988 1764 2020 of-

1073 2033 1194 2064 ficium
1216 2033 1304 2064 ibid.
1353 2032 1550 2064 Stomacho
1578 2033 1676 2064 lasso
1699 2042 1764 2063 cur
1828 2034 1832 2044 ’

1074 2077 1234 2108 calidum
1261 2076 1355 2108 nihil
1380 2076 1601 2108 adhibeatur
1624 2075 1708 2114 1711,
1728 2078 1762 2115 6,

1073 2121 1104 2151 4.
1158 2120 1294 2151 Sensus
1331 2119 1363 2151 ei
1399 2119 1555 2151 maxime
1594 2128 1762 2150 necessa·
1823 2113 1832 2127 ³

1074 2163 1150 2194 rius
1176 2167 1231 2193 est
1255 2163 1331 2201 Vll,
1358 2165 1391 2200 9,
1414 2165 1470 2193 22.

1027 2205 1144 2237 Stonii
1170 2204 1396 2244 (Statonii⁴?)
1422 2205 1554 2236 ltaliae
1588 2203 1760 2246 oppidum

1072 2249 1239 2280 devotum
1265 2248 1332 2285 111,
1356 2251 1389 2285 9,
1416 2251 1465 2279 13.

1026 2291 1156 2324 Strabo
1183 2292 1278 2322 male
1310 2290 1535 2322 existimavit
1568 2290 1612 2321 de
1641 2289 1761 2332 pervi-

1072 2334 1172 2365 cacia
1198 2334 1347 2365 Catonis
1370 2334 1404 2365 S.
1431 2334 1478 2371 ll,
1503 2336 1535 2372 4,
1563 2336 1616 2365 18.

1027 2377 1187 2419 Stropba
1220 2382 1255 2408 et
1285 2377 1517 2418 antistropha
1549 2377 1585 2408 in
1614 2376 1762 2419 hymnis

1072 2422 1222 2453 deorum
1245 2420 1283 2451 C.
1311 2421 1358 2459 11,
1386 2423 1419 2458 3,
1441 2423 1473 2451 5.

1027 2464 1232 2496 Struthium
1256 2465 1390 2495 malum
1412 2464 1478 2502 111,
1499 2466 1551 2501 19,
1575 2465 1606 2494 2.

1031 2510 1158 2550 Stupor
1180 2507 1392 2548 spiraminis
1417 2506 1454 2538 C.
1481 2507 1510 2547 1,
1532 2508 1588 2545 22,
1609 2510 1640 2537 7.

1026 2551 1128 2592 Styx,
1152 2551 1286 2582 fluvius
1312 2550 1518 2590 infernalis,
1546 2549 1630 2591 quid
1652 2548 1701 2580 sit
1721 2548 1760 2580 C.
1832 2531 1838 2556 ’ἡ

1030 2595 1346 2669 Sult'zsilolut'tirnam
1377 2646 1570 2667 succurrere
1604 2645 1669 2676 pro
1700 2635 1757 2666 In-

1072 2686 1195 2713 turvae
1223 2681 1285 2719 11,
1313 2683 1346 2719 6,
1375 2683 1424 2710 11.

1027 2723 1146 2755 Suave
1179 2727 1213 2754 et
1241 2724 1349 2754 dulce
1381 2733 1448 2754 non
1480 2724 1536 2752 est
1560 2720 1654 2752 idem
1683 2721 1758 2758 vll,

1026 2769 1213 2847 Srirlieifes,
1241 2809 1348 2840 arbor
1374 2807 1464 2839 felix
1487 2806 1553 2845 111,
1579 2809 1634 2845 20,
1660 2809 1690 2838 2.
