1845 3131
256 151 456 192 lerabilius
482 148 575 189 viris
602 148 750 197 serunt,
782 148 872 189 facit
897 149 973 190 hoc
1002 163 1119 191 suum
1152 150 1292 205 frigus:
1325 153 1519 196 similibus
1547 156 1653 196 enim
1683 156 1790 197 simi-

256 207 305 247 lia
334 206 518 258 gaudent.
578 204 674 244 Ideo
711 218 760 244 ne
795 218 941 258 corpus
976 219 1111 245 earum
1147 205 1270 259 frigus
1305 207 1465 251 horreat
1501 212 1594 253 facit
1624 226 1790 253 consue-

188 262 376 318 {2351Lffllo
403 264 569 300 naturae
599 273 718 313 quam
751 260 915 300 sortitae
945 266 1038 301 sunt
1067 261 1324 313 frisridiorem.

193 322 240 361 13
369 316 447 356 Sed
475 315 524 355 de
553 315 612 355 his
645 316 798 369 singuli,
826 321 871 356 ut
900 316 1050 364 volunt,
1076 317 1265 357 iudicent.
1324 319 1412 372 Ego
1443 333 1535 361 vero
1566 321 1614 361 ad
1641 326 1789 362 sortem

253 372 369 415 venio
401 371 652 419 consulendi,
681 378 719 411 et
748 348 856 424 quod
889 371 992 412 scitu
1023 372 1183 426 dignum
1216 373 1400 422 aestimo,
1429 375 1477 415 ab
1506 376 1645 417 eodem
1674 377 1790 417 Disa-

254 429 313 469 rio
342 440 493 481 quaero
529 432 568 467 et
607 427 701 466 mihi
737 441 866 480 usque
895 427 943 467 ad
973 428 1158 468 affectum
1195 428 1359 469 nimium
1396 430 1521 470 amico
1556 437 1595 472 et
1629 446 1719 472 cum
1751 432 1790 472 in

192 484 394 526 l4eeteris
430 488 515 523 tum
550 482 589 522 in
627 482 688 522 his
720 483 869 536 optime
901 483 1032 523 docto.
1097 484 1234 537 Nuper
1268 484 1308 524 in
1344 485 1572 526 Tusculano
1605 500 1694 527 meo
1723 487 1792 537 fui,

253 554 344 581 cum
378 538 633 579 vindemiales
660 537 813 578 fructus
844 552 915 592 pro
946 552 1076 579 annua
1102 540 1367 580 sollemnitate
1400 541 1636 594 legerentur.
1694 543 1793 582 Erat

254 596 386 637 videre
423 594 638 647 permixtos
677 594 832 634 rusticis
869 608 1002 635 servos
1042 594 1200 635 haurire
1232 596 1291 636 vel
1322 595 1371 635 de
1409 610 1596 650 expresso
1639 597 1698 637 vel
1742 597 1792 638 de

253 656 394 713 sponte
424 650 572 689 llucnte
598 654 797 698 mustum,
844 664 915 690 nec
941 655 1074 690 tamen
1105 650 1294 691 ebrietate
1329 651 1428 705 capi.
1490 652 1613 714 Quod
1645 652 1686 692 in
1716 652 1791 692 illis

254 706 466 760 praecipue
495 704 739 752 admirabar,
788 718 889 757 quos
923 705 1055 758 inpelli
1086 706 1134 746 ad
1170 706 1363 746 insaniam
1398 720 1518 761 parvo
1548 707 1639 748 vino
1671 721 1790 749 nove-

252 776 348 802 ram.
410 761 594 809 Quaero,
635 772 738 812 quae
769 759 870 799 ratio
901 760 949 800 de
986 766 1118 800 musto
1154 761 1382 802 ebrietatem
1423 767 1492 802 aut
1521 763 1673 803 tardam
1705 762 1790 803 lieri

193 818 240 857 1.)
254 817 370 857 faciat
398 820 468 855 aut
493 814 672 854 nullam?
732 814 795 854 Ad
825 814 922 855 haec
950 815 1153 856 Disarius:
1183 816 1314 857 Omne
1341 818 1449 870 quod
1480 818 1596 858 dulce
1621 823 1682 858 est
1711 818 1791 859 cito

253 872 390 919 satiat,
421 884 493 910 nee
527 870 755 910 diuturnam
788 870 972 911 desiderii
1005 870 1066 911 sui
1098 870 1214 911 sidem
1249 877 1371 920 tenet,
1402 872 1471 912 sed
1500 873 1540 913 in
1568 873 1700 913 locum
1729 887 1790 914 sa-

255 927 401 968 tietatis
431 925 604 966 succedit
630 925 783 965 horror.
844 927 889 965 In
921 931 1053 966 musto
1086 932 1219 966 autem
1252 927 1335 967 sola
1366 927 1534 968 dulcedo
1561 933 1631 977 est,
1661 929 1790 969 suavi-

252 989 312 1023 tas
341 982 458 1022 nulla.
518 982 617 1023 Nam
646 980 781 1021 vinum
815 995 905 1021 cum
936 981 975 1022 in
1009 981 1172 1022 infantia
1201 988 1280 1030 est,
1314 983 1446 1031 dulce,
1475 997 1565 1023 cum
1596 960 1790 1037 pubescit,

192 1039 375 1091 lfimigis
408 1051 528 1078 sume
558 1050 677 1090 quam
708 1036 822 1076 dulce
851 1042 921 1077 est
980 1037 1081 1077 Esse
1110 1043 1241 1077 autem
1281 1038 1422 1079 harum
1456 1039 1627 1079 duarum
1655 1052 1788 1079 rerum

252 1093 480 1134 distantiam
517 1097 623 1131 certe
651 1092 852 1132 Homerus
880 1092 992 1132 testis
1022 1097 1101 1140 est,
1132 1093 1201 1146 qui
1233 1093 1309 1133 ait:

656 1171 704 1175 -—
733 1145 889 1188 Μέλιτι
920 1150 1134 1202 γλυκερῷ,
1165 1147 1238 1188 καὶ
1265 1145 1362 1201 ἡδέϊ
1386 1148 1503 1203 οἴνῳ.

257 1205 285 1243 Υ
291 1203 421 1243 ocavit
457 1202 561 1241 enim
603 1202 677 1242 mel

720 1202 835 1243 dulce
880 1208 919 1243 et
962 1203 1095 1244 vinum
1136 1217 1268 1244 suave.

1325 1204 1505 1244 Mustum
1545 1203 1666 1259 igitur
1701 1217 1789 1244 cum

254 1259 421 1298 necdum
454 1271 575 1299 suave
602 1263 683 1307 est,
722 1258 789 1298 sed
821 1259 1097 1300 tantummodo
1129 1259 1266 1309 dulce,
1304 1257 1471 1300 horrore
1501 1234 1675 1313 quodam
1705 1264 1790 1300 tan-

341 1370 444 1411 [ssss.
470 1369 606 1401 APSH.

245 1426 370 1467 frigus
399 1435 495 1455 suum
520 1434 589 1465 v-g

593 1446 600 1454 .
627 1441 667 1445 —
688 1424 812 1465 frigus
838 1435 952 1456 eurum
977 1435 1099 1466 corpus
1122 1423 1160 1456 S.

1298 1426 1350 1456 13.
1385 1425 1427 1456 dc
1449 1424 1497 1457 iis
1522 1427 1577 1457 vl.
1603 1443 1639 1448 —
1666 1436 1789 1457 consu-

251 1469 344 1500 lendi
367 1469 466 1500 venio
494 1478 571 1508 wg.
596 1485 640 1490 —-
668 1469 841 1499 existimo
865 1468 950 1500 sau».
998 1469 1136 1500 extimo
1161 1467 1283 1510 vichg.
1313 1487 1354 1492 —
1385 1469 1432 1500 ad
1456 1470 1619 1510 effectum
1645 1470 1791 1501 nimium

253 1513 317 1544 PS
367 1513 413 1543 ad
439 1512 600 1553 affectum
622 1512 733 1543 nimio
757 1512 898 1542 As-bH.

249 1557 415 1587 marime
440 1555 476 1587 S.

614 1558 666 1586 14.
708 1557 901 1594 permistos
928 1567 994 1597 ug
1000 1574 1071 1585 .—
1095 1557 1141 1587 ad
1163 1538 1405 1588 ebrietatemU
1421 1555 1456 1588 S.

948 1513 994 1543 ad
1018 1513 1179 1553 effectum
1204 1513 1319 1544 nimio
1342 1523 1421 1554 v-g·
1452 1529 1494 1536 -—
1527 1514 1562 1545 in
1593 1514 1641 1545 iis
1666 1516 1720 1544 vl.
1745 1530 1791 1537 —-

1596 1559 1649 1588 15.
1684 1558 1791 1588 Omne

249 1601 339 1641 qnod
365 1600 463 1630 dulce
488 1605 535 1630 esc
562 1599 644 1640 ‹:.et]
671 1600 726 1630 CL*
753 1599 1294 1654 Plnz.Sy¹151›.111,7,1.—
1335 1601 1526 1632 societatis
1551 1601 1597 1632 H.
1735 1603 1789 1631 16.

252 1642 392 1684 Mam]
432 1643 499 1675 Od.
524 1639 556 1682 ύ,
582 1646 635 1674 69.
685 1640 812 1674 Μέλιτι
837 1666 866 1675 ..
883 1666 890 1674 .

250 1689 422 1738 leguntur
449 1687 535 1725 (Od.
557 1684 604 1729 β’,
628 1688 694 1717 349
719 1698 771 1727 sq.
803 1692 839 1718 et
873 1687 939 1719 Od.
965 1699 1005 1727 ω,
1033 1690 1072 1717 67
1102 1698 1141 1729 sq
1148 1691 1193 1724 .):

918 1642 1004 1694 οἴνῳ
1031 1654 1100 1674 oin.
1127 1643 1268 1674 Asuvi.
1318 1644 1356 1674 ln
1370 1656 1456 1696 ‹-g
1489 1655 1553 1684 pro
1583 1644 1651 1675 hoc
1681 1654 1789 1675 versu

1238 1684 1333 1718 Maz'
1363 1684 1385 1718 ἅ
1388 1698 1433 1740 γε
1456 1685 1503 1740 δ,ή
1527 1698 1589 1729 μοι
1620 1683 1719 1719 οἶνον
1751 1684 1789 1719 ἐν

248 1713 517 1781 (ἐμφιφορεῦσιν
549 1739 716 1771 αφυσσον
739 1728 858 1771 Ἡὸύν,
885 1732 922 1771 (a
949 1737 979 1762 et
1004 1731 1105 1762 alibi.
1101 1699 1141 1770 ·l)
1162 1730 1273 1763 Katzo
1295 1727 1327 1762 δ’
1351 1729 1387 1763 ἕν
1405 1727 1433 1762 τ’
1458 1729 1587 1774 ἐσθῆτι
1608 1731 1707 1763 θεῶν
1728 1729 1789 1762 καὶ

248 1771 412 1815 (Ξλξίφατι
441 1774 559 1805 πολλῶ
592 1773 665 1805 Και
694 1771 803 1814 μέλιτι
835 1774 1001 1819 γλυκερῷ.
1028 1793 1067 1798 -
1103 1776 1215 1808 l'ocat
1247 1775 1422 1818 ASflv-g.

292 1885 389 1905 snum
431 1872 565 1916 frigus]
617 1873 694 1905 sid.
740 1875 907 1916 prolegg.
953 1885 985 1916 p.

249 1929 369 1949 xxxix.

290 1962 460 1993 similibus
504 1961 592 1992 enim
637 1962 767 1993 similia
813 1961 986 2002 madent]

250 2006 327 2035 lloc
378 2005 634 2046 proverbium,
693 2006 737 2035 (le
787 2016 857 2046 (μω
910 2006 982 2036 vid.

250 2050 386 2080 arasa..
426 2049 541 2089 Λῆψις
580 2049 615 2087 l,
649 2051 688 2087 2,
723 2051 761 2079 21
789 2073 796 2086 ,
846 2049 985 2090 recepit

249 2092 457 2124 Mffniolvius
504 2103 567 2132 pro
615 2103 656 2123 eo
702 2094 805 2143 quod
846 2093 983 2133 legitur

246 2138 339 2175 aquid
366 2136 556 2187 Plutarchi
584 2147 618 2176 Ρ.
641 2138 718 2166 651.
739 2136 776 2166 C.
795 2131 871 2166 Ὀτι
899 2137 981 2167 πολ-

246 2178 342 2216 Mina:
381 2176 422 2210 τὸ
463 2175 589 2229 όμοιον
628 2175 701 2210 υπὸ
741 2179 805 2210 τοῦ
853 2175 982 2219 ὁμοίου

246 2219 541 2263 commistam-96⁷)
567 2220 674 2254 ἐστιν.

288 2278 331 2297 πε
428 2266 584 2304 horreat,
603 2267 707 2307 facil]
734 2266 809 2297 vid,
836 2270 909 2298 not.
936 2266 979 2298 ad

246 2311 383 2341 Cotum.
410 2310 438 2349 l,
469 2312 517 2347 17,
539 2313 570 2339 8,

289 2355 429 2385 sortitae
453 2352 545 2394 sunl]
570 2352 624 2384 Cf.
650 2364 681 2384 c.
708 2356 739 2391 6,
769 2352 784 2393 §
814 2356 863 2384 16.

290 2401 341 2428 13.
390 2398 437 2428 ad
478 2403 600 2429 sortem
638 2398 735 2429 venio
769 2397 979 2439 consulendi]

244 2441 299 2473 Cf.
326 2453 355 2472 c.
383 2443 414 2479 4,
437 2442 457 2479 ξ
489 2444 498 2471 l
526 2452 578 2482 sq.

287 2487 338 2517 14.
387 2496 461 2516 cnm
483 2510 514 2516 ..
542 2484 753 2527 legerentur]
791 2484 812 2515 i.
841 2495 871 2515 e.
897 2495 977 2516 cum

245 2529 347 2560 lieret
371 2528 575 2567 vindemia,
616 2533 654 2560 ut
687 2529 738 2559 ait
771 2528 978 2570 simplicius

242 2574 353 2605 Varro
378 2573 419 2603 R.
445 2573 487 2603 R.
515 2573 542 2612 1,
569 2574 622 2603 54.

288 2618 377 2649 Erat
404 2617 533 2656 videre]
562 2616 636 2647 Vid.
665 2616 831 2657 prolegg,
860 2626 893 2656 Ρ.
918 2626 975 2647 xx..

285 2662 326 2692 «le
356 2665 474 2701 sponte
496 2659 646 2700 fluente]
690 2659 744 2690 cf.
781 2660 974 2691 Columell.

241 2704 330 2745 ΧΠ,
356 2707 411 2735 27.
436 2701 604 2736 'Mustum
636 2704 798 2742 lixivam,
835 2704 896 2735 hoc
926 2708 975 2735 est

238 2754 471 2789 (autequam
516 2749 636 2789 prelo
676 2758 869 2789 pressum
915 2748 971 2779 sit

238 2793 348 2832 qnod
372 2792 413 2822 in
439 2792 581 2822 lacum
611 2792 742 2822 musti
765 2792 970 2830 fluxerit,

235 2836 346 2867 tollito
402 2835 497 2866 Plin.
534 2835 574 2866 N.
599 2835 644 2866 H.
683 2834 778 2870 xlv,
805 2837 845 2872 9,
872 2846 899 2866 s.
931 2837 965 2866 11

237 2883 325 2909 extr.
367 2878 566 2920 Protropum
600 2878 799 2920 appellatur
833 2889 855 2909 a
889 2879 965 2920 qui-

1560 1778 1613 1808 17.
1654 1775 1787 1808 disten-

1055 1874 1199 1905 busdam
1262 1879 1444 1906 mustum
1504 1878 1657 1917 sponte
1720 1873 1787 1905 de-

1047 1919 1202 1959 fluens
1263 1924 1497 1960 auzequam
1563 1918 1790 1951 calcentur

1054 1973 1169 1993 uvae.

1097 2005 1219 2047 inpelli
1252 2005 1299 2036 ad
1338 2005 1512 2036 insaniam
1549 2015 1660 2047 parvo
1694 2002 1786 2044 vino]

1053 2048 1107 2080 Cf.
1145 2060 1172 2079 c.
1209 2050 1249 2085 4,
1286 2049 1307 2087 ἓ
1343 2050 1396 2078 31.
1438 2060 1580 2089 parva
1624 2049 1786 2079 libantur.

1050 2091 1143 2123 Plin.
1175 2091 1216 2124 N.
1241 2091 1286 2121 H.
1314 2091 1414 2130 XXI,
1439 2094 1478 2122 31
1509 2103 1535 2123 s.
1566 2094 1640 2122 105.
1665 2093 1685 2130 §
1711 2093 1785 2121 178.

1057 2136 1194 2177 Quippe
1245 2135 1462 2166 insaniam
1504 2136 1598 2175 facit
1649 2145 1786 2176 parvo

1050 2190 1182 2220 (Illoque
1205 2189 1315 2209 SUCO·

1096 2226 1149 2254 15.
1196 2233 1256 2253 nec
1293 2222 1494 2253 diuturnam
1533 2221 1696 2253 desiderii
1731 2221 1786 2253 sui

1039 2267 1150 2307 fidem
1184 2264 1288 2306 tenet]
1327 2276 1407 2296 cuin
1435 2264 1547 2297 nimia
1573 2265 1784 2307 elegantiae

1048 2309 1284 2341 affectatione
1326 2309 1462 2340 dictum
1500 2313 1555 2341 est
1591 2320 1677 2350 pro:
1722 2319 1783 2341 nec

1048 2354 1249 2386 ‹liutumum
1274 2354 1328 2384 sui
1352 2353 1557 2385 desiderium
1580 2354 1688 2395 parit.

1074 2397 1251 2450 dulcedo]
1279 2397 1481 2429 Plutarcho
1505 2408 1540 2449 p.
1557 2399 1635 2428 655.
1663 2396 1702 2428 F.
1727 2400 1784 2429 est

1047 2438 1087 2472 τὸ
1113 2439 1237 2482 γλυκὺ,
1261 2442 1417 2473 suavitas
1441 2438 1483 2473 τὸ
1507 2437 1590 2482 ἡδύ.
1616 2440 1669 2471 cf.
1691 2440 1707 2481 §
1728 2443 1782 2473 16.

1092 2497 1165 2516 cum
1205 2487 1239 2517 iu
1278 2486 1433 2525 infantia
1469 2490 1517 2516 est
1547 2508 1577 2516 ..
1609 2495 1684 2516 cum
1711 2495 1780 2526 pu-

1046 2529 1160 2571 bescit]
1197 2529 1418 2560 Plutarchus
1451 2529 1473 2559 l.
1503 2539 1531 2560 c.
1562 2527 1641 2558 sine
1666 2531 1781 2559 meta-

1046 2573 1162 2614 phora
1187 2573 1298 2604 dicit:
1325 2568 1362 2603 ἐν
1388 2568 1479 2614 ἀρχῇ
1504 2574 1539 2602 et
1562 2568 1779 2611 παλαιούμε-

1044 2627 1122 2653 vos.-
1161 2618 1223 2648 seul
1257 2616 1352 2648 conf.
1376 2616 1430 2655 11,
1454 2618 1486 2654 3,
1512 2618 1544 2646 2.
1575 2615 1693 2646 iocum
1718 2615 1780 2646 Gi-

1044 2661 1198 2698 ceronis,
1225 2664 1260 2691 et
1284 2660 1376 2690 Plin.
1402 2658 1504 2690 NH.
1525 2658 1615 2695 XIV,
1638 2661 1672 2699 2,
1695 2669 1722 2690 s.
1744 2660 1776 2690 4.

1042 2704 1058 2744 ἕ
1090 2706 1145 2735 21.
1186 2704 1407 2744 Principalus
1447 2703 1553 2734 datur
1588 2703 1777 2734 Ammiueis

1037 2753 1178 2789 propter
1211 2748 1416 2788 firmitatem
1460 2747 1649 2787 senioque
1690 2757 1774 2788 pro-

1029 2791 1204 2832 ficientem
1225 2791 1298 2821 vini
1322 2791 1395 2821 eius
1416 2790 1535 2832 utique
1559 2791 1704 2822 vitam.

1086 2836 1135 2866 16.
1183 2834 1340 2874 necdum]
1394 2834 1468 2866 vid.
1515 2833 1684 2875 prolegg.
1733 2844 1768 2875 Ρ.

1036 2887 1107 2908 xm.
1135 2877 1229 2908 med.
