1845 3126
219 31 272 73 86
853 32 1129 76 MACROBII

161 144 207 184 17
223 142 289 197 qui
333 146 484 181 tanturn
523 140 706 181 meritum
744 140 976 195 loqueretur
1012 146 1180 188 adiecto.
1249 150 1435 204 Aesopus
1478 151 1642 194 libertus
1678 154 1757 195 De-

223 196 439 239 mosthenis
477 195 660 237 conscius
700 196 884 239 adulterii
917 201 1025 254 quod
1057 216 1147 245 cum
1184 204 1284 245 Iulia
1325 211 1517 260 patronus
1547 209 1761 252 admiserat

221 259 349 294 tortus
378 251 599 293 diutissime
630 254 893 307 perseveravit
924 271 1004 297 non
1035 260 1204 313 prodere
1234 265 1469 314 patronum,
1515 264 1642 306 donee
1674 266 1760 307 aliis

160 310 209 351 18
222 308 529 362 coarguentibus
560 308 728 350 consciis
756 310 1049 355 Demosthenes
1082 314 1166 369 ipse
1206 316 1407 359 fateretur.
1470 320 1524 360 Et
1556 335 1606 362 ne
1642 322 1758 363 aesti—

221 378 304 405 mes
341 365 390 405 ab
423 378 505 405 uno
543 363 654 406 facile
683 366 798 406 celari
828 381 945 422 posse
976 376 1196 421 secretum,
1243 373 1463 415 Labienum
1494 390 1570 430 ope
1597 377 1758 419 liberto-

220 434 309 461 rum
337 420 524 462 latentem
557 427 603 462 ut
628 421 849 464 indicarent
876 424 1006 467 liberti
1031 427 1140 469 nullo
1171 433 1461 471 tormentorum
1490 446 1634 485 genere
1665 448 1758 475 con-

221 475 324 531 pulsi
354 482 458 517 sunt.
517 479 597 527 Ac,
643 491 692 518 ne
729 479 818 532 quis
850 480 1013 523 libertos
1047 483 1153 524 dicat
1181 484 1282 526 hanc
1314 486 1430 527 fidem
1461 488 1655 530 beneficio
1688 504 1758 545 po—

221 533 301 573 tius
335 532 527 574 libertatis
560 539 746 588 acceptae
788 550 906 591 quam
947 538 1105 593 ingenio
1150 540 1351 592 debuisse,
1397 543 1531 598 accipe
1574 545 1675 586 servi
1719 546 1759 587 in

160 590 209 630 19
224 588 430 629 dominum
464 589 768 644 benignitatem,
812 606 901 634 curn
933 594 1015 649 ipsc
1051 609 1073 636 a
1109 596 1271 638 domino
1300 598 1519 653 puniretur.
1591 601 1757 643 Antium

223 644 326 685 enim
357 645 587 687 Restionem
627 647 892 702 proscriptum
928 651 1139 706 solumque
1171 658 1289 694 nocte
1326 654 1541 708 fugientem
1573 657 1759 712 diripien-

221 701 328 742 tibus
352 702 458 742 bona
486 701 571 743 eius
598 702 683 743 aliis
713 717 848 745 servus
878 708 1113 762 conpeditus
1140 709 1326 764 inscripta
1356 710 1505 762 fronte,
1549 726 1639 754 curn
1670 719 1761 768 post

222 757 518 798 damnationem
551 758 701 799 domini
732 760 858 802 aliena
890 769 993 804 esset
1023 764 1294 807 misericordia
1324 767 1499 818 solutus,
1541 768 1758 823 fugientem

222 819 456 867 persecutus
486 819 566 864 est,
612 814 877 871 hortatusque
908 833 958 860 ne
996 819 1034 861 se
1063 821 1221 863 timeret
1254 822 1444 864 scientem
1476 826 1758 867 contumeliam

223 882 336 910 suam
362 868 545 911 fortunae
574 870 832 925 inputandam
865 888 950 916 esse
981 890 1062 916 non
1090 877 1266 927 domino,
1297 879 1557 935 abditumque
1583 881 1759 923 ministe—

155 924 209 964 ‘20
223 925 282 966 rio
316 939 390 966 suo
420 926 528 967 aluit.
594 927 695 968 Cum
725 928 868 971 deinde
898 938 1182 986 persequentes
1217 934 1355 976 adesse
1385 936 1587 987 sensisset,
1625 952 1759 979 senem

222 994 340 1035 quem
379 995 493 1023 casus
529 983 676 1024 obtulit
708 984 900 1039 iugulavit
933 992 973 1028 et
1011 988 1051 1028 in
1091 995 1357 1031 constructam
1397 1006 1532 1047 pyram
1575 994 1760 1035 coniecit:

222 1051 301 1090 qua
329 1051 493 1078 accensa
522 1040 696 1080 occurrit
726 1042 781 1082 eis
813 1043 881 1096 qui
898 1043 1129 1086 Restionem
1163 1047 1406 1101 quaerebant
1434 1048 1566 1090 dicens
1597 1050 1758 1091 damna-

220 1098 306 1133 tum
339 1093 413 1134 sibi
444 1108 592 1148 poenas
620 1095 739 1137 luisse
767 1099 893 1140 multo
922 1100 1051 1141 acrius
1083 1116 1104 1142 a
1141 1116 1183 1143 se
1211 1108 1396 1144 vexatum
1428 1118 1547 1158 quam
1580 1105 1664 1160 ipse
1692 1120 1758 1148 ve-

152 1147 199 1187 21
219 1153 347 1189 xarat:
379 1154 418 1190 et
445 1150 521 1191 fide
550 1151 683 1193 habita
713 1154 850 1196 Restio
882 1156 1070 1198 liberatus
1102 1163 1173 1199 est.
1234 1159 1473 1214 Caepionem
1504 1175 1667 1217 quoque
1689 1162 1758 1217 qui

219 1204 259 1244 in
305 1206 479 1260 Augusti
526 1221 664 1249 necem
711 1208 839 1251 fuerat
887 1212 1104 1263 animatus,
1154 1220 1368 1269 postquam
1413 1216 1569 1258 detecto
1614 1219 1759 1260 sceiere

219 1260 430 1302 damnatus
463 1267 538 1312 est,
579 1277 714 1306 servus
746 1266 794 1307 ad
826 1267 1001 1309 Tiberim
1038 1269 1077 1310 in
1107 1270 1205 1311 cista
1236 1271 1395 1321 detulit,
1446 1280 1758 1329 pervectumque

220 1317 402 1358 Hostiam
441 1317 531 1360 inde
570 1319 610 1360 in
637 1334 773 1375 agrum
804 1323 1044 1366 Laurentem
1075 1326 1123 1367 ad
1156 1327 1278 1382 patris
1307 1328 1436 1369 villam
1464 1335 1662 1373 nocturno
1693 1331 1755 1372 iti-

308 1428 411 1469 [Mss.
441 1430 638 1465 ABGPSV.

261 1484 311 1514 18.
351 1485 504 1518 extimes
530 1485 578 1518 vi.
625 1488 816 1521 existimes
840 1489 971 1534 Sc-gb.
997 1509 1038 1515 —
1062 1503 1162 1535 posse
1186 1494 1293 1528 celari
1318 1495 1356 1528 S.
1382 1514 1424 1520 —
1449 1497 1626 1533 indicaret
1649 1499 1689 1532 A.
1717 1519 1753 1524 -

213 1527 340 1560 liberto
367 1538 398 1560 v.
540 1533 591 1563 19.
629 1533 710 1565 aliis
735 1535 851 1567 servis
876 1546 909 1567 v.
954 1555 992 1560 —
1039 1538 1156 1570 aliena
1183 1544 1267 1572 esset
1299 1541 1431 1573 solutus
1459 1543 1693 1577 misericordia
1717 1544 1755 1577 S.

213 1571 331 1603 aliena
358 1579 442 1606 esset
472 1576 605 1608 solutus
631 1579 826 1611 custodia
852 1590 931 1623 v-g.
978 1581 1095 1613 aliena
1125 1588 1210 1616 esset
1235 1584 1472 1618 misericordia
1499 1594 1693 1630 sequutus
1716 1589 1755 1621 P.

213 1632 254 1638 —-
298 1616 540 1659 inputandam
567 1623 666 1663 (sup.
692 1622 761 1654 add
790 1627 829 1661 a)
858 1624 903 1655 G.
1041 1628 1096 1658 20.
1140 1627 1356 1661 instructam
1384 1633 1483 1673 (sup.
1511 1633 1603 1674 con.)
1630 1634 1669 1665 A.
1711 1651 1753 1658 —

212 1667 417 1694 vexaverat
452 1663 558 1695 s-bP.
693 1668 750 1698 21.
785 1668 956 1700 Hostium
984 1673 1082 1711 (sup.
1107 1674 1147 1709 a)
1172 1672 1236 1712 G.;
1261 1674 1308 1704 cf.
1329 1673 1396 1714 111,
1424 1678 1477 1713 16,
1504 1679 1556 1708 10.
1597 1695 1638 1701 -
1674 1678 1756 1710 inde

213 1715 339 1747 agrum
363 1706 451 1748 (om.
481 1708 534 1746 in]
561 1708 600 1741 P.
627 1727 667 1733 -—
695 1711 742 1743 ad
771 1713 887 1744 villam
910 1715 1024 1756 patris
1048 1715 1137 1748 Edd.
1164 1734 1204 1740 -—
1232 1718 1323 1750 'I'um
1347 1719 1376 1751 is
1402 1720 1526 1753 deinde
1550 1720 1587 1754 S.
1640 1723 1756 1756 Cumis

256 1804 309 1835 17.
363 1805 609 1851 Demosthenis]
633 1809 725 1851 Quis
751 1809 816 1842 iile
839 1810 952 1844 fuerit

210 1847 474 1883 Demosthenes
490 1852 656 1895 Augusto
681 1855 860 1897 aequalis,
881 1867 948 1888 non

209 1897 364 1925 constat.

253 1949 328 1969 cum
356 1938 460 1981 Iulia]
489 1938 543 1971 Cf.
571 1940 619 1981 II,
646 1943 680 1972 5.

254 1983 307 2011 18.
362 1982 564 2026 Labienum]
591 1984 764 2017 Fortasse
792 1987 860 2027 Qu.
887 1987 949 2019 At-

209 2024 281 2056 tius
300 2024 482 2059 Labienus
506 2033 561 2060 est
584 2029 862 2071 intelligendus,
886 2032 948 2073 qui

208 2072 400 2111 postquam
429 2082 509 2103 cum
537 2072 576 2104 P.
602 2074 768 2106 ventidio
795 2074 829 2107 in
859 2076 947 2108 Par-

209 2113 287 2146 thia
314 2116 510 2156 pugnavit,
538 2128 601 2158 per
626 2118 773 2160 aliquod
802 2124 946 2162 tempus

208 2157 318 2189 latuit
360 2159 396 2191 in
437 2159 589 2202 Cilicia,
637 2163 685 2195 cf.
732 2163 800 2195 Dio
841 2164 944 2198 Cass.

206 2202 373 2243 xm'ul,
403 2205 457 2236 40.
505 2205 608 2238 Aiius
649 2211 749 2240 certe
785 2213 841 2241 est
880 2209 944 2241 ille

206 2257 311 2287 quem
342 2247 529 2290 Appianas
564 2251 588 2282 Ι.
624 2262 654 2283 c.
695 2264 726 2283 c.
765 2255 819 2285 26.
858 2265 942 2295 pro-

206 2291 384 2333 scriptum
428 2294 541 2327 refert
587 2295 706 2337 ipsum
749 2308 788 2329 se
831 2299 942 2330 tradi·

204 2335 304 2367 disse
344 2338 637 2378 percussoribus.
706 2341 784 2374 Vid.
822 2347 941 2375 tamen

203 2379 507 2423 Sehweighaeus.
532 2385 575 2415 nd
600 2384 706 2417 illurn
732 2386 863 2418 locum.

249 2427 302 2456 19.
334 2427 476 2459 Antium
495 2429 581 2460 enim
600 2430 805 2473 Restionem]
820 2432 939 2471 „Ean-

203 2467 284 2501 dem
317 2470 415 2502 servi
447 2471 555 2504 fidem
589 2478 715 2506 narrat
740 2476 816 2507 Van.
844 2477 938 2509 Max.

201 2512 261 2556 [7.]
290 2517 326 2546 et
350 2515 503 2557 Appian.
531 2516 573 2559 [c.
597 2518 665 2561 43.]
693 2520 715 2551 1.
743 2520 793 2551 1.“
826 2521 937 2554 Zffluv.

200 2575 243 2580 —-
266 2557 367 2591 Adde
394 2560 497 2592 Dion.
525 2562 623 2595 Cass.
652 2564 674 2595 Ι.
703 2575 732 2595 c.

243 2603 340 2645 aliis]
368 2615 416 2636 sc.
444 2607 572 2639 servis.
622 2608 677 2640 Cf.
694 2608 768 2640 Val.
791 2609 885 2642 Max.
910 2610 934 2643 1.

200 2656 251 2678 c.:
292 2659 366 2679 cum
393 2661 535 2683 omnes
562 2652 818 2686 domesticos
844 2655 936 2687 circa

197 2692 357 2732 rapinam
382 2698 413 2726 et
434 2696 604 2737 praedam
632 2703 814 2740 occupatos
836 2700 934 2731 vide-

197 2739 260 2771 ret.
292 2740 343 2768 et:
374 2738 456 2779 His.
487 2752 664 2782 qaorum
684 2743 870 2783 felicior
894 2745 933 2776 ἱη

198 2778 313 2811 domo
344 2787 671 2827 statussuerat,
700 2787 793 2819 lucro
819 2788 932 2821 inteu-

198 2822 252 2853 tis.

241 2868 440 2908 conpeditus
464 2872 629 2916 iuscripta
651 2875 785 2917 fronte]
817 2876 884 2908 Dio
909 2876 932 2908 Ι.

196 2920 245 2940 «κε
269 2913 475 2952 στιγματίας
499 2928 560 2956 τις,
587 2919 664 2951 Van.
692 2920 714 2952 l.
741 2931 788 2951 c.:
814 2932 931 2953 servus

1018 1814 1062 1846 ab
1089 1825 1126 1846 eo
1152 1815 1363 1849 vinculorum
1386 1829 1498 1860 poena
1516 1822 1679 1854 coercitus
1697 1822 1753 1855 in-

1019 1860 1248 1902 expiabilique
1268 1862 1460 1894 litterarum
1481 1870 1563 1898 nota
1580 1877 1641 1908 per
1660 1879 1754 1900 sum-

1016 1914 1108 1935 mam
1133 1906 1200 1937 oris
1226 1908 1465 1939 contumeliam
1491 1910 1637 1943 inustus.

1015 1971 1017 1973 .
1061 1948 1233 1981 aliena..
1264 1952 1516 1996 misericordia]
1555 1954 1578 1987 i.
1618 1966 1648 1988 e.
1683 1961 1752 1989 non

1017 1991 1060 2023 ab
1088 1991 1167 2034 ipso
1193 1994 1352 2028 domino.

1059 2035 1283 2081 hortatusque
1312 2065 1342 2072 ..

1014 2090 1092 2112 rum
1120 2093 1184 2123 que
1206 2084 1378 2116 abundat.

1057 2136 1246 2170 ministerio
1275 2150 1335 2171 suo
1368 2140 1469 2183 aluit]
1502 2140 1525 2173 i.
1551 2152 1580 2173 e.
1613 2142 1750 2177 victum

1012 2180 1234 2222 conquisivit
1257 2188 1365 2225 atque
1389 2186 1612 2227 apportavit.

1056 2236 1113 2266 20.
1162 2248 1265 2278 quam
1308 2239 1380 2281 ipse
1416 2241 1575 2283 vexarat]
1616 2241 1749 2275 Dicen-

1011 2278 1096 2311 dum
1126 2286 1206 2313 erat
1230 2284 1441 2324 vesavisset,
1476 2295 1632 2327 namque
1664 2291 1749 2320 sunt

1010 2322 1127 2365 ipsius
1160 2326 1258 2359 servi
1292 2328 1417 2360 verba.
1465 2329 1542 2362 Vid.
1577 2331 1747 2376 prolegg.

1011 2379 1041 2410 p.
1070 2379 1142 2401 xm.

1053 2426 1107 2455 21.
1166 2426 1383 2469 Caepionem]
1440 2427 1600 2461 Zennius
1656 2430 1754 2468 citat,

1008 2467 1155 2500 Sueton.
1189 2469 1273 2503 Tib.
1305 2475 1338 2503 S.
1387 2472 1464 2504 vid.
1499 2473 1588 2506 ibid.
1616 2474 1744 2508 Octav.

1009 2515 1082 2553 19.‚
1106 2513 1234 2546 Vellei.
1264 2515 1309 2552 n,
1334 2518 1389 2557 91,
1414 2519 1445 2548 2.
1475 2517 1514 2550 L.
1542 2518 1689 2552 Murena
1713 2525 1745 2553 et

1009 2557 1166 2590 Fannius
1196 2560 1323 2602 Caepio
1349 2584 1382 2593 ..
1416 2572 1489 2593 cum
1514 2562 1657 2596 inissent
1688 2576 1744 2597 oc·

1005 2602 1142 2634 cidendi
1165 2604 1324 2636 Caesaris
1347 2605 1509 2646 consilia,
1545 2605 1613 2638 Dio
1639 2607 1742 2641 Cass.

1005 2644 1099 2684 LIV,
1128 2649 1181 2686 3.‚
1223 2647 1305 2679 Sen.
1333 2648 1376 2680 de
1403 2650 1504 2681 brev.
1531 2650 1595 2683 vit.
1629 2655 1669 2693 5,
1694 2654 1741 2695 4.,

1005 2690 1048 2722 de
1073 2690 1178 2722 clem.
1205 2691 1234 2732 Ι,
1255 2695 1288 2732 9,
1315 2694 1347 2724 5.
1384 2693 1530 2727 Haakh.
1558 2694 1595 2727 in
1620 2696 1742 2740 Pauly

1002 2734 1217 2766 Real.-Enc.
1250 2736 1321 2776 ΙΙΙ,
1359 2748 1391 2778 p.
1424 2740 1507 2778 422,
1548 2741 1601 2771 14.
1638 2741 1741 2775 addit

1001 2788 1133 2810 annum
1160 2790 1193 2811 u.
1218 2791 1248 2811 c.
1270 2781 1510 2814 Dccxxxll.

1045 2834 1104 2876 qui
1135 2834 1170 2866 in
1197 2836 1351 2879 Augusti
1372 2849 1485 2871 necem
1506 2840 1629 2880 fuerat
1658 2841 1738 2873 ani-

1002 2878 1129 2920 matus]
1165 2878 1187 2911 i.
1224 2891 1254 2912 e.
1291 2880 1353 2923 qni
1388 2882 1545 2925 Augusti
1582 2885 1737 2919 necandi

1004 2922 1198 2957 consilium
1226 2929 1387 2967 ceperat,
1412 2928 1455 2960 cf.
1485 2939 1514 2960 c.
1538 2930 1568 2961 4.
1596 2929 1613 2970 §
1639 2933 1692 2962 10.

1379 2041 1613 2087 abditumque]
1650 2045 1752 2078 Alte-
