1871 3126
219 36 299 79 138
849 33 1123 77 MACROBII

148 150 202 190 22
216 152 336 190 Anno
371 147 420 187 ab
456 145 555 186 urbe
589 144 749 186 condita
786 145 1064 186 trecentesimo
1102 146 1345 200 sexagesimo
1379 146 1498 188 tertio
1527 161 1548 188 a
1581 145 1750 189 tribunis

216 204 385 245 militum
424 201 589 255 Virgilio
625 201 761 242 Mallio
800 201 973 241 Aemilio
1006 202 1216 243 Postumio
1256 202 1496 257 collegisque
1534 217 1671 244 eorum
1710 204 1750 244 in

214 264 355 300 senatu
382 262 612 307 tractatum,
645 257 740 311 quid
772 263 876 297 esset
902 262 1065 311 propter
1095 258 1203 311 quod
1230 259 1348 299 toties
1377 259 1479 299 intra
1503 273 1652 312 paucos
1681 274 1749 300 an-

213 329 286 355 nos
319 312 421 354 male
457 319 560 354 esset
597 312 741 354 afflicta
780 327 841 353 res
877 312 1052 367 publiea;
1101 318 1141 353 et
1175 327 1222 354 ex
1255 320 1467 368 praecepto
1503 315 1669 355 Patrum
1704 316 1748 356 L.

214 370 435 424 Aquinium
464 369 714 423 haruspicem
753 369 793 409 in
834 374 1014 409 senatum
1054 369 1187 409 venire
1223 370 1375 410 iussum
1413 370 1649 424 religionum
1688 384 1749 411 re-

145 426 498 480 ‘23quirendarum
537 425 661 479 gratia
690 425 853 465 dixisse:
914 425 965 475 Q.
998 424 1218 478 Sulpicium
1253 426 1457 465 tribunum
1499 426 1669 466 militum
1700 426 1750 467 ad

213 483 357 523 Alliam
387 482 575 523 adversus
606 481 740 522 Gallos
767 486 1035 535 pugnaturum
1066 494 1149 521 rem
1181 481 1352 522 divinam
1385 481 1597 521 dimicandi
1626 482 1750 535 gratia

211 539 351 580 secisse
389 537 580 592 postridie
611 537 707 578 Idus
738 537 960 587 Quintiles,
1006 536 1099 577 item
1135 537 1241 590 apud
1275 537 1500 578 Cremeram
1535 537 1750 591 multisque

214 595 299 636 aliis
334 594 581 648 temporibus
621 599 660 634 et
694 594 791 634 locis
828 599 919 647 post
956 592 1192 633 sacrificium
1227 593 1291 633 die
1318 598 1479 646 postero
1506 593 1748 634 celebratum

145 653 200 693 24
216 651 318 692 male
352 650 517 691 cessisse
553 649 793 690 conflictum.
862 650 974 689 Tunc
1003 649 1143 689 Patres
1179 649 1339 689 iussisse
1374 654 1420 689 ut
1457 649 1505 688 ad
1538 649 1746 702 collegium

213 706 448 761 pontificum
486 706 534 746 de
572 706 632 745 his
667 704 926 758 religionibus
965 704 1195 753 referretur,
1234 704 1523 759 pontificesque
1563 705 1749 745 statuisse

213 762 404 817 postridie
432 775 569 803 omnes
598 761 799 801 Kalendas
829 762 964 802 Nonas
991 761 1085 801 Idus
1117 766 1223 801 atros
1254 761 1337 800 dies
1366 760 1591 810 habendos,
1634 766 1680 801 ut
1707 759 1747 800 hi

145 819 201 861 25
215 819 298 860 dies
325 831 455 872 neque
485 817 695 873 praeliares
722 830 853 871 neque
878 816 967 871 puri
995 829 1126 871 neque
1154 817 1372 858 comitiales
1399 821 1540 857 essent.
1601 816 1680 857 Sed
1709 821 1749 856 et

299 945 405 990 [Mss.
432 945 596 979 ABGPS.

209 1003 384 1045 moquiuto
413 1002 466 1043 hg
500 1005 583 1039 (ν’-τι
617 1001 727 1037 XV).
863 1001 908 1031 22
959 999 1106 1032 tribunis
1132 999 1222 1039 (om.
1255 1002 1294 1037 α)
1327 1010 1356 1030 z.
1395 1017 1438 1023 -
1483 999 1632 1043 Virgilio
1658 997 1746 1030 BPS

209 1047 397 1087 ag-le2.
456 1045 620 1088 vergilio
647 1045 715 1075 Ma.
776 1044 964 1086 vergillio
990 1044 1032 1075 G.
1087 1045 1230 1086 vergio
1256 1043 1282 1074 A
1315 1046 1361 1083 „2
1386 1044 1530 1085 Angl.“'.
1601 1043 1748 1085 l‘irgulo

213 1091 308 1123 vicli.
358 1091 528 1133 l'irginio
555 1090 575 1120 l)
603 1089 730 1129 „llaec
753 1088 899 1119 nomina
927 1092 1100 1129 corrupta
1124 1088 1342 1129 corrigenda
1368 1093 1451 1119 sunt
1475 1098 1516 1119 ex
1543 1087 1618 1119 Liv.
1641 1087 1698 1124 vl,
1717 1089 1746 1119 1.

216 1136 402 1178 [ἰϊςιήἱῳ
432 1135 591 1174 Manlio,
619 1134 775 1170 Aemilio,
806 1133 1018 1164 Postumio-‘⁶
1045 1132 1155 1163 Zeun.
1191 1149 1229 1155 —
1261 1133 1384 1163 Mallio
1409 1133 1494 1163 Mss.
1521 1132 1746 1163 vls-le23.

214 1179 364 1211 Μαηῑίο
388 1180 514 1221 v3-gb.
540 1196 580 1200 -—
607 1178 753 1209 Aemilio
778 1176 901 1208 ABGP
928 1176 970 1213 (S
996 1187 1015 1207 a
1036 1188 1107 1207 sec.
1132 1176 1198 1216 m.)
1223 1176 1358 1207 s—less.
1409 1177 1508 1208 aelio
1534 1176 1557 1207 S
1585 1186 1605 1207 a
1634 1187 1666 1216 p.
1697 1187 1744 1206 m.

211 1224 338 1255 aeolio
367 1224 457 1254 ΜΙ2.
510 1223 627 1254 Eolio
651 1221 749 1252 vich.
806 1221 935 1253 Coelio
960 1221 982 1251 h
1011 1222 1054 1262 (g
1083 1221 1251 1261 Caelio).
1284 1239 1327 1243 -——
1358 1220 1530 1252 Postumio
1556 1219 1747 1251 As-bBGP

211 1268 284 1299 Ml.
332 1268 539 1299 posthumio
569 1266 729 1308 v-gM23.
775 1265 970 1307 posthumo
996 1264 1031 1295 S.
1071 1282 1116 1288 —
1155 1265 1254 1296 inter
1286 1275 1364 1305 v-g.
1408 1282 1448 1286 —
1494 1265 1663 1295 Licinium
1691 1266 1744 1295 vl.

214 1312 408 1343 Lacinium
437 1314 492 1344 v2.
550 1311 735 1342 Lociuium
772 1311 826 1340 v3.
866 1327 906 1332 —
947 1309 1139 1350 Aquilium
1176 1319 1300 1340 verum
1334 1319 1414 1339 esse
1451 1312 1600 1339 censent
1626 1307 1747 1339 Lach-

211 1366 330 1387 mann.
361 1356 404 1387 (le
437 1355 496 1387 die
522 1354 676 1386 Alliensi
712 1365 745 1395 p.
779 1355 811 1384 4.
853 1357 889 1385 et
913 1353 1083 1384 Mueller.
1109 1353 1187 1384 Etr.
1216 1353 1260 1384 ll.
1294 1364 1326 1393 p.
1353 1355 1407 1384 35.
1446 1371 1489 1376 —
1530 1353 1746 1394 haruspicem

211 1399 348 1431 Bs-bP.
405 1400 600 1441 aruspicem
628 1398 770 1439 AGc-g.
832 1398 1062 1439 auruspicem
1089 1396 1165 1428 Svi.
1303 1398 1357 1427 23.
1404 1397 1442 1436 Q.
1474 1397 1666 1438 Sulpicium

208 1444 375 1486 postridie
407 1444 502 1485 Idus]
526 1443 623 1474 Gell.
650 1441 690 1473 N.
715 1442 754 1473 A.
783 1440 822 1481 V,
849 1444 902 1480 17,
927 1443 959 1472 2.
987 1458 1028 1464 —
1054 1442 1209 1482 quintum
1235 1441 1466 1482 supplicium
1492 1442 1531 1471 A.
1555 1459 1598 1464 —
1620 1441 1745 1472 Aliam

209 1499 277 1519 s-z.
304 1504 344 1510 —
368 1488 555 1519 adversum
580 1486 667 1517 Edd.
695 1486 733 1516 P.
759 1502 799 1508 —
821 1486 947 1525 fecisse
971 1485 1161 1516 dimicandi
1185 1486 1306 1527 gratia
1334 1485 1375 1515 G.
1401 1502 1444 1507 ——
1471 1485 1641 1526 quintilis
1667 1495 1746 1526 v—g.

324 1533 377 1564 24.
412 1533 605 1575 praeliares
625 1530 769 1573 ΑΒΝ-ο.
807 1530 991 1572 preliares
1012 1528 1048 1560 S.
1095 1529 1297 1571 proeliares
1320 1528 1361 1559 Β.
1403 1529 1621 1571 proeliales
1642 1529 1745 1561 s-bP.

1012 1654 1080 1675 non
1129 1647 1229 1675 recte
1273 1642 1461 1675 coniunxit
1499 1654 1579 1675 cnm
1623 1641 1747 1674 verbis

1011 1689 1100 1719 male
1122 1689 1260 1719 cessisse
1284 1689 1488 1729 conflictum,
1512 1688 1666 1729 ideoque
1692 1687 1748 1719 in-

254 1649 310 1678 22.
361 1648 460 1679 Anno
478 1647 519 1678 ab
543 1646 624 1678 urbe
649 1645 789 1677 condita
813 1649 943 1677 trecen—

210 1692 329 1724 tesimo
344 1692 560 1734 sexagesimo
576 1691 675 1723 tertio
685 1690 766 1730 cet.]
777 1689 827 1720 Ab
838 1689 944 1720 Orel-

210 1736 261 1767 lio
298 1735 333 1766 in
360 1735 458 1767 Fast.
489 1746 588 1766 cons.
623 1746 654 1776 p.
681 1745 757 1766 xvi.
791 1743 821 1764 a.
850 1744 882 1764 u.
910 1744 941 1763 c.

209 1779 443 1818 cccnxw„
490 1779 551 1820 qui
590 1782 646 1810 est
682 1778 792 1818 vulgo
828 1787 944 1808 annus

209 1823 426 1863 CCCLXV„
454 1823 659 1855 afferuntur
685 1821 821 1853 trilmni
847 1821 944 1852 mili—

209 1872 308 1900 tares
335 1867 521 1899 consulari
542 1870 724 1909 potestate
748 1866 788 1897 L.
819 1866 944 1908 sergi-

208 1913 287 1944 uius
316 1912 510 1950 Tricostus„
546 1913 588 1944 A.
616 1911 771 1943 Mindius
801 1911 944 1952 Capito-

210 1957 323 1994 linus,
367 1956 406 1987 L.
435 1956 596 1987 Aimilius
625 1956 856 1986 Mamercinus
884 1955 944 1993 11.‚

214 2000 252 2031 L.
297 2000 490 2031 Postumius
534 1999 745 2042 Regillensis
787 1999 944 2036 Albinus,

213 2044 253 2074 L.
287 2044 445 2074 salerius
477 2044 652 2085 Poplicola
680 2043 747 2082 11.‚
790 2042 827 2073 P.
859 2043 942 2073 Cor—

208 2087 340 2118 nelius.-
365 2087 476 2118 iidem
504 2097 524 2118 a
546 2087 649 2118 Livio
674 2086 729 2124 1⁷1,
759 2088 789 2122 1,
810 2088 840 2115 8.

260 2131 411 2173 Virgilio
436 2131 572 2172 Mallio]
600 2131 700 2161 Haec
725 2129 871 2160 nomina
898 2128 944 2160 li-

210 2178 267 2206 cet
299 2186 317 2205 e
350 2174 452 2206 Livio
484 2175 659 2206 mutanda
690 2173 764 2204 sint
794 2173 827 2204 in
862 2175 940 2204 sir-

208 2219 308 2261 ginio
337 2219 492 2252 Manlio.
520 2218 554 2249 id
582 2217 675 2258 quod
701 2217 825 2248 docuit
850 2217 941 2248 Zeu-

210 2261 309 2300 nius,
348 2262 453 2293 libris
479 2267 598 2294 tamen
624 2272 711 2293 mss.
739 2262 942 2302 obsequen-

210 2306 293 2337 dum
313 2305 458 2347 putavi.

253 2351 463 2392 collegisque
488 2348 617 2390 eorum]
653 2348 676 2380 i.
702 2359 733 2379 e.
768 2347 809 2379 L.
836 2348 942 2380 Vale—

207 2392 263 2425 rio
286 2398 323 2425 ct
348 2394 387 2425 Ρ.
415 2393 598 2426 Cornelio.

252 2439 307 2468 23.
356 2438 434 2470 item
461 2438 556 2479 apud
587 2438 778 2468 Cremeram
807 2456 839 2465 ..
864 2439 941 2476 post

207 2482 414 2522 sacrificium
460 2483 517 2514 die
559 2486 695 2523 postero
736 2479 942 2511 celebratum

207 2526 299 2556 male
322 2526 459 2557 cessisse
483 2523 689 2566 conflictum]
727 2523 828 2564 Apud
855 2523 942 2554 Cre-

207 2579 345 2600 meram
377 2570 474 2601 bello
501 2569 648 2600 Veiente
675 2567 852 2599 cecidisse
879 2576 942 2598 sex

208 2617 244 2643 et
268 2617 451 2645 trecentos
466 2613 601 2645 Fabios
626 2615 786 2644 constat:
812 2612 850 2642 C.
866 2611 942 2642 Ho-

209 2656 303 2688 ratio
335 2662 370 2689 et
395 2657 438 2689 T.
466 2656 636 2689 Menenio
671 2655 883 2687 consulibus
910 2665 942 2686 a.

208 2710 242 2730 u.
262 2712 292 2731 c.
317 2701 532 2733 ccuxxvl.
558 2701 613 2733 cf.
629 2700 706 2732 Liv.
723 2700 770 2737 ll,
788 2711 817 2731 c.
831 2702 876 2730 50
889 2710 942 2740 sq.

209 2744 305 2776 Gell.
338 2745 379 2777 N.
412 2748 451 2777 A.
488 2746 607 2785 XVII,
636 2747 699 2785 21,
727 2746 779 2775 13.
825 2743 942 2774 Verba

209 2787 265 2818 die
291 2794 426 2829 postero
458 2789 606 2831 Lipsius
640 2788 677 2820 in
708 2797 864 2820 excursu
896 2786 941 2818 ad

210 2829 334 2862 Taciti
359 2832 486 2864 Annal.
512 2834 575 2865 lib.
592 2833 664 2871 XV,
687 2843 716 2863 c.
739 2834 810 2871 41.‚
835 2841 941 2871 quem

210 2882 291 2905 cum
317 2874 421 2908 Livio
448 2876 510 2916 Vl,
539 2879 569 2908 1.
607 2876 737 2909 citavit
770 2873 943 2913 Zeunfius,

1012 1732 1107 1763 iuste
1133 1732 1369 1773 reprehendit
1396 1732 1639 1764 Macrobium.
1687 1731 1748 1763 Vi-

1012 1776 1119 1807 detur
1145 1781 1265 1808 antem
1294 1777 1349 1808 die
1371 1782 1508 1818 postero
1535 1777 1571 1808 h.
1598 1777 1620 1808 l.
1650 1775 1745 1807 idem

1012 1831 1094 1852 esse
1132 1821 1225 1861 qnod
1265 1821 1321 1851 die
1354 1821 1592 1861 postriduano.
1662 1821 1745 1852 Alio

1012 1875 1127 1905 eoque
1158 1864 1303 1907 vulgari
1337 1875 1445 1895 sensu
1482 1864 1518 1896 in
1553 1864 1678 1896 eadem
1706 1875 1746 1896 re

1012 1909 1225 1949 exponenda
1263 1908 1384 1939 verbis
1419 1914 1555 1950 postero
1596 1910 1651 1940 die
1688 1908 1746 1940 bis

1013 1964 1100 1984 usus
1129 1957 1184 1984 est
1209 1951 1333 1983 Livius
1360 1951 1406 1991 11,
1424 1955 1480 1992 48,
1502 1956 1554 1991 10,
1583 1957 1618 1984 et
1639 1955 1693 1991 49,
1712 1955 1744 1984 2.

1011 1996 1182 2027 Ceterum
1215 1995 1424 2027 Macrobius
1458 2001 1628 2028 auctores
1660 2007 1746 2028 suos

1011 2051 1079 2071 non
1107 2039 1196 2071 dicit
1221 2040 1360 2070 referre
1386 2040 1508 2071 clades
1535 2041 1577 2071 ad
1609 2041 1743 2072 Alliam

1011 2088 1120 2124 atque
1168 2084 1211 2116 ad
1252 2083 1460 2114 Cremeram
1510 2085 1636 2115 eodem
1685 2084 1744 2116 (lie

1011 2138 1092 2159 esse
1113 2130 1296 2168 acceptas,
1317 2127 1351 2158 id
1372 2128 1463 2168 qnod
1488 2128 1626 2169 legitur
1647 2129 1743 2169 apud

1010 2172 1087 2203 Liv.
1113 2171 1174 2209 VI,
1208 2174 1240 2209 1,
1269 2174 1340 2207 11..
1379 2171 1567 2204 Plutarch.
1593 2173 1741 2204 Camill.

1010 2226 1040 2246 c.
1067 2218 1138 2255 19„
1174 2214 1295 2247 Tacit⁴
1318 2215 1414 2246 Ilist.
1436 2216 1483 2255 ll,
1506 2219 1580 2247 91.:
1621 2217 1743 2248 minus

1008 2259 1125 2302 igitur
1149 2270 1255 2300 quam
1283 2259 1322 2290 hi
1349 2259 1548 2301 scriptores
1568 2260 1744 2292 abhorret

1010 2314 1030 2335 a
1069 2302 1209 2334 ratione
1244 2302 1389 2341 Ovidii,
1430 2304 1490 2344 qui
1520 2304 1645 2335 Idibus
1674 2304 1743 2336 Fe-

1009 2347 1172 2379 bruariis
1196 2346 1287 2378 dicit
1310 2347 1427 2384 (Fast.
1452 2347 1499 2388 11,
1530 2350 1622 2385 195.)
1648 2349 1745 2380 ceci-

1010 2391 1110 2423 disse
1138 2390 1285 2422 Fabios.
1336 2390 1500 2432 Namque
1526 2393 1638 2423 verba
1664 2393 1743 2424 Ma-

1013 2434 1128 2467 crobii
1160 2446 1230 2466 non
1265 2435 1460 2476 prohibent
1490 2435 1574 2476 quin
1609 2437 1745 2477 postri-

1013 2479 1073 2511 die
1113 2479 1199 2510 Idus
1237 2479 1459 2510 Februarias
1500 2480 1569 2510 hoc
1606 2481 1742 2512 factum

1013 2534 1094 2555 esse
1118 2527 1276 2565 putetur.
1326 2523 1380 2554 Ct'.
1409 2523 1564 2554 Merkel.
1590 2534 1623 2564 p.
1650 2534 1742 2555 anl

1013 2571 1049 2599 et
1095 2578 1174 2598 cin.
1225 2585 1270 2591 -
1325 2567 1511 2607 Conflictus
1556 2567 1744 2608 significat

1012 2621 1184 2653 pugnam,
1211 2615 1249 2642 ut
1273 2611 1367 2652 apud
1394 2610 1671 2653 Panacpaneg.
1696 2612 1742 2644 ad

1011 2655 1198 2686 Theodos.

1053 2701 1107 2730 24.
1154 2703 1193 2730 ut
1228 2697 1265 2728 hi
1297 2697 1369 2728 dies
1406 2707 1515 2738 neque
1548 2698 1743 2738 praeliares

1008 2752 1117 2783 neque
1146 2741 1226 2783 puri
1256 2751 1364 2782 neque
1398 2741 1587 2772 comitiales
1619 2742 1741 2784 essent]

1010 2785 1064 2816 Cf.
1098 2786 1140 2824 ξς
1173 2786 1216 2815 14
1248 2787 1284 2815 et
1312 2787 1362 2815 15.
1412 2785 1494 2816 Dies
1532 2785 1613 2826 puri
1646 2785 1742 2817 alias

1010 2839 1080 2860 non
1107 2830 1453 2867 commemorantur,
1494 2832 1533 2859 ut
1563 2827 1644 2869 quis
1675 2840 1742 2870 pu-

1010 2876 1089 2906 tare
1124 2871 1241 2915 possit
1277 2882 1359 2904 esse
1395 2872 1593 2914 legendum
1634 2883 1742 2914 neque
