1843 3163
304 33 779 77 SATURNALIORUM
810 33 910 74 ΗΒ.
944 26 1162 75 VL‘CAP.
1192 33 1302 75 VIII.
1337 35 1405 76 tx.
1541 37 1621 77 547

75 146 139 187 ille
168 145 265 186 nibil
293 149 525 186 cunctatus:
557 147 688 194 Oves,
721 146 863 200 inquit,
894 146 1064 187 bidentes
1093 146 1223 187 dictae
1251 151 1357 196 sunt,
1382 147 1490 201 quod
1518 147 1620 188 duos

76 207 229 243 tantum
260 202 399 242 dentes
429 201 611 241 babeant.
676 202 748 243 tssln'
782 208 998 250 terrarum,
1028 216 1178 255 quaeso
1208 208 1266 249 te,
1300 203 1486 256 inquam,
1519 204 1621 243 ‹luos

73 258 179 299 solos
217 272 287 312 per
317 264 498 298 naturam
535 258 673 298 (lentes
704 258 850 299 babere
882 272 974 299 oves
1010 258 1224 311 aliquando
1254 259 1411 299 vidisti?
1472 261 1619 299 Osten-

75 320 158 355 tum
185 314 289 354 enim
321 314 396 354 bo(-
426 320 496 359 est.
524 320 563 353 et
594 314 706 354 saetis
738 314 904 368 piaculis
934 314 1243 367 procurandum.
1305 316 1406 354 'l‘um
1441 314 1504 355 ille
1534 315 1659 369 per-3

73 376 206 411 motus
234 370 329 410 mibi
359 376 399 409 et
424 370 619 410 irritatus:
666 372 845 420 Quaere,
886 369 1036 422 inquit,
1067 383 1110 407 ea
1143 369 1277 422 potius
1303 384 1447 423 quae.
1440 386 1459 410 ιι
1490 384 1619 423 gram-

74 426 218 467 matico
247 426 473 479 quaerenda
503 431 615 465 sunt:
648 440 737 465 nam
767 426 815 464 tl(
845 425 980 464 ovium
1011 425 1059 463 ‹lt
1064 424 1197 464 nt1bU5
1227 425 1422 477 opilioms
1454 440 1619 480 percon—

71 487 188 522 tator.
250 483 279 522 l
283 483 428 522 aeetias
462 481 672 521 nebulonis
705 481 876 521 hominis
906 480 973 520 risi
1004 486 1043 519 et
1072 479 1234 533 reliqui:
1282 481 1350 520 sed
1383 487 1422 521 te
1454 496 1544 535 per(
1549 497 1619 522 on

72 543 146 586 tor,
178 538 289 592 quasi
323 538 446 591 ipsius
480 537 691 576 ιοιίιοιιιιιι
727 542 893 577 ιιιιιῑιιιιο
925 535 1144 576 conscium.
1207 536 1310 575 'lum
1343 536 1526 577 Senius:
1558 539 1619 577 1)(
1633 538 1656 575 4

72 607 239 634 numero
282 593 481 639 «lentium,
521 605 639 654 quem
682 592 745 632 ille
776 592 962 646 opinatus
994 598 1074 640 est,
1114 590 1468 645 reprehendendus
1499 606 1520 633 a
1558 606 1620 633 me

72 664 151 689 uon
184 655 265 697 est,
293 663 381 688 eum
417 648 499 701 ipse
531 647 606 687 iam
638 647 787 688 riseris:
821 661 957 688 verum
995 647 1293 702 procurandum
1327 647 1422 688 mihi
1456 654 1536 697 est,
1569 661 1619 689 ne

72 705 167 745 illud
197 705 364 758 obrepat
390 703 498 757 quod
525 704 695 744 bidentes
720 703 924 757 epitheton
951 703 1001 744 sit
1031 704 1178 751 ovium,
1207 717 1296 744 eum
1326 704 1683 759 l'omponius‚[1971

70 760 250 814 egregius
275 759 549 800 Atellanarum
584 764 714 813 poeta,
740 760 777 799 in
809 760 933 802 Gallis
965 759 1235 813 Transalpinis
1265 759 1341 800 hoc
1369 760 1589 814 scripserit:

268 816 400 863 Mars,
433 816 507 856 tibi
531 830 647 856 voveo
672 818 890 870 facturum,
918 817 955 856 si
979 830 1153 870 unquam
1179 816 1347 864 rediero,

270 872 436 912 Bidente
460 885 583 911 rerre.

68 927 238 968 Publius
268 932 401 967 autem
432 926 614 978 Nigidius
647 926 684 966 in
715 927 815 967 libro
848 939 965 980 quem
1000 927 1048 966 de
1079 926 1178 966 extis
1205 926 1419 980 conposuit
1449 928 1654 969 bidentes-5

67 983 256 1037 appellari
284 983 339 1023 ait
368 996 448 1023 non
480 996 572 1023 oves
599 983 703 1022 solas
733 982 801 1023 sed
830 996 970 1023 omnes
1002 982 1153 1023 hostias
1185 982 1324 1022 bimas.
1385 983 1525 1036 Neque
1558 989 1615 1024 ta-

70 1052 161 1080 men
194 1039 293 1079 ‹lixit
324 1052 395 1080 cur
432 1039 484 1079 ita
517 1039 776 1093 appellentur.
838 1038 915 1079 Sed
947 1038 987 1078 in
1019 1037 1317 1079 commentariis
1348 1038 1397 1078 ad
1424 1038 1486 1080 ius
1516 1041 1653 1094 pon-ti

69 1094 235 1135 tilicium
264 1094 559 1149 pertinentibus
590 1094 665 1147 legi
698 1095 881 1136 bidennes
905 1094 1033 1148 primo
1065 1094 1212 1142 dictas,
1253 1095 1280 1134 d
1308 1093 1439 1135 littera
1470 1108 1516 1135 ex
1548 1109 1613 1136 su-

70 1150 244 1204 perfluo,
275 1156 321 1191 ut
350 1164 468 1204 saepe
494 1150 663 1199 adsolet,
697 1150 912 1191 interiecta.
972 1150 1036 1190 Sic
1062 1163 1135 1204 pro
1169 1150 1273 1190 reire
1299 1150 1431 1192 redire
1455 1150 1613 1200 dicitur,

68 1211 108 1247 ot
147 1219 218 1260 pro
248 1220 427 1248 reamare
449 1207 671 1255 redamare,
698 1212 738 1247 et
765 1206 1013 1261 redarquere,
1044 1219 1125 1247 non
1152 1219 1372 1260 rearquere.
1432 1206 1495 1248 Ad
1528 1206 1610 1247 hia—

1122 1317 1212 1350 Edd.
1241 1317 1523 1360 vicuhgspdzb]

68 1377 135 1405 tem
159 1373 198 1412 (§
224 1371 292 1414 7.)]
327 1370 384 1404 Cf.
413 1372 511 1404 Gell.
543 1372 583 1404 N.
614 1373 652 1404 A.
686 1372 783 1412 qul
811 1374 843 1404 6.
979 1374 1012 1403 2.
1056 1372 1183 1404 eiusS
1212 1371 1257 1408 (A
1289 1383 1357 1415 sup
1361 1372 1528 1410 .huius).
1571 1391 1613 1396 —

67 1417 174 1449 duas
199 1421 333 1449 tantum
358 1416 398 1448 A.
424 1434 464 1440 —
495 1418 607 1448 'Punc
630 1428 730 1460 ego.-
761 1417 825 1448 Ubi
848 1415 939 1448 Edd.
956 1415 993 1448 S.
1021 1434 1060 1438 —
1085 1417 1172 1449 «tuos
1195 1417 1285 1449 solos
1314 1384 1412 1458 (sup.
1436 1427 1481 1447 a.
1499 1416 1613 1454 α)Α.

200 1463 235 1492 3.
277 1461 462 1501 Quaerere
486 1460 525 1492 A.
555 1462 735 1503 —potius
759 1472 830 1492 om.
849 1460 888 1492 P.
910 1478 955 1484 —
979 1461 1020 1492 de
1047 1461 1159 1492 ovium
1187 1464 1276 1498 (om.
1307 1461 1486 1498 dentibus)
1508 1459 1546 1493 S.
1571 1477 1614 1485 —-

66 1510 334 1548 percunctator
364 1504 412 1537 M.
458 1511 755 1547 percunctantur
781 1516 812 1536 v.
859 1510 1120 1547 percontantur
1147 1505 1242 1537 Gell.
1273 1523 1303 1528 -
1343 1505 1502 1537 Facetias
1535 1515 1614 1548 ego

66 1549 246 1581 nebulonis
281 1549 372 1581 Edd.
509 1552 541 1581 ⁴.
584 1550 669 1581 mihi
699 1550 957 1591 procurandum
991 1554 1039 1581 cst
1075 1548 1112 1581 S.
1158 1550 1415 1592 procurandum
1442 1555 1490 1581 est
1523 1550 1613 1590 (om.

66 1594 168 1633 mihi)
194 1593 234 1625 P.
267 1611 309 1616 -—
348 1595 383 1624 in
416 1594 530 1625 Gallis
558 1594 815 1635 Transalpinis]
843 1593 898 1625 Cf.
931 1593 1028 1625 Gell.
1057 1594 1080 1624 l.
1105 1605 1134 1625 c.
1162 1594 1178 1635 §
1204 1597 1235 1625 7.
1285 1593 1375 1625 Non·
1404 1606 1437 1636 p.
1465 1596 1526 1633 53,
1553 1595 1610 1625 25.

67 1638 176 1669 Both.
203 1637 251 1674 II.v
278 1649 311 1678 p.
340 1640 414 1668 123.
456 1637 494 1668 In
521 1648 589 1678 v-,gr
610 1639 744 1675 nullus,
771 1637 805 1669 in
831 1637 891 1669 s-b
918 1648 1009 1668 unus
1031 1637 1274 1679 distinguitur
1300 1649 1439 1671 versus.
1476 1655 1518 1661 —
1559 1647 1614 1669 re-

69 1682 185 1714 dierit
233 1681 329 1712 Gell.
372 1686 408 1712 et
444 1680 534 1712 Non.
582 1682 812 1722 improbante
850 1681 998 1713 Botliio.
1136 1684 1169 1712 5.
1221 1692 1316 1723 quem
1363 1682 1413 1713 ab
1453 1682 1615 1714 aetatis

69 1725 382 1768 magnitudine
413 1725 454 1756 de
482 1726 568 1757 estis
605 1727 643 1757 1’.
679 1744 719 1749 —
753 1726 884 1758 hostias
908 1726 1017 1757 bimas
1048 1725 1180 1757 AMPG.
1229 1726 1339 1757 bimas
1362 1726 1492 1758 hostias
1517 1725 1613 1757 Gell.

69 1770 211 1802 bestias
235 1770 343 1801 bimas
368 1769 458 1800 Edd.
484 1769 550 1800 PS.
688 1773 721 1801 6.
754 1771 970 1812 pontificum
991 1780 1070 1811 v-g.
1092 1787 1137 1792 —
1161 1770 1340 1801 bedenues
1365 1769 1401 1800 A.
1450 1769 1614 1801 bidentes

68 1813 145 1846 SM.
174 1832 207 1837 —
246 1814 441 1853 interfecta
464 1815 519 1845 v3.
552 1830 594 1836 -—
628 1815 728 1847 sicut
751 1825 819 1856 v-g
844 1814 976 1853 „Bodt
1005 1813 1118 1845 Ben.“
1143 1814 1187 1850 (A
1216 1812 1304 1852 sic’).
1335 1831 1376 1836 —
1409 1814 1496 1845 reire
1521 1816 1612 1851 (om.

66 1862 149 1901 pro)
169 1868 200 1890 a.
233 1875 277 1881 —
302 1858 516 1901 redarguere
535 1869 610 1900 pro
639 1870 825 1902 rearguere
853 1870 932 1901 x-e.
977 1869 1052 1900 pro
1084 1868 1270 1901 reargucre
1296 1858 1507 1901 redarguere
1531 1857 1567 1889 S.

70 1968 102 1989 c
127 1958 147 1997 ἓ
168 1960 218 1989 8..
211 1968 218 1976 ·
257 1958 334 1999 Ego
367 1969 387 1988 a
417 1962 449 1990 te
479 1959 624 2000 rogavi,
664 1967 806 2008 ecquam
875 1957 918 1988 nd
946 1956 1028 1988 Γιιιιι.
1056 1955 1122 1995 111,
1153 1958 1204 1996 ¹¹5
1230 1957 1260 1987 4.
1292 1957 1395 1988 Nam
1421 1955 1614 1999 augurales

68 2002 157 2034 scias
178 2012 267 2033 esse
285 2002 424 2034 huiusce
450 2003 606 2034 vocabuli
626 2002 806 2033 rationem.

113 2046 206 2088 quod
231 2046 317 2078 duos
341 2051 476 2078 tautum
505 2047 622 2078 dentes
643 2046 805 2088 habeant]

70 2089 258 2122 Vetiorem
292 2090 469 2122 nationem
499 2090 653 2131 protulit
676 2089 806 2121 Festus

68 2144 125 2176 a.p
152 2134 255 2165 Paul
288 2134 349 2167 lib
376 2134 403 2166 Ι.
433 2146 464 2176 p.
489 2136 520 2166 4.
549 2135 676 2167 Muell.
712 2135 806 2166 Arn-

69 2178 217 2210 bidens
249 2179 319 2211 sive
355 2179 504 2211 bidens
537 2180 609 2211 otis
645 2178 805 2221 appella-

69 2223 170 2255 batur
193 2234 298 2265 quae
329 2224 632 2265 superioribus
669 2228 706 2255 et
740 2223 805 2254 in-

64 2268 311 2307 ferioribus
345 2274 407 2299 est
443 2268 658 2299 dentibus.

114 2312 145 2341 3.
176 2321 254 2342 nam
275 2335 303 2341 ..
321 2312 553 2353 percontator]
581 2312 706 2350 Recte.
728 2310 808 2352 opi-

70 2364 154 2392 nor,
197 2354 265 2385 boc
293 2354 468 2385 exhibent
494 2354 638 2386 codices
665 2355 809 2386 Maero-

71 2397 142 2438 bii,
168 2409 255 2436 non,
281 2398 374 2439 quod
401 2399 495 2439 apud
522 2399 684 2430 Gellium
714 2398 808 2440 legi-

71 2447 148 2481 tur,
179 2447 464 2484 percontantur.
512 2441 600 2473 'Nam
627 2442 808 2483 opiliones

69 2486 140 2518 hoc
166 2485 299 2519 sciunt.
324 2497 393 2517 nou
419 2490 687 2528 percontantur.
734 2486 809 2527 Op-

71 2535 254 2573 ponuntur
298 2534 420 2562 autem
467 2530 560 2562 haec
605 2530 718 2562 verba
760 2530 807 2561 iis

71 2585 164 2617 quae
189 2574 354 2626 proxime
392 2574 632 2607 antecedunt:
674 2584 762 2616 quac
787 2585 809 2604 a

71 2620 360 2670 grammatico
401 2619 601 2661 quaerenda
634 2622 731 2656 sunt
773 2620 809 2649 et

72 2663 238 2705 sequitur
263 2663 394 2705 upudt
385 2662 632 2694 macrobium:
669 2667 699 2694 tc
728 2672 808 2703 per-

73 2713 201 2740 contor.
237 2707 277 2739 Iu
300 2706 484 2739 hominem
510 2706 665 2738 alterius
688 2704 810 2737 xerbis

73 2750 259 2783 irritatum
278 2751 446 2793 inprimis
465 2751 636 2783 convenit
655 2750 813 2791 impeta-

75 2795 171 2826 tivus
191 2806 271 2827 cum
291 2795 475 2837 particula
490 2807 572 2828 nam
588 2794 831 2833 coniunctus„

73 2838 178 2870 cuius
189 2839 334 2880 quidem
350 2839 633 2872 constructionis
648 2839 816 2881 exempla

74 2883 134 2916 vel
162 2883 488 2925 apud-Ciceronem
512 2883 760 2923 inveniuntur,
778 2886 816 2915 ut

874 2002 977 2033 libros
996 2001 1042 2033 ad
1065 2011 1239 2033 commune
1260 2001 1439 2042 utriusque
1460 2005 1613 2032 nostrum

874 2046 979 2078 otium
1009 2056 1146 2077 serva.
1196 2044 1269 2077 Viri
1297 2045 1391 2076 docti
1418 2044 1552 2077 talibus
1576 2043 1614 2076 in

876 2088 967 2121 loeis
998 2101 1080 2120 nam
1113 2088 1300 2131 explicant
1326 2100 1389 2130 per
1413 2094 1527 2120 autem
1553 2088 1613 2119 vel

875 2134 942 2166 sed.
983 2133 1059 2165 tid.
1087 2133 1206 2165 Hand.
1231 2133 1395 2165 Tursell.
1422 2133 1479 2172 w,
1505 2144 1536 2174 p.
1559 2135 1613 2164 15.

920 2178 1058 2220 reliqui]
1083 2177 1178 2210 idem
1205 2178 1283 2209 fere
1308 2182 1364 2210 est
1389 2178 1482 2219 quod
1506 2187 1612 2220 prae-

875 2223 1017 2262 termisi,
1044 2234 1109 2254 non
1138 2223 1288 2265 amplius
1313 2222 1443 2254 curavi.

921 2268 1030 2308 ipsius
1052 2266 1230 2298 verborum
1254 2271 1403 2298 naturae
1429 2264 1612 2307 conscium]

877 2310 955 2342 tid.
988 2314 1059 2342 unt.
1087 2310 1180 2351 adl,
1205 2314 1237 2349 7τ
1264 2313 1316 2341 17.

922 2357 951 2386 4.
1001 2355 1091 2397 quod
1119 2379 1150 2386 ..
1178 2355 1236 2397 sit]
1276 2353 1477 2386 Dicendum
1515 2354 1612 2384 crat:

880 2403 916 2430 ut
940 2423 947 2429 .
964 2423 971 2429 .
994 2404 1094 2440 putes
1119 2410 1200 2430 esse.

925 2442 1021 2473 Mars
1038 2468 1043 2472 .
1060 2467 1067 2473 .
1086 2442 1193 2483 verre]
1207 2441 1269 2473 Sic
1283 2441 1353 2472 hoc
1368 2440 1616 2481 fragmentum

874 2485 1054 2518 dividitur
1067 2487 1160 2527 apud
1175 2485 1352 2524 Gellium,
1363 2483 1532 2520 Nonium,
1543 2481 1616 2512 Bo-

875 2529 1005 2561 thium.
1023 2530 1070 2561 Ut
1084 2529 1250 2561 trimeter
1267 2527 1447 2560 iambicus
1463 2528 1617 2564 constet,

876 2574 1026 2604 verbum
1058 2574 1192 2605 rediero
1223 2572 1341 2604 tribus
1372 2570 1531 2613 syllabis
1563 2569 1615 2600 le-

877 2617 1034 2658 gendum
1054 2621 1122 2655 est,
1145 2620 1183 2648 ut
1201 2627 1309 2657 saepe
1328 2616 1507 2647 consilium
1528 2613 1614 2645 alia.

922 2663 953 2692 6.
991 2661 1013 2691 d
1038 2661 1155 2692 littera
1179 2672 1218 2692 ex
1243 2661 1428 2702 superfluo.
1453 2664 1489 2690 ut
1514 2668 1616 2699 saepe

882 2705 1027 2736 adsolet.
1053 2705 1245 2745 interiecta]
1276 2703 1421 2735 Gellius
1450 2702 1615 2733 brevius:

883 2750 905 2780 d
940 2750 1055 2781 littera
1094 2748 1390 2780 immissa.an
1427 2758 1512 2778 vero
1548 2756 1616 2777 non

884 2793 1002 2835 magis
1039 2793 1239 2825 concedere
1277 2792 1364 2824 licet
1394 2801 1499 2833 quam
1531 2789 1618 2822 ulti-

883 2847 965 2870 mae
996 2837 1165 2884 syllabae
1199 2837 1374 2868 insertam
1405 2847 1486 2867 esse
1518 2834 1619 2866 litte-

885 2886 1009 2914 ramt.
1057 2880 1147 2914 Nam
1182 2881 1212 2914 si
1244 2881 1370 2914 littera
1401 2880 1534 2913 fuisset
1564 2878 1619 2911 in-
