1845 3131
177 156 454 219 lb‘perationis
482 166 577 195 suae
606 158 777 207 uterque
805 158 1006 195 tracturus
1037 159 1108 195 est.
1166 154 1319 195 Eadem
1358 161 1575 197 scommata
1614 154 1774 196 eosdem

239 213 360 254 modo
393 212 527 252 iuvare
564 208 684 249 modo
715 209 897 250 mordere
933 214 1102 263 possunt
1137 222 1210 263 pro
1241 210 1466 251 diversitate
1507 211 1774 265 praesentium

238 279 512 323 personarum.
572 264 676 306 Sunt
701 265 806 305 enim
834 278 956 318 quae,
1000 279 1032 304 Sl
1062 278 1195 305 coram
1224 265 1361 306 amicis
1390 267 1615 307 obiciantur
1647 266 1776 314 nobis,

238 324 408 365 libenter
441 320 580 361 audire
617 321 836 383 possimus:
880 333 1006 361 uxore
1036 334 1128 362 vero
1161 334 1232 361 seu
1271 322 1499 374 parentibus
1530 322 1776 375 magistrisve

237 377 513 432 praesentibus
549 375 625 416 dici
657 376 697 416 in
725 390 798 416 nos
829 376 991 429 aliquod
1023 389 1200 417 scomma
1230 376 1425 425 nolimus,
1465 377 1539 417 nisi
1570 378 1671 418 forte
1698 377 1776 417 tale

175 436 224 476 19
236 434 288 475 sit
314 433 423 487 quod
454 432 611 472 illorum
643 445 812 473 censura
843 432 1011 472 libenter
1040 431 1227 486 accipiat,
1288 437 1333 472 ut
1367 432 1398 472 si
1429 432 1517 485 quis
1547 433 1773 473 adolescen-

237 494 316 531 tem
346 501 479 529 coram
507 487 740 541 parentibus
771 487 830 527 vel
868 488 1066 541 magistris
1101 487 1270 527 inrideat
1309 487 1417 540 quod
1446 487 1618 527 insanire
1652 488 1777 540 possit

236 544 436 586 continuis
479 543 621 596 vigiliis
661 543 982 597 lectionibusque
1021 543 1250 591 nocturnis,
1297 549 1367 583 aut
1406 556 1530 583 uxore
1569 547 1776 596 praesente

236 599 346 654 quod
383 599 503 640 stulte
542 598 658 638 faciat
689 599 875 640 uxorium
915 613 956 639 se
994 599 1222 653 praebendo
1257 612 1330 639 nec
1372 599 1493 639 ullam
1537 597 1774 652 elegantiam

236 655 417 709 eligendo
453 655 682 694 formarum.
740 655 849 695 Haec
889 655 993 695 enim
1028 660 1067 695 et
1099 655 1139 694 in
1171 667 1273 708 quos
1304 654 1491 695 dicuntur
1523 659 1561 694 et
1591 666 1774 707 praesen-

167 712 222 753 20
234 715 293 752 tes
325 710 522 751 hilaritate
552 708 808 763 perfundunt.
869 710 1134 751 Commendat
1160 723 1337 750 scomma
1362 716 1401 750 et
1430 709 1606 750 conditio
1637 709 1773 749 dicen-

234 767 297 815 tis,
328 766 359 806 si
392 766 431 806 in
462 764 599 806 eadem
630 777 749 804 causa
780 764 853 805 sit:
895 770 942 805 ut
972 765 1003 805 si
1036 765 1157 805 alium
1189 766 1237 805 de
1271 771 1505 819 paupertate
1535 778 1686 818 pauper
1715 764 1771 804 in-

233 822 382 871 rideat,
430 820 461 861 si
489 821 659 861 obscure
688 825 825 861 natum
854 825 970 861 natus
1006 821 1187 861 obscure.
1246 821 1344 861 Nam
1377 822 1549 861 Tarseus
1580 819 1773 873 Amphias

232 890 323 919 cum
358 891 405 918 ex
443 876 655 918 hortulano
697 881 838 931 potens
876 881 979 917 esset
1017 882 1056 917 et
1091 876 1131 916 in
1168 875 1339 917 amicum
1380 876 1495 930 quasi
1538 875 1772 929 degenerem

321 998 426 1040 [Mss.
450 998 633 1031 APSH12.

232 1053 373 1086 laritnte
395 1053 624 1096 perfundunt]
660 1053 714 1086 Cf.
744 1054 840 1085 Plut.
866 1054 888 1086 l.
914 1065 962 1094 c.‚
994 1057 1043 1086 11.
1083 1072 1124 1078 —-
1166 1055 1264 1087 modo
1289 1055 1442 1086 mordere
1465 1053 1565 1085 modo
1592 1053 1714 1085 iuvare
1734 1052 1770 1084 S.

230 1115 272 1121 —
295 1103 332 1130 et
352 1109 457 1129 uxore
482 1109 561 1130 vero
588 1098 665 1129 ASv
691 1098 771 1135 (³12
795 1108 815 1130 a
839 1109 910 1130 sec.
932 1103 1010 1136 in).
1039 1117 1071 1121 —
1102 1099 1190 1131 sive
1216 1099 1416 1140 parentibus
1442 1098 1510 1129 Η2.
1534 1115 1576 1120 -
1600 1098 1669 1129 vel
1693 1108 1770 1128 nia-

231 1142 353 1185 gistris
378 1142 482 1174 s-bP.
511 1159 551 1165 —-
575 1143 723 1184 aliquid
749 1142 789 1174 A.
812 1159 856 1165 -—
880 1154 1005 1174 scoma
1032 1143 1122 1173 1112.
1170 1154 1305 1174 comma
1332 1142 1370 1173 Ε.
1399 1160 1439 1164 -
1466 1141 1641 1172 nolumus
1666 1141 1769 1172 s-bP.

366 1188 417 1217 19.
446 1197 631 1217 censuram
656 1185 692 1218 S.
832 1189 885 1218 20.
919 1187 1140 1219 Commendat
1165 1197 1313 1218 scomma
1338 1210 1346 1217 .
1362 1210 1368 1217 .
1385 1209 1392 1217 .
1419 1186 1526 1217 laetos
1545 1185 1647 1226 fecit]
1672 1185 1768 1216 Plut.

231 1229 256 1261 l.
281 1240 323 1267 c.‚
352 1231 405 1260 12.
455 1230 557 1261 Haec
583 1234 618 1262 et
642 1230 834 1271 sequentia
861 1242 974 1272 usque
1000 1231 1044 1263 ad
1071 1235 1159 1262 extr.
1191 1232 1211 1270 ἓ
1235 1232 1289 1261 22.
1317 1228 1514 1270 exscripsit
1547 1230 1595 1261 lo.
1623 1229 1769 1260 Saresh.

231 1273 327 1315 vill,
351 1276 403 1306 10.
428 1291 471 1297 —
496 1274 632 1307 obscure
656 1279 761 1307 natus
783 1275 852 1306 112.
873 1293 914 1299 —
937 1276 1094 1307 Tarsius
1117 1285 1168 1307 ca.
1197 1274 1253 1306 Th
1264 1285 1381 1306 arseus
1399 1273 1537 1306 ASH¹2
1550 1273 1627 1305 Sar.
1659 1273 1769 1304 'I'liar-

1077 1389 1236 1421 utorium
1281 1399 1315 1420 se
1358 1387 1566 1441 praebendo]
1621 1387 1769 1418 Plutar-

1034 1433 1141 1465 chus:
1166 1432 1214 1470 εἰς
1237 1429 1278 1464 τὸ
1307 1428 1439 1473 ἐκείνης
1464 1431 1594 1463 δοῦλον
1616 1430 1676 1463 καὶ
1706 1432 1769 1463 θε-

1034 1473 1258 1518 ραπευτικόν.
1318 1475 1407 1506 Nos.
1455 1477 1561 1516 „dass
1598 1487 1632 1506 er
1672 1481 1768 1507 untcr

1033 1521 1107 1552 dem
1148 1520 1321 1560 Pantoffel
1360 1519 1488 1551 stehe.“
1547 1519 1600 1550 Cf.
1640 1520 1769 1552 Horat.

1034 1564 1101 1596 Od.
1131 1564 1157 1602 l,
1181 1566 1214 1603 2,
1244 1566 1282 1594 19
1306 1574 1359 1604 sq.
1385 1563 1567 1595 uxorius
1593 1564 1714 1595 amnis.

1076 1619 1137 1639 nec
1188 1609 1295 1639 ullam
1347 1608 1558 1649 elegantiam
1607 1608 1769 1650 eligendo

1031 1651 1237 1693 formarum]
1273 1661 1340 1691 quo
1370 1651 1528 1683 aliarum
1557 1650 1591 1682 in
1618 1662 1657 1682 se
1684 1662 1769 1683 con-

1034 1699 1152 1727 vertat
1185 1696 1323 1727 oculos.
1373 1694 1614 1726 Plutarchus:
1656 1694 1705 1733 εἰς
1728 1693 1768 1727 τὸ

1032 1735 1231 1781 ἀνέραστον
1255 1737 1393 1780 ἑτέρων.
1430 1739 1486 1770 Cf.
1510 1739 1556 1777 ll,
1579 1741 1613 1778 5,
1631 1742 1663 1770 5.
1700 1739 1769 1770 Ce-

1033 1787 1150 1815 torum
1176 1783 1271 1815 inest
1296 1785 1551 1824 pleonasmus,
1588 1787 1626 1814 ut
1650 1783 1686 1822 Ι,
1715 1785 1768 1823 11,

275 1390 329 1419 18.
363 1389 596 1430 praesentium
619 1390 857 1431 personarum]
879 1390 965 1421 Plu-

231 1432 382 1464 tarchus
408 1444 437 1464 c.
469 1435 519 1464 ll.
546 1444 580 1475 p.
598 1435 673 1465 634.
690 1433 750 1465 A..
777 1433 848 1465 τῶν
877 1444 968 1475 παρ-

228 1473 354 1508 όντων.

273 1520 416 1552 libenter
439 1520 562 1551 audire
583 1521 766 1562 possimus]
797 1520 964 1553 Commo-

229 1562 311 1595 dius
354 1563 490 1595 dietum
538 1569 636 1596 esset
678 1566 880 1603 audiamus
928 1570 965 1597 ut

228 1606 339 1640 etiam
364 1617 475 1649 supra
499 1606 571 1639 dici
608 1612 748 1649 poterat
775 1609 897 1641 iuvant
930 1613 965 1641 et

227 1651 403 1691 mordent,
447 1654 483 1683 et
518 1651 616 1684 infra
647 1653 683 1704 §
690 1655 743 1684 19.
781 1654 871 1695 quod
909 1654 964 1685 in·

226 1696 356 1745 suniat.
405 1694 646 1727 Plutarchus.
670 1691 747 1728 ἃ..
768 1696 965 1739 γελῶσιν,

226 1738 343 1770 ταῦτα
364 1738 739 1780 δυσχεραίνουσιν
770 1741 842 1772 κτλ.

272 1793 330 1814 seu
355 1806 385 1814 ..
410 1783 464 1824 ve]
492 1783 924 1826 Vid.prolegg.p.x1.1.

271 1827 340 1858 dici
371 1826 406 1857 in
437 1838 499 1858 nos
532 1828 674 1869 aliquod
699 1839 847 1860 scomma
872 1830 963 1860 noli—

226 1870 315 1911 mus]
350 1870 414 1902 Est
442 1871 708 1910 anacoluth0n3
746 1882 826 1903 nam
853 1884 961 1914 quum

226 1924 336 1956 supra
362 1914 527 1955 legatur:
565 1916 653 1947 Sunt
677 1917 766 1948 enim
787 1928 893 1958 quae,
927 1917 964 1949 h.

228 1958 250 1989 Ι.
287 1958 480 1990 dicendum
512 1964 592 1990 erat
619 1960 687 1991 dici
716 1960 750 1991 in
783 1972 845 1992 nos
872 1962 963 1993 noli-

225 2013 301 2034 mus
327 2006 486 2042 tantum,
527 2007 565 2034 ut
591 2003 662 2035 huc
692 2004 892 2036 referretur
918 2005 963 2036 il-

226 2045 288 2076 lud
315 2057 511 2087 pronomen
537 2047 745 2079 relativum.
793 2048 863 2080 Sed
892 2059 961 2080 non

227 2099 332 2130 posse
359 2090 477 2122 omitti
503 2092 613 2122 verba
644 2092 785 2133 aliquod
815 2103 962 2124 scomma

226 2133 330 2164 docet
362 2132 396 2164 id
429 2134 522 2174 quod
558 2134 740 2175 sequitur,
776 2136 843 2167 nisi
869 2138 963 2175 sorte

225 2177 310 2209 tale
341 2177 404 2209 sit.-
439 2177 500 2209 ubi
534 2178 787 2210 coniunctivus
821 2179 961 2220 positus

225 2225 302 2260 est,
341 2221 425 2261 quia
461 2222 649 2261 praecedit
687 2222 782 2254 idem
819 2224 958 2255 modus.

224 2263 278 2296 Cf.
301 2264 419 2296 Haud.
447 2265 608 2297 Turscll.
634 2266 697 2305 lll,
724 2278 756 2307 p.
781 2269 856 2299 231.

272 2309 362 2350 quod
393 2309 530 2340 illorum
557 2321 701 2341 censura
734 2311 877 2342 libenter
903 2322 960 2343 ac-

226 2352 347 2394 cipiat]
374 2352 397 2384 i.
422 2364 451 2384 e.
476 2354 567 2394 quod
592 2354 783 2386 audientes
805 2354 875 2394 illi,
899 2355 959 2396 qui

225 2406 366 2427 morum
393 2402 504 2439 agant
534 2408 737 2434 censuram,
745 2399 961 2449 gaudeant.

224 2440 469 2472 Plutarchus:
515 2438 607 2493 πλὴν
639 2437 683 2473 dv
705 2439 754 2483 μή
782 2453 815 2473 τι
844 2454 961 2485 κεχα-

225 2481 439 2524 ρισμένον
464 2497 486 2529 ῃ
513 2482 553 2517 τὸ
578 2482 778 2527 λεγόμενον,
805 2484 960 2525 ἐκείνοις.

225 2526 278 2558 Cf.
312 2530 401 2560 c.1.
433 2530 512 2568 ἓ2.
546 2532 582 2562 et
614 2529 682 2561 vid.
720 2530 889 2573 prole-gg.
926 2542 958 2573 p.

226 2582 315 2602 xmi.

275 2617 325 2646 19.
384 2616 474 2656 quod
506 2616 660 2648 insanire
693 2617 815 2659 possit]
858 2617 882 2649 i.
928 2628 958 2650 c.

225 2657 280 2733 gif.
287 2626 602 2742 qgoldssqhumanum
624 2661 775 2694 excedat
797 2662 954 2694 modum.

269 2746 536 2789 lectionibusque
576 2748 766 2790 nocturnis]
812 2748 961 2781 Plutar-

226 2788 316 2821 chus
353 2801 387 2831 p.
420 2792 495 2823 634.
528 2791 571 2822 Β.
616 2791 728 2824 habet
765 2803 960 2835 νυκτογρα-

226 2830 336 2873 φίαν,
397 2835 492 2875 quod
541 2835 754 2868 Macrobius
809 2837 961 2870 reddere

226 2878 369 2915 poterat
394 2888 481 2911 voce
507 2880 812 2914 lucubrationibus.

1031 1830 1087 1878 21.
1125 1827 1160 1859 ἰιι
1189 1827 1311 1859 verbis
1341 1827 1581 1871 navigationis
1614 1829 1766 1868 naufra-

1030 1882 1130 1946 ειζιο20.
1184 1916 1332 1946 Tarseus
1359 1914 1538 1957 Amphias]
1566 1914 1766 1946 Dicendum

1031 1964 1110 1991 erat
1146 1960 1334 1990 Tarsensis.
1391 1959 1610 1990 Plutarchus
1647 1970 1676 1989 c.
1715 1961 1768 1990 12.

1033 2014 1063 2044 p.
1108 2005 1184 2034 635.
1227 2003 1287 2033 C.:
1340 1998 1359 2034 ὁ
1406 1998 1569 2044 Ταρσεὺς
1612 1998 1767 2044 Ἀμφίας.

1031 2047 1187 2078 Aliunde
1218 2047 1280 2078 hic
1312 2046 1422 2078 homo
1454 2058 1522 2078 non
1559 2049 1614 2078 cst
1647 2051 1766 2086 notus,

1031 2091 1123 2131 quod
1151 2090 1278 2122 sciam.

1075 2145 1148 2165 cum
1195 2145 1234 2165 er
1275 2133 1457 2164 hortulano
1500 2137 1622 2173 potens
1667 2133 1764 2175 essct]

1030 2177 1271 2209 Plutarchus.
1312 2172 1349 2207 ἐκ
1374 2175 1542 2215 κηπωροῦ
1569 2175 1686 2207 δοκῶν
1709 2187 1765 2218 γε·

1028 2219 1190 2262 γονέναι,
1225 2219 1318 2261 quod
1348 2218 1535 2261 Χ)1ειιι(1(3ι·
1566 2220 1657 2250 bene
1683 2231 1764 2251 ver-

1031 2264 1091 2296 tit:
1115 2266 1181 2305 Qui
1201 2264 1385 2296 hortulano
1405 2268 1505 2304 patre
1527 2264 1638 2295 editus
1655 2269 1764 2305 puta-

1029 2310 1148 2345 batur,
1189 2309 1251 2339 sed
1292 2306 1502 2338 Macrobius
1539 2311 1576 2338 ut
1616 2306 1711 2339 infra
1746 2308 1762 2349 §

1027 2355 1081 2383 21.
1108 2352 1200 2384 dixit
1235 2363 1285 2384 me
1309 2351 1499 2382 mendicum
1520 2352 1608 2391 fecit
1642 2362 1681 2383 ew
1708 2352 1764 2383 di-

1029 2397 1115 2436 vite,
1156 2400 1191 2429 et
1225 2408 1254 2427 c.
1291 2399 1320 2426 7.
1357 2396 1377 2434 ἓ
1408 2397 1438 2425 8.
1478 2399 1620 2437 temptat
1653 2396 1765 2431 videri

1029 2445 1145 2472 orator
1172 2451 1211 2472 er
1243 2440 1384 2481 Cynico,
1413 2437 1557 2469 videtur
1579 2438 1764 2479 cogitasse

1028 2485 1071 2516 de
1098 2485 1265 2516 fortunae
1293 2483 1389 2521 vice,
1431 2481 1531 2522 quali
1564 2493 1649 2513 usus
1682 2493 1763 2514 esse

1028 2528 1164 2560 dicitur
1181 2527 1454 2568 Abdolonymus
1471 2525 1642 2557 Sidonius
1666 2526 1760 2567 apud

1028 2572 1194 2604 Curtium
1222 2572 1280 2611 IV,
1308 2575 1337 2609 1,
1365 2573 1405 2601 19
1431 2580 1507 2610 sqq.
1547 2568 1608 2600 Sic
1633 2537 1762 2602 Cicpero

1029 2628 1062 2658 p.
1082 2617 1190 2648 Rosc.
1211 2616 1288 2647 Am.
1306 2617 1361 2653 18,
1375 2616 1451 2645 50.:
1480 2614 1612 2662 Itaque,
1630 2612 1761 2654 inquit,

1028 2671 1074 2692 ex
1120 2660 1292 2691 minima
1338 2656 1685 2697 tenuissimaque
1724 2668 1761 2689 re

1026 2704 1165 2746 publica
1200 2702 1423 2735 maximam
1456 2705 1495 2732 ct
1527 2700 1760 2739 florentis-

1027 2749 1174 2780 simam
1209 2746 1304 2777 nobis
1339 2744 1566 2785 reliquerunt,
1601 2748 1637 2775 et
1663 2744 1761 2777 Phil.

1028 2788 1371 2830 111‚12,31.:me
1413 2797 1456 2819 et
1495 2788 1761 2821 mirmillone

1029 2835 1133 2872 dux,
1159 2844 1205 2864 ex
1230 2811 1486 2875 gladiatore
1511 2831 1759 2873 imperator,

1029 2880 1065 2910 et
1088 2876 1232 2909 Plinius
1263 2875 1305 2909 N.
1331 2875 1377 2907 H.
1404 2874 1545 2915 XXXV,
1573 2878 1625 2908 10.
1650 2886 1677 2909 5.
1704 2878 1760 2915 36,
