1845 3126
216 65 268 103 34
851 55 1127 98 MACROBII

213 174 355 214 [andos
399 170 447 210 ad
486 166 656 207 eumlen]
696 180 950 221 congressum
991 167 1301 221 convictumque
1342 180 1484 207 censeo
1525 166 1758 209 Flavianum

209 229 294 284 qui,
345 229 538 280 quantuni
573 223 622 263 sit
656 222 837 264 mirande
872 223 957 264 viro
988 225 1167 264 Venusto
1203 228 1314 278 patre
1356 223 1643 278 praestantior,
1676 237 1759 264 non

216 285 347 326 ininus
385 285 530 321 ornatu
574 292 730 319 morum
770 279 1042 333 gravitateque
1082 280 1186 321 vitae
1233 293 1352 334 quam
1392 279 1506 333 eopia
1540 279 1762 334 profundae

214 337 450 381 eruditionis
479 335 676 376 adseruit:
715 334 914 389 simulque
942 336 1271 384 Postumianum,
1302 335 1371 389 qui
1402 335 1531 376 forum
1564 335 1759 377 defensio-

215 410 309 436 num
341 392 571 447 dignatione
602 391 803 431 nobilitat:
844 397 882 432 et
910 391 1193 440 Eustatbiuin,
1227 392 1296 446 qui
1323 397 1457 432 tantus
1486 392 1527 431 in
1556 392 1666 432 omni
1693 405 1760 445 ge-

214 466 308 492 nere
339 448 614 505 phihisophiae
649 453 733 495 est,
781 453 827 488 ut
857 448 965 488 solus
1000 447 1114 488 nobis
1148 453 1418 501 repraesentet
1454 447 1609 501 ingenia
1638 447 1760 488 trium

156 512 200 550 Η
217 506 545 563 philosophorum
573 504 621 544 de
647 504 793 558 quibus
818 510 954 545 nostra
984 503 1201 557 antiquitas
1228 504 1394 557 gloriata
1422 509 1493 544 est.
1552 504 1647 544 Illos
1671 504 1762 545 dieo

216 578 318 619 quos
346 561 613 603 Athenienses
644 560 848 614 quondam
876 561 925 601 ad
955 566 1136 601 senatum
1165 560 1391 613 legaverant
1418 559 1672 614 impetratum
1702 560 1762 600 uti

217 621 381 662 inultam
412 618 631 659 remitteret
661 630 781 671 quam
815 617 961 658 civitati
989 630 1129 658 eorum
1162 616 1308 658 fecerat
1338 621 1503 671 propter
1534 616 1663 671 Oropi
1694 629 1760 658 va-

308 744 409 785 [uss.
434 740 603 774 ABGPS.

217 805 383 842 qnantum
411 797 607 829 ABGSs-z.
656 801 792 837 quanto
817 796 940 838 v-ng
965 796 1053 837 (non
1079 796 1119 834 A,
1148 800 1185 827 nt
1210 795 1319 828 affert
1345 795 1482 833 Pont.].
1501 812 1541 818 —
1564 795 1608 827 sit
1630 806 1701 827 om.
1726 805 1763 837 g.

222 863 256 867 w-
282 843 438 876 mirando
463 841 854 883 MBGSv—gbffllmzss.
904 842 1116 873 mirandum
1138 852 1210 872 s-z.
1240 859 1274 863 —-
1303 846 1444 872 venusto
1471 851 1541 872 s-z.
1591 845 1626 872 et
1652 851 1762 871 venu-

216 894 266 921 sto
298 887 432 927 x—ggbl'.
469 906 511 910 -—
551 887 609 928 qni
633 891 761 927 quanto
785 887 848 924 sit,
885 887 1118 924 mirandum,
1153 886 1213 917 vir
1239 890 1382 917 venusto
1406 890 1506 928 patre
1527 886 1764 927 praestantior

217 933 309 964 «zoni.
339 933 441 963 l'ont.
490 933 548 972 qni
572 936 699 972 quictnto
726 931 781 969 sit,
805 931 964 962 mirando
991 932 1076 970 viro,
1109 932 1259 962 l‘ennsto
1282 936 1397 972 patre,
1423 930 1671 972 praestantior,
1704 929 1763 960 vel

218 978 329 1009 etiam
357 978 564 1008 Mnrrano
597 978 607 1007 Ι
633 976 719 1006 irio
751 977 900 1007 lenus-to
923 981 1023 1017 patre
1045 986 1100 1018 pr.
1132 980 1198 1015 „ut
1220 976 1365 1006 nomina
1392 975 1484 1005 haec
1508 974 1655 1015 propriu
1677 974 1764 1013 sint,

217 1023 321 1053 vuius
347 1021 444 1052 modi
476 1020 510 1052 iu
547 1020 707 1051 thesaur.
742 1019 851 1051 inser.
879 1020 1027 1051 Gruter.
1054 1023 1274 1051 occui·runt“
1310 1019 1401 1050 eoni.
1429 1019 1637 1050 Scriverius
1670 1019 1763 1059 (vid.

219 1071 262 1108 pz
278 1072 306 1103 J.
354 1066 412 1107 qni
443 1071 577 1107 quanto
610 1066 652 1097 sit
682 1065 841 1096 vnn-ando
869 1075 937 1096 ore
967 1065 1101 1096 venusti
1123 1065 1237 1106 patris
1258 1065 1335 1102 (vel
1358 1068 1499 1095 venusto
1516 1064 1637 1106 patre)
1655 1074 1762 1106 prae-

217 1111 367 1143 stantior
392 1109 485 1141 coni.
510 1110 621 1140 Zeun.
654 1127 686 1131 -
721 1120 852 1140 morum
876 1115 1000 1142 ornatu
1024 1110 1183 1150 vitaeque
1205 1110 1385 1152 gravitate
1411 1119 1487 1150 v—g.
1515 1125 1557 1130 —
1589 1112 1763 1140 asserunt

217 1160 330 1194 (corr.
368 1154 402 1186 in
439 1155 506 1191 nit)
540 1154 581 1185 G.
634 1153 712 1193 „Ne
739 1154 854 1185 minus
885 1153 946 1185 bie
973 1154 1195 1196 simpliciter
1221 1159 1255 1185 et
1280 1154 1371 1185 satis
1393 1152 1575 1185 steriliter
1601 1152 1762 1194 positum

218 1200 404 1238 videatur,
451 1200 506 1230 vel
539 1199 685 1240 corrige
719 1204 881 1238 ornatus,
923 1200 998 1235 vel,
1040 1199 1132 1240 quod
1166 1199 1259 1230 sorte
1287 1198 1438 1236 melius,
1476 1208 1611 1239 repone
1635 1197 1763 1230 laudis.

219 1245 355 1275 Deinde
382 1247 462 1284 post
487 1245 634 1275 assernit
654 1242 836 1273 excidisse
864 1243 929 1274 sibi
956 1248 989 1275 et
1014 1244 1118 1284 leges
1145 1243 1295 1285 linguae
1322 1248 1358 1274 et
1380 1243 1550 1284 syllabae
1574 1241 1763 1284 sequentis

217 1289 422 1320 similitudo
451 1288 562 1319 facile
590 1288 780 1329 p1·ol›ant.'‘·
813 1288 924 1319 ΖΕιίς.
966 1307 1007 1312 --
1046 1289 1273 1331 (lignitate
1302 1288 1369 1319 vel
1399 1288 1606 1330 dignatione
1639 1287 1683 1318 G.
1717 1305 1760 1310 —

224 1333 460 1365 Eustachion
489 1336 544 1364 vl.
597 1333 833 1364 Eustachium
860 1332 952 1364 v3ic.
979 1351 1018 1356 —
1054 1334 1113 1375 qui
1146 1337 1253 1365 totus
1282 1332 1325 1363 G.
1355 1350 1397 1355 ——
1430 1333 1523 1363 omni
1547 1342 1618 1363 οιιι.
1646 1331 1690 1364 G.
1719 1349 1760 1354 —-

214 1378 452 1420 philosophiae
483 1388 609 1419 genere
633 1377 722 1408 Edd.
746 1376 812 1408 PS.
844 1394 884 1399 —
922 1388 938 1408 e
966 1378 1086 1423 quibus
1113 1377 1154 1408 B.
1295 1379 1345 1408 14.
1387 1377 1472 1408 Illos
1497 1387 1664 1419 quoque
1685 1376 1762 1408 (lico

795 1422 909 1453 Coelio
930 1422 1098 1464 senatore]
1126 1421 1171 1453 cf.
1192 1421 1290 1453 Gell.
1311 1420 1352 1453 N.
1369 1422 1407 1452 A.
1427 1420 1504 1459 Vll,
1529 1422 1580 1452 14.
1600 1422 1643 1462 §§
1662 1424 1760 1453 8-10.

218 1423 260 1454 G.
284 1442 322 1445 ——
351 1434 433 1463 qnos
456 1422 681 1453 Athenienses
706 1445 734 1453 ..
754 1446 760 1453 .

917 1468 1087 1510 legauere
1117 1477 1196 1509 v-g.
1245 1467 1472 1510 legaverunt
1498 1466 1572 1497 s-b.
1709 1468 1761 1498 15.

232 1486 257 1488 ⁴—
298 1468 503 1509 legaverant
539 1466 628 1498 Mss.
657 1466 755 1498 Gell.
791 1467 813 1498 l.
839 1478 868 1498 c.

217 1577 366 1620 gisteria
400 1576 571 1607 dicuutur
607 1587 627 1608 a
659 1576 835 1608 Cicerone
866 1577 891 1609 l.
926 1589 955 1609 e.

218 1622 261 1653 ad
286 1622 301 1662 ξ
333 1624 395 1657 ΙΙ.,
421 1622 575 1653 Horatio
593 1621 659 1652 Od.
689 1622 716 1660 l,
739 1624 771 1659 4„
795 1625 844 1653 18.
873 1626 957 1654 sunt:

219 1677 329 1708 regna
355 1667 447 1697 vini:
489 1670 525 1696 et
553 1670 590 1697 ut
625 1666 720 1697 idem
747 1666 813 1697 Od.
843 1666 897 1707 ll,
921 1670 954 1707 7,

217 1714 291 1741 :ism
312 1721 421 1752 quern,
450 1709 579 1750 inquit.
604 1712 717 1741 lenus
743 1711 954 1742 arbitrum

225 1756 319 1786 Dicet
351 1755 547 1791 bibendi„
588 1754 769 1785 {lucianus
806 1755 952 1786 Satur-n.

225 1802 265 1830 k:
287 1796 336 1830 ἔτι
358 1797 415 1829 καὶ
436 1795 619 1840 βασιλέα
638 1794 691 1840 ἐφ’
708 1794 887 1838 (incc'vrcov7
901 1810 954 1841 γε-

216 1840 343 1874 νέσθαι
374 1842 422 1885 τῷ
457 1838 669 1885 ιῖστραγάλῳ
706 1840 951 1885 κρατήσαντα.

215 1887 475 1918 Saturnalibus
508 1887 637 1918 diebus
667 1898 793 1929 regem
827 1899 952 1929 quem—

218 1930 313 1971 piam
352 1942 433 1961 esse
465 1931 698 1971 designatum
733 1943 774 1962 ex
808 1931 952 1963 Ari-ian.

217 1976 251 2005 in
275 1974 431 2015 Epietet.
457 1975 488 2011 l.
516 1977 576 2011 25,
602 1987 631 2016 p.
660 1978 714 2006 97.
743 1976 866 2007 (locuit
891 1976 951 2007 Ci-

218 2021 300 2050 lnno
329 2019 430 2050 Ram.
456 2019 613 2050 Altertb.
640 2019 705 2057 lll,
733 2031 764 2060 p.
789 2022 866 2051 345.
893 2020 950 2051 Cf.

216 2063 420 2104 Boettiger.
447 2063 577 2094 meino
603 2063 789 2094 Schriften
820 2065 882 2095 111.
918 2077 950 2106 p.

216 2110 283 2138 *212
307 2118 383 2148 sqq.
406 2126 447 2129 —
485 2109 678 2139 Conventus
705 2119 819 2150 regem
844 2109 950 2150 Sym-

217 2151 369 2184 machus
397 2151 485 2184 dieit
510 2152 798 2184 Praetextatnm.

262 2201 427 2238 quantum
482 2197 526 2228 sit
583 2220 589 2226 .
609 2220 616 2227 .
636 2222 642 2227 .
698 2197 949 2239 praestantior]

216 2240 452 2281 Sei-ipserunt
479 2246 612 2282 quanto
637 2241 699 2281 qui
733 2245 953 2282 putaverunt

216 2290 395 2326 quantum
446 2284 548 2327 iungi
597 2296 665 2316 non
716 2296 823 2327 posse
869 2298 950 2317 cum

216 2328 485 2370 comparativo:
513 2330 575 2361 sed
600 2340 666 2360 non
692 2340 775 2361 raro
801 2331 870 2362 boe
898 2331 952 2362 in—

217 2373 332 2404 veniri
393 2374 488 2414 apud
543 2373 761 2415 posterioris
818 2375 952 2407 aetatis

215 2418 415 2459 scriptores
440 2418 563 2450 docuit
590 2418 629 2450 F.
659 2418 818 2451 Haasius
845 2420 952 2458 (Rei-

215 2462 284 2504 sig.
303 2462 363 2494 lat.
380 2461 738 2504 Spraeluvissenscb.
757 2469 829 2495 not.
844 2465 952 2505 400).

259 2507 418 2538 mirando
441 2508 515 2539 viro
539 2509 689 2539 Venusto
710 2509 826 2551 patre]
852 2508 951 2540 Seri-

216 2550 338 2582 verius
382 2550 473 2582 mibi
519 2552 705 2594 persuasit
746 2557 785 2584 ut
832 2554 949 2585 senu-

215 2600 265 2626 sto
298 2595 474 2627 haberem
507 2607 571 2638 pro
605 2597 752 2628 nomine
790 2598 950 2640 proprio.

215 2639 265 2669 Ad
293 2639 408 2671 libros
434 2651 541 2680 mss„
578 2640 613 2673 in
644 2641 775 2682 quibus
802 2643 949 2675 nomina

215 2684 363 2725 propria
413 2695 481 2716 non
530 2685 782 2728 insigniuntur
829 2687 949 2719 literis

215 2728 427 2767 nlaioribus,
446 2729 476 2761 si
496 2735 718 2772 spectamus,
738 2731 829 2763 haec
846 2732 950 2764 nulla

214 2775 269 2802 est
318 2773 481 2805 mutatio.
552 2775 781 2808 Adiectivnm
826 2780 947 2808 autem

215 2822 391 2856 venustus,
415 2818 485 2850 etsi
513 2819 694 2851 interdum
726 2821 821 2852 idem
847 2822 947 2853 valet

212 2869 255 2890 ae
278 2862 423 2894 facetus.
451 2868 489 2894 ut
511 2865 605 2906 apud
630 2865 725 2896 Plin.
746 2877 800 2907 ep.
828 2865 895 2906 ΙΙΙ,
914 2869 947 2905 9,

212 2905 244 2933 2.
277 2905 356 2935 Inde
382 2906 509 2938 dietum
538 2909 755 2941 Baeticorum
788 2914 844 2948 (nt
870 2912 945 2952 ple-

212 2958 353 2988 rumque
389 2950 486 2981 dolor
517 2954 618 2984 etiam
655 2960 855 2987 venustos
881 2956 944 2994 fa-

1024 1577 1087 1617 cit)
1121 1588 1188 1608 non
1218 1576 1406 1618 inlepidum
1433 1576 1633 1617 ferebatur,
1679 1579 1762 1618 post

1025 1622 1136 1652 verba
1165 1621 1324 1652 mirando
1351 1621 1424 1652 viro
1450 1621 1614 1661 profecto
1639 1621 1761 1652 locum

1024 1677 1093 1697 non
1117 1665 1244 1696 babet:
1267 1669 1302 1696 et
1324 1664 1524 1706 requiritur
1541 1676 1670 1697 nomen
1696 1676 1761 1708 pa-

1025 1710 1110 1747 tris,
1143 1710 1189 1742 ef.
1217 1710 1245 1750 l,
1270 1712 1303 1748 2,
1328 1711 1361 1740 3.
1388 1714 1419 1741 et
1443 1720 1483 1741 ex
1506 1714 1609 1752 patre
1634 1711 1761 1743 Albino

1023 1755 1147 1786 audire
1171 1754 1327 1797 potuisti.
1387 1753 1550 1795 Denique
1576 1756 1760 1796 t‘enustus,

1023 1810 1152 1830 nomen
1189 1798 1395 1840 proprium9
1436 1798 1592 1830 affertur
1626 1810 1668 1831 ex
1702 1800 1760 1832 in-

1020 1843 1284 1885 scriptionibus
1318 1843 1410 1883 (vid.
1437 1842 1595 1875 For-cell.
1629 1844 1698 1875 lex.
1729 1856 1759 1876 s.

1020 1888 1054 1919 Ιι.
1082 1889 1146 1928 ιη),
1171 1899 1287 1929 neque
1308 1888 1429 1918 obstat
1452 1886 1556 1919 illius
1582 1889 1760 1930 temporis

1021 1943 1115 1971 mos,
1141 1932 1335 1973 quominus
1358 1931 1530 1964 Flaviani
1556 1932 1651 1974 patri
1679 1933 1759 1966 fue—

1020 1977 1069 2008 rit
1090 1987 1218 2007 nomen
1245 1977 1414 2008 Venusto.

1064 2020 1232 2062 adseruit]
1259 2021 1282 2052 i.
1299 2031 1328 2052 e.
1351 2020 1631 2060 demonstravit²
1647 2031 1757 2063 quam

1019 2064 1130 2096 huius
1164 2064 1266 2096 verbi
1300 2064 1372 2096 vim
1412 2075 1433 2097 a
1468 2065 1647 2098 Macrobii
1688 2077 1757 2098 usu

1020 2108 1110 2149 (vid.
1136 2110 1305 2152 prolegg.
1330 2121 1361 2151 p.
1384 2120 1489 2141 xmn.
1512 2110 1584 2152 sq.)
1605 2110 1757 2142 minime

1018 2154 1278 2186 abhorrentem
1329 2153 1530 2186 offendisse
1578 2155 1757 2188 Zeunium

1021 2198 1144 2230 miror.

1064 2242 1303 2281 defensionum
1330 2241 1550 2284 dignatione]
1578 2241 1643 2274 Est
1666 2241 1756 2274 boc:

1019 2286 1250 2329 „praeclaris
1293 2296 1487 2317 cansarum
1533 2285 1757 2318 defensioni-

1020 2332 1126 2371 bns“‚
1152 2335 1190 2362 nt
1215 2330 1267 2363 ait
1294 2329 1442 2361 Sueten.
1469 2330 1574 2372 Vesp.
1597 2332 1630 2362 4.
1655 2332 1755 2372 Afri—

1020 2388 1093 2408 cam
1128 2375 1350 2418 integerrime
1378 2386 1439 2406 nec
1467 2375 1557 2406 sine
1592 2386 1755 2419 magna

1021 2421 1286 2464 dignatione
1339 2419 1616 2458 administravit,
1681 2420 1754 2452 nisi

1021 2466 1115 2497 forte
1141 2463 1256 2496 mavis
1278 2464 1445 2495 conferre
1465 2463 1493 2502 l,
1511 2464 1543 2502 3,
1562 2466 1590 2495 l.
1614 2474 1657 2495 ne
1677 2465 1755 2506 quis

1019 2521 1071 2541 me
1101 2511 1256 2541 aestimet
1288 2508 1544 2551 dignatione
1583 2509 1753 2540 consul-

1019 2555 1207 2587 tationis
1232 2553 1397 2595 ἱρςναυανί,
1430 2555 1540 2593 atque
1569 2550 1752 2594 interpre-

1019 2598 1106 2630 tari:
1137 2598 1255 2639 „quod
1284 2607 1353 2629 non
1378 2596 1598 2638 dedignatur
1621 2606 1752 2629 causas

1018 2643 1214 2674 defendere
1238 2641 1274 2673 in
1300 2641 1417 2672 foro.“

1062 2687 1121 2729 qui
1144 2691 1263 2719 tantus
1285 2709 1293 2718 .
1309 2709 1316 2717 .
1342 2684 1405 2726 est]
1439 2682 1517 2715 fid.
1542 2686 1616 2715 not.
1640 2684 1686 2716 ad
1716 2696 1748 2716 c.

1016 2734 1047 2764 3.
1076 2731 1092 2772 §
1122 2734 1171 2763 16.

1064 2777 1114 2807 14.
1164 2785 1265 2818 quam
1292 2798 1322 2805 ..
1346 2771 1495 2813 fecerat]
1531 2771 1610 2803 Hoc
1636 2772 1749 2804 verbo

1015 2819 1179 2857 Gellius,
1226 2829 1247 2850 a
1287 2829 1356 2859 quo
1399 2817 1492 2848 haec
1535 2816 1751 2858 compilavit

1015 2864 1246 2903 Macrobius,
1273 2874 1360 2894 usus
1387 2872 1468 2893 esse
1493 2860 1638 2893 videtur
1663 2861 1750 2902 quia

1014 2920 1134 2941 sermo
1158 2912 1214 2941 est·
1237 2908 1280 2938 (le
1305 2907 1422 2939 multa
1440 2905 1585 2938 alienae
1604 2905 1749 2938 civitati

1014 2953 1160 2986 indicta.
1208 2952 1309 2985 Ideni
1337 2950 1433 2984 enim
1464 2949 1526 2991 (N.
1553 2950 1591 2982 A.
1620 2949 1687 2991 xl.
1718 2953 1748 2989 l,
