1845 3131
175 218 199 258 9

150 503 237 546 [185]

155 901 198 940 ll

215 51 295 93 534

839 43 1113 87 MACROBII

217 154 350 211 Quam
380 159 479 198 bene
510 167 605 196 usus
634 157 693 194 est
720 153 932 207 frondescit
959 153 1138 194 metallo?

217 217 288 257 Et:

214 275 259 293 **
278 270 391 322 nigro
420 267 611 320 inponere
635 277 781 305 nomen
810 264 950 304 laetis?

214 327 286 367 Et:

720 232 774 238 —
801 209 920 263 Niqri
947 223 1035 249 eum
1059 209 1152 249 laete
1181 210 1330 249 veneni.

414 321 536 363 Haud
565 321 677 361 aliter
703 322 827 361 iustae
854 319 993 374 quibus
1024 327 1075 360 est
1104 318 1319 361 Mezentius
1346 319 1441 358 irae.

217 381 319 422 ostio
345 393 420 419 esse
443 378 610 432 aliquem
635 376 847 417 usitatum:
873 389 959 415 irae
982 389 1058 415 esse
1085 373 1292 414 inventum
1323 372 1500 413 Maronis
1530 378 1599 413 est.

152 438 317 478 lOItem
351 434 399 474 de
430 433 589 474 duobus
620 431 757 486 incipit
785 431 914 471 dicere
945 435 984 470 et
1015 430 1053 470 in
1082 443 1207 470 unum
1244 428 1408 470 desinit:

216 609 260 642 ut
285 607 344 642 est
375 599 481 654 apud
510 600 752 639 Homerum:

418 490 572 530 Interea
599 501 725 542 reyes,
757 488 906 540 inqenti
929 486 1026 527 mole
1053 486 1221 526 Latinus

418 545 664 597 Quadriiuqo
699 543 850 584 vehitur
877 555 1012 591 curru,

421 655 476 694 Οἱ
505 653 551 694 δὲ
589 651 678 693 δύω
708 650 925 702 σκόπελοι,
954 649 977 693 ὁ
1005 651 1083 704 μὲν
1111 647 1302 702 οὐρανὸν
1332 645 1464 701 εὐρὺν
1490 646 1625 689 ἱκάνει

415 707 532 763 ὀξείῃ
562 710 756 762 κορυφῇ,
787 707 944 761 νεφέλη
976 706 1021 748 δέ
1051 722 1124 760 μιν
1154 703 1457 760 ἀμφιβέβηκεν.

214 767 285 807 Et:

416 766 602 806 Protinus
631 764 876 804 Orsilochum
908 771 941 804 et
963 763 1105 811 Buten,
1135 763 1211 802 duo
1239 776 1415 802 maoetma
1450 760 1639 801 Teucrum

417 821 612 875 Corpora,
642 820 708 860 sect
738 820 865 860 Buten
893 832 1071 859 aversum
1100 818 1258 872 cuspide
1284 817 1387 870 fioeit,
1413 820 1485 856 etc.

418 901 645 947 Imm-nam,
671 900 816 954 fateor,
848 899 989 939 misero
1017 909 1247 938 succurrere
1273 895 1397 948 fratri

420 956 451 996 S
455 956 553 1002 uasi,

218 1023 307 1050 eum
339 1010 500 1051 solitum
533 1009 584 1051 sit
616 1008 715 1049 diei:
750 1009 941 1049 Iuturnae
970 1009 1089 1048 suasi.

216 1065 287 1105 Et:

216 1120 291 1161 Et:

559 1088 613 1094 --
649 1064 787 1105 Urbem
814 1078 930 1119 quam
958 1070 1105 1111 statuo,
1138 1068 1264 1103 vestra
1293 1067 1355 1102 est.

1255 1113 1299 1125 ·=·—=
1305 1111 1334 1119 a.»

424 1120 481 1160 Tu
507 1120 620 1161 modo
647 1112 1356 1175 q'uo's'*in'‘'sfiein'‘'s”iiziu‘e”s”s'uffnizttere
1380 1118 1514 1171 yemis,

414 1176 680 1231 Praecipuum
711 1177 791 1217 iarn
817 1176 910 1216 inde
942 1190 966 1215 a
998 1175 1138 1215 teneris
1163 1173 1331 1228 inpende
1363 1173 1542 1219 laborem,

217 1244 288 1284 pro
324 1233 367 1272 in
398 1246 459 1272 eos
489 1232 667 1286 mpende.

154 1286 202 1326 12
217 1286 329 1327 Facit
357 1286 643 1341 pulcherrimas
673 1286 952 1341 repetitiones:

413 1342 513 1385 Nam
539 1357 660 1398 neque
682 1343 875 1383 Parnassi
896 1341 1002 1382 vohis
1029 1341 1135 1393 iuqa,
1162 1352 1256 1378 nam
1286 1352 1407 1393 neque
1431 1337 1555 1377 Pindi

307 1453 412 1494 [Mss.
439 1454 579 1486 APSM.

220 1508 347 1549 Simili]
374 1508 460 1541 Aen.
485 1509 544 1549 vl,
570 1509 645 1540 144.
779 1510 812 1538 9.
859 1505 975 1549 Nigri]
1002 1505 1088 1537 Aen.
1116 1503 1262 1543 1V‚514.
1290 1521 1331 1526 --
1359 1503 1478 1544 Haud]
1506 1503 1589 1535 Aen.
1618 1503 1753 1544 Χ,716“.

351 1555 400 1583 10.
444 1553 592 1593 Interea]
621 1553 706 1583 Aen.
736 1550 818 1588 ΧΠ,
842 1553 919 1581 161.
958 1566 1000 1573 -
1035 1548 1222 1581 invehitur
1249 1558 1326 1589 c-g.
1353 1563 1397 1569 ——-
1431 1548 1526 1587 apud
1552 1546 1752 1591 Homerum]

217 1594 282 1626 od.
312 1593 360 1637 μ’,
384 1599 437 1628 73.
468 1616 501 1620 --
541 1595 588 1628 Οἱ
615 1594 652 1628 δὲ
760 1590 1005 1636 ἀμφιβέβηκεν
1031 1604 1101 1625 om.
1129 1591 1297 1623 ASMvic.
1331 1607 1374 1613 —-
1411 1601 1538 1623 ιΚΑΝε
1562 1592 1602 1623 Ρ.
1650 1591 1754 1625 ἵκανε

215 1639 278 1680 hg.
304 1658 347 1663 —
370 1638 498 1682 νεφέλη
522 1662 553 1672 ..
570 1664 577 1671 .
602 1636 847 1682 ἀμφιβέβηκεν
870 1649 940 1669 om.
968 1647 999 1669 a.
1029 1656 1070 1660 —
1094 1636 1415 1668 ΑΜΦοΒεΒιΚεΝ
1440 1636 1478 1667 Ρ.
1527 1632 1754 1679 ἀμφιβέβηκε

215 1684 278 1725 hg.
319 1702 352 1707 —
396 1684 572 1725 Protinus]
601 1685 685 1715 Aen.
716 1682 786 1722 XI,
815 1685 892 1714 690.
929 1698 970 1703 -
1007 1681 1246 1713 orchilocum
1276 1679 1312 1711 S.
1347 1697 1389 1702 -—-
1424 1679 1619 1711 adversum
1646 1680 1753 1722 Sv-g.

215 1739 346 1760 aversa
372 1730 410 1760 P.
547 1731 599 1760 11.
641 1726 838 1767 Iuturnam]
867 1726 952 1758 Aen.
978 1726 1066 1764 xli,
1090 1727 1167 1756 813.
1205 1741 1246 1747 —
1287 1724 1408 1755 misero
1428 1725 1548 1763 fateor
1570 1728 1628 1762 (ut
1654 1725 1753 1767 Virg.

214 1772 344 1814 vulgo)
367 1772 474 1814 Sv-g.
500 1790 542 1796 -
572 1774 738 1804 Iuturnae
764 1771 913 1802 suadeo
935 1769 974 1802 P.
998 1788 1039 1793 --
1069 1768 1202 1810 Urbem]
1230 1768 1315 1799 Aen·
1337 1768 1364 1806 1,
1388 1769 1463 1799 573.
1521 1769 1637 1799 Urbem
1665 1772 1753 1807 (om.

216 1816 282 1853 Et)
304 1817 406 1848 s-bP.
433 1836 474 1841 —-
504 1817 570 1858 Tu]
598 1816 735 1857 Georg.
761 1815 829 1855 Ill,
853 1816 908 1845 73.

261 1916 371 1955 Quam
395 1916 475 1946 bene
495 1925 578 1946 usus
599 1919 647 1946 est
665 1914 857 1954 frondescit
875 1924 945 1945 me-

212 1959 297 1990 tallo
309 1958 339 2000 P]
368 1960 482 1991 Verba
504 1959 695 2000 frondescit
716 1959 855 1990 metallo
885 1968 947 1999 po-

212 2003 283 2034 sita
305 2007 399 2040 sunt.
424 2007 462 2034 ut
481 2003 576 2034 alius
602 2007 681 2043 post
706 2001 949 2044 praepositio-

212 2057 292 2077 nem
329 2058 409 2088 pro,
446 2046 582 2078 omisso
617 2046 781 2078 ablativo
817 2046 949 2077 verbis:

212 2100 305 2130 quae
319 2090 464 2130 quidem
480 2091 604 2121 durior
618 2094 673 2120 ost
692 2089 794 2121 ratio.
810 2089 948 2119 Cotum.

211 2133 334 2165 Serv.:
366 2134 638 2171 Frondescit‚
659 2134 694 2165 in
715 2138 877 2164 naturam
895 2143 948 2164 re-

211 2178 286 2215 dit3
318 2183 349 2210 et
383 2178 520 2209 honeste
557 2178 689 2209 locutus
727 2182 776 2208 est
815 2177 948 2207 dicens.-

212 2221 349 2252 Habet
379 2222 565 2260 frondes
601 2220 670 2252 sui
707 2220 892 2252 metalli.

256 2267 287 2296 9.
322 2265 359 2283 **
378 2266 482 2308 nigro
505 2265 664 2306 inponere
687 2275 809 2296 nomen
834 2262 947 2304 lactis]

210 2308 400 2340 Excidisse
453 2308 593 2349 aliquid
647 2319 775 2339 sensus
830 2308 948 2345 (locet,

210 2363 426 2393 quamquam
454 2353 564 2393 vulgo
591 2363 659 2383 non
686 2351 869 2384 indicatur
893 2351 948 2382 la-

210 2407 311 2428 cuna.
363 2396 537 2436 Equidem
566 2397 770 2437 putaverim
805 2396 949 2427 Macro-

211 2440 310 2471 bium
338 2441 552 2481 scripsisse:
597 2441 683 2481 Quo
718 2440 840 2471 modo
874 2450 947 2481 po-

210 2485 296 2516 tnit
325 2495 488 2516 veneno
515 2484 617 2526 nigro
641 2485 803 2526 inponere
825 2494 948 2515 nomen

210 2527 335 2561 lactis?
374 2529 432 2560 vel
468 2528 591 2560 simile
627 2528 732 2569 quid,
765 2532 800 2558 et
835 2527 948 2559 libra-

209 2572 302 2604 rium
328 2573 541 2612 aberrasse,
572 2576 612 2603 ut
637 2582 747 2614 saepe
773 2571 814 2603 fit
839 2571 903 2608 (cf.
930 2571 946 2612 §

213 2619 303 2655 130.
330 2627 350 2648 a
375 2617 496 2648 veneni
521 2616 566 2648 ad
591 2627 731 2648 veneno.
779 2615 882 2646 Hanc
903 2615 948 2646 ob

209 2670 354 2692 causum
384 2660 487 2702 posui
515 2660 660 2701 signnm
686 2659 948 2701 interrogatio—

210 2704 279 2735 nis.
329 2704 369 2735 In
397 2715 529 2736 comm.
554 2704 658 2736 Serv.
689 2703 847 2745 legitur:
876 2703 947 2734 Ni-

208 2749 282 2790 gri
306 2754 366 2780 aut
397 2749 511 2788 noxii,
549 2748 631 2790 quia
655 2748 752 2791 nigri
767 2748 863 2789 fiunt
884 2747 948 2779 ho-

207 2793 315 2823 mines
335 2798 413 2834 post
440 2803 626 2824 venenum.-
661 2797 723 2824 aut
751 2796 839 2823 certe
860 2790 950 2823 illud

209 2840 269 2872 est,
297 2837 381 2877 quia
407 2842 487 2868 sunt
507 2836 632 2868 herbae
656 2836 755 2879 nigri
783 2836 901 2876 lactis,
925 2834 949 2866 i.

208 2888 234 2908 e.
271 2880 373 2910 succi.
443 2881 569 2912 Dicunt
608 2885 723 2913 autem
759 2890 820 2921 per
854 2878 947 2920 peri-

1048 1815 1100 1845 12.
1144 1812 1247 1854 Nam]
1272 1812 1347 1843 Eci.
1375 1811 1416 1851 X,
1443 1814 1494 1842 11.
1526 1830 1559 1834 -
1598 1813 1754 1845 Parnasz

1013 1912 1156 1956 phrasin
1191 1915 1330 1953 agreste
1361 1920 1516 1952 papaver
1545 1911 1751 1953 significari.

1064 1959 1115 1988 10.
1169 1960 1201 1987 et
1239 1956 1274 1986 in
1315 1965 1419 1986 unum
1460 1954 1597 1996 desinit]
1637 1955 1751 1987 Immo

1017 2005 1098 2042 post
1119 1999 1288 2031 Latinum
1313 2004 1643 2030 commemorantur
1657 1999 1753 2031 Tur-

1017 2056 1083 2076 nus
1100 2044 1239 2075 Aeneas
1259 2041 1449 2080 Ascanius,
1473 2047 1509 2073 et
1534 2047 1616 2083 post
1633 2043 1751 2074 Buten

1017 2087 1248 2120 Orsilochus.
1288 2086 1414 2117 Priore
1438 2086 1516 2117 loco
1541 2086 1639 2124 (XII,
1658 2089 1752 2125 161.)

1016 2131 1167 2164 Servius
1198 2129 1326 2162 statuit
1350 2140 1430 2160 esse
1455 2129 1684 2171 hyperbaton
1717 2135 1753 2163 et

1016 2175 1182 2207 ordinem
1206 2184 1308 2205 esse:
1332 2174 1466 2205 Interea
1490 2184 1590 2217 reges
1614 2197 1644 2205 ..
1666 2185 1751 2216 pro—

1015 2220 1138 2251 cedunt
1174 2218 1295 2250 castris
1327 2221 1380 2255 (v.
1420 2220 1524 2254 169.).
1573 2217 1750 2259 obloqui-

1016 2268 1074 2295 tur
1087 2263 1262 2301 Gnaei-nu„
1284 2261 1344 2302 qni
1366 2261 1507 2293 confert
1521 2261 1582 2300 xl,
1597 2265 1661 2292 887
1675 2273 1752 2304 sqq.

1020 2307 1161 2340 Emolusi
1186 2330 1215 2337 ..
1236 2316 1319 2347 pars
1347 2329 1376 2336 ..
1397 2316 1499 2348 pars,
1531 2310 1565 2337 et
1593 2306 1750 2338 similia:

1016 2361 1122 2393 quam
1153 2349 1350 2389 rationem,
1397 2354 1434 2381 ut
1464 2353 1641 2382 statueret
1670 2361 1752 2383 esse

1016 2395 1133 2436 σχῆμα
1157 2390 1244 2425 καθ’
1276 2388 1359 2424 ὅλον
1389 2391 1605 2436 καὶ.μέρος,
1640 2394 1752 2426 etiam

1015 2438 1241 2470 Macrobium
1293 2441 1457 2468 secutum
1514 2449 1596 2469 esse
1647 2439 1752 2470 docet

1016 2483 1222 2524 exemplum
1250 2482 1343 2522 quod
1370 2481 1477 2513 affert
1502 2481 1750 2513 Homericum.

1063 2529 1116 2557 11.
1168 2527 1348 2558 Iuturnam
1384 2525 1467 2566 cet.]
1506 2524 1750 2557 Praemitten-

1016 2571 1100 2602 dum
1131 2572 1211 2601 erat
1235 2569 1394 2610 aliquid,
1418 2573 1476 2600 ut:
1504 2568 1621 2600 Novas
1646 2569 1750 2602 etiam

1015 2618 1162 2656 usurpat
1182 2613 1458 2645 constructiones.

1070 2656 1202 2699 Urbem]
1249 2657 1290 2688 In
1336 2666 1463 2687 comm.
1503 2655 1605 2688 Serv.
1649 2655 1747 2689 haud

1017 2705 1117 2734 recte
1162 2711 1205 2732 ex
1254 2699 1482 2731 antecedenti
1525 2710 1634 2732 versu
1675 2701 1749 2733 huc

1017 2745 1177 2779 trahitur
1202 2744 1350 2774 verbum
1368 2743 1486 2775 vultis.

1063 2790 1116 2820 12.
1184 2786 1364 2828 Parnassi]
1417 2787 1506 2819 Vide
1560 2798 1605 2820 ne
1657 2788 1749 2821 haec

1017 2832 1201 2873 scriptura
1215 2830 1401 2863 Macrobio
1418 2831 1531 2864 fuerit
1556 2832 1749 2866 tribuenda

1019 2875 1130 2909 etiam
1152 2874 1181 2914 Ι,
1211 2876 1260 2915 le,
1282 2877 1303 2906 3
1328 2877 1364 2907 et
1385 2877 1416 2907 5.
