1845 3131
237 44 318 87 350

869 43 1143 86 MACROBII

235 158 439 213 prosz'vum
467 155 632 196 rubrum
656 152 928 195 Scaudianum
954 155 1124 195 silvestre
1154 155 1360 196 struthiam
1386 154 1644 197 Scantianum
1669 155 1774 196 tibur

199 215 224 256 3
250 214 467 255 Verianum.

540 209 663 251 Vides
704 209 910 250 Persicum
955 224 975 250 a
1019 209 1174 250 Cloatio
1216 210 1318 251 inter
1361 211 1461 251 mala
1505 215 1773 258 numeratum,

241 268 347 322 quod
376 279 523 307 nomen
552 265 715 319 originis
744 280 839 306 suae
869 266 1009 314 tenuit,
1032 265 1124 306 licet
1153 265 1228 305 iam
1259 266 1408 306 dudum
1433 267 1557 307 nostri
1590 267 1662 307 soli
1688 279 1771 320 ger-

326 410 431 453 [Mss.
458 409 623 442 BGPSV.

234 473 440 511 panuteum
464 466 524 496 Ρῖ)4
553 482 592 488 -
620 464 859 495 scandianum
882 463 947 495 BG
974 463 1016 505 (S
1044 473 1062 494 a
1089 474 1120 504 p.
1148 463 1213 502 m.)
1233 463 1294 494 P7.

1009 508 1318 547 „Scandiancum.
1349 508 1507 539 Eruenda
1527 509 1773 539 Scandianum.

238 557 444 588 Columella
477 553 540 585 lib.
567 553 603 584 V.
636 564 701 594 cap
745 556 818 583 10³²
851 553 985 584 Meurs.
1032 571 1065 575 -
1107 552 1275 583 strutium
1315 552 1543 584 GSt‘aMma

1033 598 1295 628 dinumeratum
1318 596 1379 627 P5.
1405 615 1448 620 -
1473 597 1580 629 nostri
1603 598 1689 629 oris
1712 597 1773 628 1²3.

238 524 270 544 m
298 525 306 551 ς
333 509 560 553 v-gpe-va,
612 510 868 540 scandiaucum
895 511 969 549 spi.

237 601 306 634 vic.
326 619 366 623 —
391 599 618 631 Scantianum
640 609 709 628 om.
730 599 827 630 v3-a.
965 600 996 628 3.

240 732 313 769 XV,
334 733 385 762 11.
413 741 439 761 s.
462 731 512 760 11.
543 728 683 760 Colum.
700 727 744 768 Χ,
764 738 795 759 v.
812 729 877 758 405
894 739 972 769 sqq.

239 776 378 808 Pallad.
403 775 425 806 l.
451 786 480 805 c.

287 817 509 861 Quirianum]
543 815 604 847 Sic
627 815 697 846 boc
724 826 849 846 nomen
880 814 973 857 legi-

239 870 297 897 tur
326 864 420 905 apud
448 861 605 894 Plinium
634 860 707 900 XV,
731 871 759 890 s,
790 862 838 890 15.
858 861 877 899 5
903 862 971 897 50.9

238 910 300 941 sed
338 907 565 949 Quiriniaua
600 904 693 946 apud
728 903 902 936 Catonem
940 907 973 942 7,

237 958 270 986 3.
296 958 332 985 et
355 954 549 984 Varronem
577 949 605 988 1,
629 952 685 988 59,
711 951 740 979 1.

280 996 468 1041 prosivum]
495 994 614 1027 Etiam
644 993 713 1024 hoc
739 1003 866 1024 nomen
894 992 971 1024 sru-

238 1048 311 1076 stra
334 1052 487 1084 quaeres
504 1039 620 1071 alias:
645 1042 834 1079 praeterea
855 1036 971 1068 anim-

238 1089 410 1120 advertas
435 1085 618 1116 turbatum
643 1083 850 1114 litterarum
873 1081 970 1112 ordi-

238 1143 339 1165 nem:
374 1141 454 1162 uam
483 1127 682 1169 requiritur
704 1137 833 1157 nomen
863 1135 883 1157 a
911 1125 971 1157 lit-

237 1183 317 1210 tera
341 1186 358 1207 r
387 1173 589 1216 incipiens,
623 1182 667 1203 au
701 1171 794 1202 forte
828 1170 969 1201 Rosium

237 1227 276 1254 ut
302 1220 395 1262 apud
424 1218 583 1251 Plinium
614 1215 654 1247 N.
683 1215 728 1246 H.
754 1215 857 1255 XIX,
886 1218 918 1246 9.
943 1226 970 1246 s.

237 1270 291 1299 56.
325 1264 464 1307 legitur
495 1261 660 1294 cannabis
691 1260 820 1298 Rosea,
853 1269 873 1290 a
899 1259 972 1290 Ro-

238 1322 301 1344 sea
336 1310 394 1341 vel
432 1306 546 1340 Rosia
578 1304 799 1338 Sabinorum
838 1303 972 1345 oppido

238 1354 363 1388 dicta?

283 1398 436 1439 rubrum]
491 1395 665 1427 Fortasse
711 1391 973 1431 intelliguntur

239 1454 348 1486 poma
385 1440 569 1483 Appiana7
599 1439 642 1470 de
673 1437 805 1479 quihus
828 1435 973 1468 Plinius

238 1489 311 1528 XV,
339 1499 367 1519 s.
395 1489 446 1518 15.
473 1487 492 1525 ἓ
518 1487 589 1516 49.;
623 1483 732 1522 Odor,
761 1480 896 1522 inquit,
924 1485 972 1512 cst

237 1534 291 1565 his
337 1537 573 1568 cotoneorum,
627 1526 836 1569 magnitudo
884 1536 973 1567 quac

242 1577 467 1613 Scaudianis,
491 1574 582 1605 color
606 1572 732 1602 ruben
745 1582 770 1601 s.

287 1617 539 1659 Scaudianum]
554 1617 614 1648 Sic
635 1614 866 1647 scribendum
891 1624 972 1643 esse

237 1666 363 1708 putavi
381 1676 399 1696 e
419 1665 675 1706 plerorumque
698 1659 862 1690 codicum
886 1668 973 1688 auc—

238 1711 396 1743 toritate.
459 1707 547 1740 Nam
587 1705 682 1747 opud
725 1702 885 1735 Plinium
929 1713 970 1733 eo

236 1756 381 1797 quidem
419 1753 520 1792 loco,
563 1760 668 1790 quem
706 1749 811 1779 modo
849 1746 971 1785 attuli,

236 1801 338 1832 solus
388 1798 501 1828 codex
548 1793 812 1826 Chisssetiauus
861 1791 971 1822 babet

240 1844 478 1880 Scaudiana„
526 1840 589 1871 sed
630 1838 740 1879 paulo
782 1846 892 1877 supra
934 1834 969 1874 (ξ

236 1890 322 1927 49),
351 1887 410 1919 ubi
436 1886 546 1926 vulgo
571 1883 726 1924 legitur:
753 1881 877 1912 habent
900 1880 970 1910 ori-

237 1934 353 1975 ginem
380 1956 409 1963 ..
436 1942 456 1961 a
485 1929 646 1960 Scaudio
672 1938 690 1957 e
713 1930 886 1967 quattuor
912 1934 971 1954 co-

238 1977 380 2008 dicibus
405 1973 550 2012 (chiffl.
570 1973 661 2013 Reg.
679 1970 768 2001 Colb
805 1968 970 2004 Tbuan.)

238 2026 425 2052 euomtum
459 2022 514 2049 cst
550 2016 723 2048 Scaudio.
770 2014 971 2052 Utrumque

238 2076 366 2096 nornen
393 2062 542 2094 aliunde
568 2061 752 2103 ignotum9
779 2056 848 2088 nisi
877 2056 968 2096 quod

238 2108 444 2141 Scaudiana
496 2106 594 2136 mula
638 2105 972 2133 ‹zoimnemorantur

238 2154 332 2195 apud
358 2152 504 2182 Celsum
533 2149 583 2187 11,
608 2150 665 2178 24.
693 2152 728 2177 et
754 2146 810 2185 IV,
842 2147 909 2183 19„
936 2148 971 2174 et

238 2198 332 2239 apud
359 2196 500 2226 Colum.
526 2193 572 2229 V,
600 2195 659 2231 109
684 2193 754 2225 19..
789 2188 847 2219 ubi
876 2188 969 2229 legi-

237 2248 296 2274 tur
321 2241 431 2272 etiam
460 2238 669 2281 gaudiana.
695 2234 787 2275 apud
816 2234 915 2263 Varr.
942 2232 970 2271 l,

236 2289 293 2327 59,
320 2289 362 2323 1.‚
390 2283 449 2315 ubi
476 2283 510 2314 iu
538 2279 722 2312 nonnullis
750 2276 971 2317 exemplari-

238 2331 305 2361 bus
342 2328 480 2370 legitur
522 2325 714 2356 Scantiana
754 2322 970 2357 Scaudiana,

238 2375 273 2406 in
299 2373 384 2405 aliis
413 2371 604 2402 Scantiana
630 2373 781 2400 tautum.
809 2366 859 2397 An
886 2375 969 2395 vcro

238 2430 306 2450 nou
334 2422 431 2449 recte
455 2414 734 2455 distinguuntur
765 2410 969 2441 Scaudiana

238 2463 316 2500 (vel
355 2461 578 2495 Scaudiana)
615 2462 649 2487 et
686 2455 898 2487 Scantiana.
937 2458 972 2484 et

239 2507 436 2549 legendum
487 2509 543 2534 est
591 2501 685 2543 apud
738 2499 897 2531 Plinium
951 2509 971 2528 a

243 2552 408 2591 Scantio,
433 2549 525 2591 quod
553 2557 682 2578 nomen
710 2548 765 2576 est
791 2542 882 2575 satis
909 2553 971 2572 no-

240 2595 342 2627 tum?

285 2638 452 2679 silvestre]
487 2636 540 2668 Cf.
573 2634 667 2666 Plin.
702 2633 783 2671 XV,
814 2643 842 2662 s.
872 2632 924 2661 15.
949 2630 969 2667 S

239 2687 292 2715 52.
321 2685 409 2715 Sunt
431 2688 461 2714 ct
480 2691 591 2724 parva
618 2678 739 2721 gratia
763 2676 895 2718 saporis
919 2679 973 2705 at—

240 2740 304 2770 que
352 2729 456 2759 etiam
498 2725 654 2757 acutiora
700 2722 801 2753 odore
846 2720 968 2751 sitve-

240 2774 365 2804 stria.
414 2772 548 2801 Eorum
582 2778 686 2798 usum
722 2765 757 2797 in
790 2762 971 2795 medicina

240 2819 419 2847 memorat
448 2814 543 2846 idem
576 2810 717 2850 xxm,
741 2813 772 2840 6.
796 2820 821 2840 s.
850 2810 902 2838 55.
936 2810 971 2836 et

240 2860 370 2891 Celsus
404 2860 427 2890 1.
460 2870 488 2889 c.
532 2855 706 2888 Silvatica
741 2856 845 2884 vocat
881 2851 970 2882 Cato

242 2907 318 2944 143,
343 2906 375 2934 3.

1346 474 1432 494 scau
1448 463 1588 495 dianam
1615 463 1638 495 S
1659 475 1678 495 a
1702 475 1772 496 sec.

1602 554 1637 584 si
1648 553 1773 584 rutium

1085 727 1280 769 struthiam]
1308 726 1363 758 Cf.
1388 727 1480 758 Pliu.
1505 727 1576 765 XV,
1605 729 1652 759 11.
1670 739 1697 759 s.
1722 729 1772 758 10.

1044 771 1182 802 Minora
1213 782 1251 802 ear
1286 772 1398 802 eodem
1431 783 1556 814 genere
1586 776 1647 809 (ac
1674 778 1773 803 coto-

1042 818 1125 852 nea)
1168 815 1367 847 struthea
1409 816 1586 847 odoratius
1624 816 1773 854 vibrant,

1039 860 1186 891 serotino
1222 864 1402 901 proventu.
1461 860 1602 891 Colum.
1638 860 1685 898 V,
1720 863 1772 891 10.

1046 904 1219 944 Cydonia,
1256 914 1396 945 quoram
1431 915 1560 947 genera
1588 905 1655 935 tria
1680 910 1772 943 sunt,

1041 947 1230 979 struthia
1292 948 1563 989 chrysomeliana
1626 954 1770 981 mustea.

1042 990 1171 1023 Athen.
1195 991 1261 1035 1⁸11,
1285 994 1340 1022 20.
1363 1003 1395 1033 p.
1418 995 1472 1024 81.
1495 1003 1527 1023 a.
1557 988 1612 1023 Τὰ
1637 992 1674 1024 δε
1700 994 1772 1024 Kv-

1041 1032 1165 1076 δώνια,
1192 1034 1242 1067 ὡν
1268 1033 1344 1068 ἔνια
1367 1033 1600 1077 στρούθια
1625 1033 1770 1078 λέγεται,

1040 1084 1075 1110 et
1101 1080 1240 1112 similia
1265 1079 1378 1111 habet
1404 1080 1453 1111 ib.
1481 1091 1514 1121 p.
1540 1082 1596 1111 81.
1622 1091 1651 1111 c.
1677 1080 1709 1112 d.
1736 1086 1771 1113 et

1038 1126 1093 1155 21.
1132 1135 1165 1166 p.
1203 1127 1258 1156 81.
1286 1124 1319 1155 d.
1370 1123 1450 1156 Cut-
1492 1129 1531 1165 7,
1567 1127 1618 1156 3.:
1672 1125 1772 1157 Mala

1040 1169 1225 1200 struthea
1275 1173 1436 1207 cotonea,·
1486 1169 1641 1201 struthea
1693 1169 1772 1201 sola

1040 1217 1301 1244 commemorat
1322 1224 1352 1244 r.
1380 1215 1451 1247 143,
1474 1216 1506 1244 3.

1088 1257 1328 1298 Scantianum]
1354 1257 1407 1288 Cf.
1429 1256 1504 1288 Cat.
1529 1259 1560 1293 7,
1576 1259 1609 1288 3.
1633 1260 1669 1288 et
1694 1258 1769 1295 143,

1039 1305 1070 1333 3.
1102 1302 1213 1333 Varro
1238 1302 1266 1341 Ι,
1289 1303 1344 1340 59,
1373 1304 1401 1332 1.
1433 1301 1529 1332 Plin.
1556 1301 1580 1332 1.
1606 1312 1635 1332 c.
1664 1313 1691 1332 s.
1717 1303 1768 1333 15.

1041 1348 1060 1386 ς
1086 1348 1140 1377 50.

1085 1389 1188 1431 tibur]
1215 1388 1388 1420 Fortasse
1413 1388 1607 1431 legendum
1635 1392 1691 1421 est
1713 1394 1770 1422 tu-

1040 1435 1102 1466 bur
1132 1435 1192 1467 vel
1222 1434 1327 1466 tuber.
1375 1433 1483 1465 Certe
1516 1433 1676 1472 Plinius,
1710 1433 1771 1465 ubi

1040 1479 1218 1511 malorum
1246 1488 1381 1520 genera
1406 1482 1606 1515 enumerat,
1630 1477 1771 1520 XV,14.

1040 1536 1069 1555 s.
1091 1526 1159 1554 14.:
1189 1525 1301 1564 Aeque
1321 1523 1522 1564 peregrina,
1544 1522 1675 1563 inquit,
1694 1527 1773 1554 sunt

1041 1568 1179 1610 zizipha
1216 1572 1246 1598 et
1282 1567 1475 1605 tuberes,
1510 1577 1598 1608 quae
1635 1571 1665 1597 et
1697 1567 1773 1608 ipsa

1039 1624 1106 1643 uon
1152 1612 1286 1654 pridem
1333 1616 1498 1642 venerunt
1547 1612 1581 1642 in
1619 1611 1772 1650 ltaliam,

1039 1657 1122 1688 haec
1156 1667 1194 1687 ex
1219 1655 1358 1694 Africa,
1395 1656 1458 1686 illa
1493 1666 1532 1686 ex
1562 1655 1683 1696 Syria,
1718 1659 1772 1686 et:

1045 1702 1102 1732 'I'u
1116 1702 1211 1732 beru
1222 1711 1253 1731 m
1275 1700 1342 1731 duo
1362 1711 1514 1741 genera:
1534 1700 1717 1730 candidum
1743 1704 1774 1731 et

1039 1757 1060 1776 a
1093 1745 1203 1776 colore
1231 1745 1375 1785 syricum
1402 1745 1550 1782 «lictum,
1588 1743 1648 1774 ubi
1679 1744 1774 1774 Har-

1040 1790 1140 1820 duiui
1180 1788 1325 1819 codices
1363 1788 1456 1828 regii
1499 1787 1669 1819 dicuutur
1706 1788 1774 1819 ha-

1402 1833 1459 1864 Cf.
1483 1831 1625 1863 Colum.
1651 1831 1713 1871 xl,
1738 1834 1772 1871 2,

1378 1877 1438 1907 ubi
1467 1876 1576 1907 etiam
1609 1887 1627 1907 e
1655 1876 1773 1908 tribus

1381 1925 1550 1953 enotatur
1610 1921 1772 1952 tubures.

1039 1835 1125 1865 berc
1154 1833 1350 1865 'subm-um.

1042 1881 1101 1916 113
1134 1882 1169 1908 et
1196 1877 1244 1908 ib.
1268 1880 1342 1918 96.‚

1039 1921 1313 1964 exemplaribus

1039 1966 1232 1999 Palladius
1264 1966 1338 1997 lau.
1377 1969 1434 2003 15,
1468 1968 1541 2003 20.;
1577 1964 1678 2006 Sept.
1707 1966 1772 2004 14.‚

1039 2011 1101 2042 ubi
1133 2010 1243 2041 etiam
1278 2021 1297 2041 e
1329 2010 1469 2041 duobus
1501 2009 1772 2050 exemplaribus

1039 2059 1209 2086 enotatur
1246 2055 1430 2086 tuburum.
1478 2053 1640 2084 Martial.
1672 2052 1772 2092 XIII,

1038 2101 1091 2130 42.
1118 2104 1153 2130 et
1174 2100 1241 2135 43..
1265 2098 1323 2128 ubi
1350 2098 1382 2128 iu
1408 2097 1558 2138 optimis
1583 2096 1772 2128 codicibus

1039 2143 1175 2185 legitur
1200 2143 1361 2181 tubures,
1388 2141 1421 2172 iu
1447 2141 1631 2172 nonnullis
1659 2142 1771 2173 tibu-

1037 2198 1102 2219 res.

1090 2230 1288 2272 serianum]
1329 2233 1383 2261 cst
1421 2239 1549 2260 nomen
1588 2229 1682 2260 alias
1718 2228 1770 2259 in-

1041 2275 1240 2317 cognitum.
1282 2273 1319 2305 Si
1345 2278 1443 2305 essct
1469 2273 1606 2313 pirum,
1633 2273 1773 2304 scribe-

1040 2331 1113 2351 rem
1146 2320 1361 2350 'liberianum
1389 2329 1407 2349 e
1433 2318 1528 2349 Ptin.
1557 2318 1581 2349 1.
1608 2329 1638 2348 c.
1664 2329 1691 2349 s.
1722 2320 1771 2349 16.

1039 2366 1058 2404 ἓ
1083 2366 1136 2394 55.

1083 2410 1115 2440 3.
1170 2405 1354 2446 Persicum]
1379 2417 1408 2436 c.
1440 2407 1489 2436 IS.
1509 2406 1529 2444 ἓ
1558 2407 1609 2437 10.

1083 2463 1203 2483 nomon
1241 2451 1390 2492 originis
1425 2460 1508 2481 suae
1548 2449 1671 2490 tenuit]
1715 2447 1771 2479 Cf.

1038 2497 1119 2528 Pliu
1149 2495 1221 2532 XV,
1246 2496 1296 2525 13.
1323 2495 1359 2525 111
1385 2499 1489 2525 totum
1514 2493 1648 2534 quidem
1676 2492 1771 2523 Per-

1039 2542 1129 2573 sica
1163 2539 1350 2581 peregriua
1383 2538 1485 2569 etiam
1517 2537 1623 2567 Asiae
1659 2536 1771 2567 Grae-

1039 2586 1179 2625 ciaeque
1203 2593 1273 2614 esse
1298 2593 1336 2613 ex
1357 2581 1493 2612 nonzine
1516 2580 1589 2621 ipso
1612 2585 1771 2621 apparet,

1039 2635 1142 2671 atque
1168 2638 1212 2658 ex
1243 2625 1423 2657 Perside
1454 2625 1648 2655 advecta.
1697 2623 1769 2655 Isi-

1040 2674 1149 2704 ‹lorus
1175 2669 1290 2707 xvll.
1314 2672 1352 2707 7,
1379 2672 1409 2699 7.
1448 2668 1681 2699 Persicum.
1715 2667 1768 2699 in-

1040 2716 1136 2758 quit,
1173 2718 1352 2750 vocatum,
1390 2712 1480 2753 quod
1511 2722 1584 2742 eam
1616 2712 1770 2743 arborem

1037 2762 1169 2803 primus
1194 2758 1229 2788 in
1247 2759 1404 2798 Aegypto
1427 2756 1547 2787 severit
1577 2756 1769 2795 Perseus,

1039 2813 1108 2845 qua
1141 2802 1175 2832 iu
1210 2811 1248 2831 re
1280 2811 1360 2830 cum
1393 2798 1540 2831 Persica
1566 2799 1677 2831 aliam
1710 2810 1769 2830 ar-

1039 2849 1183 2882 borem,
1226 2844 1421 2882 Perseum,
1461 2843 1650 2876 confusam
1689 2854 1769 2875 esse

1039 2889 1192 2924 tradidit
1217 2887 1362 2920 Plinius
1388 2888 1410 2919 l.
1437 2898 1466 2919 r.
