1799 3126
195 149 301 203 plina
344 142 598 206 haruspicum
641 145 681 182 et
724 154 771 182 ex
807 146 1021 197 praecepto
1058 142 1293 196 pontificum
1333 143 1495 184 verbum
1541 143 1617 184 hoc
1663 143 1739 184 sol-

196 205 324 246 lemne
355 198 671 261 sacriticantibus
704 202 781 248 est,
830 197 933 239 sicut
960 197 1158 239 Veranius
1195 212 1243 239 ex
1276 198 1404 252 primo
1439 199 1539 240 libro
1568 199 1739 240 Pictoris

196 261 250 302 ita
277 259 594 300 dissertationem
626 254 745 296 huius
776 254 885 296 verbi
915 259 1105 295 executus
1134 259 1213 295 cst:
1251 256 1357 297 Exta
1380 257 1652 310 porricz'unm,
1681 256 1741 297 dis

197 318 338 364 danto,
379 315 423 355 in
456 313 601 354 altaria
638 326 795 353 aramve
824 313 1002 366 socumve
1044 325 1132 352 eove
1171 325 1245 366 quo
1289 319 1378 352 exta
1414 312 1509 352 dari
1545 311 1741 352 debebunt.

158 374 402 417 allow-ricem
431 382 542 422 crg0‚
580 382 661 409 non
692 369 894 423 proicere,
932 367 1140 422 proprium
1172 367 1354 408 sacrificii
1381 367 1546 409 verbum
1579 372 1660 407 est:
1701 372 1741 408 ct

198 429 292 484 quia
322 426 421 469 dixit
441 425 654 467 Veranius:
682 426 725 466 in
750 439 864 466 aram
887 426 1064 478 socwnve
1095 438 1185 465 eove
1207 439 1281 479 quo
1311 432 1399 465 exta
1427 424 1520 463 dari
1545 423 1743 472 debebunt,

198 500 305 526 nunc
337 497 409 539 pro
438 496 504 524 ara
537 487 576 523 ct
605 480 694 522 foco
728 495 837 523 mare
870 479 1144 534 accipiendum
1176 485 1255 528 est,
1300 493 1388 520 cum
1417 478 1653 520 sacrificium
1684 478 1744 520 dis

157 542 316 585 5maris
347 540 513 581 dicatur.
570 538 641 579 Ait
671 537 799 578 enini:
1633 532 1636 535 “

369 597 443 643 Di,
474 596 611 651 quibus
640 595 850 649 <imperium
880 600 934 634 est
957 593 1103 647 pelam}
1131 605 1298 647 quorum
1326 605 1498 646 aequora
1524 605 1656 641 curro,

378 652 483 712 [soleis
510 652 630 691 laetus
659 665 724 704 eqo
749 651 819 691 hoc
848 649 1074 690 candentem
1097 649 1140 688 in
1169 648 1281 688 litore
1310 655 1469 688 taurum

366 709 604 750 constituam
634 714 722 747 ante
748 721 841 747 aras
869 707 950 747 voti
977 719 1088 752 reus,
1120 712 1283 758 emaque
1312 704 1434 744 salsos

369 765 594 806 Porrieimn
619 763 661 803 in
688 763 840 816 fluctus,
866 769 900 803 et
927 762 1022 802 vina
1050 761 1238 815 liquentia
1262 760 1440 814 fundam..

198 822 261 863 Ex
289 820 351 862 his
382 820 549 862 (locetur
580 820 619 859 in
647 832 755 859 mare
786 818 860 858 rito
890 816 1069 871 potuisse
1092 816 1254 871 porrici
1275 823 1383 864 ητα,
1409 828 1490 856 non
1512 813 1659 869 proici.

371 877 609 918 Constituam
638 883 726 916 ame
756 888 850 915 aras
877 874 959 915 voti
981 887 1083 913 reus.

199 936 310 976 Haec
340 947 415 975 vox
444 932 603 987 propria
631 944 835 972 sacrorum
865 934 936 978 est,
959 934 1006 969 ut
1030 942 1121 970 reus
1144 931 1310 968 vocetur
1338 926 1406 980 qui
1436 928 1620 979 suscepto
1650 928 1744 964 voto

200 1005 243 1032 se
273 989 504 1030 numinibus
536 988 697 1042 obligat,
727 989 934 1028 damnatus
958 990 1090 1025 autem
1119 982 1187 1037 qui
1214 981 1408 1036 promissa
1437 986 1530 1022 vota
1559 981 1635 1020 iani
1668 979 1745 1020 sol-

198 1047 266 1089 vit.
324 1046 402 1087 Sed
437 1046 486 1086 de
525 1044 602 1085 hoc
638 1058 720 1085 non
759 1057 861 1097 opus
897 1046 957 1083 est
996 1055 1018 1081 a
1056 1054 1120 1081 inc
1158 1039 1271 1093 plura
1307 1036 1496 1091 proferri,
1545 1049 1637 1076 cum
1684 1035 1745 1076 vir

133 1117 175 1159 [5]
200 1102 455 1165 doctissimus
492 1100 731 1142 Eustathius
774 1099 894 1154 paulo
937 1102 1029 1138 anto
1070 1096 1171 1137 hanc
1213 1100 1363 1149 partein
1408 1091 1562 1148 plenius
1604 1104 1745 1133 execu-

199 1165 264 1201 tus
296 1164 358 1199 sit.

160 868 187 909 6

291 1281 394 1323 mss.
421 1279 587 1312 ABGPS.

200 1336 362 1370 dictione
392 1335 567 1368 liternum<
595 1332 687 1365 coni.
716 1333 819 1366 Pont.
866 1331 932 1374 qui
961 1329 1089 1363 adiecit
1116 1327 1206 1360 Edd.
1234 1325 1372 1359 ABGP.
1509 1327 1541 1357 3.
1582 1325 1674 1357 ,Nam
1707 1335 1747 1356 ex

201 1384 290 1424 (om.
315 1384 365 1419 ct)
389 1380 485 1422 Sv-g
508 1381 556 1418 „2
577 1379 727 1421 Angl.“.
749 1396 793 1402 -—
817 1375 1076 1409 veneranm'us
1100 1373 1191 1413 (del.
1214 1376 1273 1410 ne)
1297 1371 1334 1403 A.
1357 1388 1400 1395 -
1423 1374 1471 1402 est
1496 1375 1656 1402 executus
1670 1368 1746 1401 BG.

201 1444 243 1451 —
277 1426 477 1468 poro-iciant
505 1424 561 1456 hs.
606 1423 812 1466 proricuit
842 1421 902 1453 [²5.
930 1437 971 1443 —
1002 1420 1055 1451 (Iis
1082 1419 1187 1450 danto
1212 1416 1302 1459 Sp-z
1325 1416 1393 1457 (gb
1420 1415 1505 1451 diis)
1532 1414 1613 1453 „Ita
1637 1413 1747 1445 refin—

200 1471 321 1504 ximus
346 1481 388 1502 ex
415 1468 578 1510 Scripto,
618 1468 654 1498 in
680 1478 767 1509 quo:
804 1465 1017 1508 porriciunlo
1044 1463 1247 1495 distantes*
1274 1462 1376 1492 Pont.
1423 1460 1475 1490 dis
1502 1463 1617 1491 tanto
1643 1459 1668 1489 Α
1696 1458 1745 1498 (Β

202 1517 239 1548 in
268 1516 362 1557 mg.)
396 1513 610 1546 GM12P267
636 1516 720 1550 (v-a
749 1512 848 1548 diis).
900 1510 953 1541 dis
986 1513 1065 1541 tato
1097 1507 1139 1538 B.
1188 1506 1384 1538 odistante
1411 1504 1472 1535 1³5.
1529 1503 1583 1534 dis
1614 1502 1746 1534 dando

202 1561 294 1593 PM3
320 1560 375 1598 (h.
400 1559 491 1596 ‹liis3
514 1570 530 1589 s
556 1558 667 1598 odis).
805 1557 835 1586 4.
876 1554 1011 1586 verbum
1036 1556 1126 1590 (oni.
1152 1552 1219 1592 est)
1245 1550 1288 1581 G.
1316 1566 1355 1573 —
1384 1560 1464 1580 non
1483 1558 1548 1590 pro
1570 1558 1635 1579 ara
1660 1546 1745 1588 clig.

202 1624 245 1629 —
271 1610 303 1637 et
324 1616 401 1648 pro
419 1605 502 1645 soco
529 1613 605 1643 v-g.
740 1602 774 1632 5.
812 1598 869 1641 Di]
895 1598 981 1630 Aen.
1001 1597 1039 1635 V,
1056 1599 1133 1628 235.
1156 1612 1195 1619 -
1219 1604 1371 1637 aequore
1395 1604 1493 1624 curro
1516 1592 1555 1623 A.
1599 1601 1748 1634 aequore

203 1660 315 1682 curvo
341 1648 377 1680 S.
402 1666 442 1671 —-
471 1648 526 1679 Ex
551 1647 600 1678 iis
624 1647 679 1677 vl.
703 1663 745 1668 —
770 1645 847 1676 ritu
873 1648 971 1684 (sup.
997 1642 1076 1673 add.
1105 1644 1138 1678 c)
1159 1639 1199 1671 B.
1338 1641 1368 1669 6.
1404 1647 1593 1669 sacrarum
1614 1635 1642 1666 Β
1665 1635 1748 1673 (AG

203 1705 224 1726 a
248 1706 281 1736 p.
307 1696 385 1730 ιιι).
420 1710 461 1716 -
498 1696 578 1723 vota
605 1702 683 1722 non
708 1690 809 1721 solvit
836 1687 969 1719 ich-b?
988 1686 1059 1728 (hg
1085 1685 1119 1717 in
1146 1694 1238 1726 ing-2
1262 1683 1363 1723 iam).
1404 1679 1560 1721 „Multis
1585 1679 1749 1721 disputat

202 1739 274 1771 Ios.
298 1736 462 1770 Castalio
487 1736 516 1767 Ι.
540 1735 577 1766 C.
609 1735 817 1767 Observatt.
851 1732 927 1763 dec.
954 1731 1026 1771 111,
1053 1742 1081 1762 c.
1107 1733 1139 1761 9.
1164 1728 1225 1760 hic
1252 1727 1327 1769 legi
1355 1726 1488 1757 debore
1514 1724 1662 1756 sublata
1686 1734 1749 1755 ne-

203 1783 371 1826 gatione:
411 1782 470 1824 qui
500 1780 671 1823 promissa
705 1780 787 1810 iam
820 1777 933 1809 soluit.
980 1776 1024 1807 At
1052 1772 1262 1806 Macrobius
1295 1770 1477 1812 intelligit
1510 1768 1631 1810 potius
1665 1778 1748 1799 eum

204 1827 351 1869 proprie
375 1827 445 1858 υοιί
471 1826 674 1857 damnatum
700 1821 902 1865 appellari,
940 1819 1001 1862 qui
1027 1818 1247 1861 promissum
1274 1820 1396 1847 votum
1422 1825 1501 1845 cum
1527 1824 1596 1844 non
1624 1811 1748 1852 solvit,
1798 1827 1799 1854 3

203 1872 235 1905 is
258 1873 406 1904 damnas
428 1870 505 1902 sive
527 1871 714 1901 damnatus
738 1868 930 1903 habeatur,
954 1868 994 1896 ut
1018 1864 1148 1895 solvat.
1189 1862 1318 1902 ltaque
1341 1857 1530 1901 praecedit
1554 1855 1749 1898 obligatio,
1798 1857 1799 1870 ¹

204 1928 313 1959 quam
331 1916 392 1958 qui
418 1914 605 1958 praestitit
627 1914 697 1946 voti
722 1923 799 1944 reus
827 1910 1001 1943 dicitur-⁴⁶
1026 1909 1131 1941 Pont.
1163 1924 1204 1930 —
1237 1905 1346 1948 paulo
1373 1903 1466 1945 ante]
1492 1902 1533 1934 In
1558 1899 1751 1944 deperdita

206 2027 291 2059 dum
339 2036 420 2057 esse
472 2021 599 2066 putavi
649 2032 729 2053 cum
778 2020 944 2052 Pontano

205 2081 350 2112 unoque
375 2068 513 2106 codice,
538 2077 647 2109 quum
673 2066 708 2097 in
734 2064 794 2096 his
821 2062 945 2094 verbis

208 2115 297 2148 insit
331 2123 440 2146 causa
477 2123 541 2144 cur
573 2110 721 2152 quidam
757 2107 945 2140 existima-

207 2163 290 2192 rent
316 2157 514 2200 Virgilium
539 2154 736 2197 scripsisse
766 2152 945 2194 proiciam.

208 2205 413 2238 Pronomen
441 2200 636 2233 relativum
664 2198 724 2241 qui
756 2196 947 2239 flagitaret

209 2249 356 2282 modum
383 2244 667 2279 coniunctivum.

255 2296 286 2325 3.
339 2293 434 2324 Exta
465 2289 695 2333 porriciuuto.
735 2285 788 2317 dis
822 2282 945 2324 danto]

212 2337 290 2370 Non
325 2335 471 2368 omnino
510 2331 749 2366 reficiendum
786 2333 842 2360 est
883 2339 947 2370 ge-

212 2381 382 2415 rundium
418 2379 567 2417 (lando,
615 2387 684 2418 qno
722 2373 950 2406 indicaretur

212 2427 341 2459 modus
366 2435 436 2467 quo
462 2421 710 2466 porriciantur
735 2422 827 2450 exta.
877 2415 948 2448 Sed

214 2471 344 2504 talium
383 2469 625 2501 formularum
663 2462 795 2496 rationi
830 2460 950 2503 magis

213 2514 512 2549 accommodatus
538 2522 619 2543 esse
644 2509 788 2541 videtur
816 2505 951 2547 repeti-

214 2565 272 2593 tus
310 2557 562 2600 imperativus.
610 2554 666 2587 Cf.
697 2554 808 2584 Varro
837 2551 880 2581 R.
907 2549 950 2581 R.

215 2606 335 2646 1,29‚
360 2603 421 2635 fin.
463 2602 522 2634 Sic
559 2609 690 2643 quoquc
725 2601 824 2629 esta
860 2594 952 2626 deis

216 2660 304 2681 cum
328 2649 514 2685 dabunt,
536 2644 759 2689 porricere
782 2639 953 2672 dicebant.

218 2693 297 2726 Liv.
329 2692 466 2732 XXIX,
491 2694 552 2731 27,
581 2691 613 2721 5.
658 2686 854 2719 Secundum
895 2692 954 2714 eas

217 2748 335 2781 preces
362 2738 471 2769 cruda
497 2740 576 2768 exta
600 2732 776 2770 victimae,
805 2728 858 2761 uti
884 2737 955 2759 mos

220 2787 291 2823 cst,
336 2782 377 2813 in
413 2791 529 2813 marc
567 2776 766 2820 porricit.
824 2771 957 2804 Festus

221 2825 317 2867 apud
339 2825 445 2858 Paul.
467 2825 533 2857 lib.
555 2822 649 2861 xlv,
668 2832 702 2862 p.
724 2821 803 2851 219.
828 2815 958 2849 Muell.

224 2870 486 2909 Porriciam‚
524 2878 628 2911 porro
660 2864 801 2897 iaciam.
855 2860 959 2893 Serv.

223 2912 269 2947 ad
283 2913 382 2946 hunc
394 2913 495 2956 Virg.
512 2913 646 2946 locum.
667 2907 798 2943 MueIl.
810 2904 959 2939 Etrusk.

1013 2018 1066 2055 ΙΙ,
1090 2028 1124 2057 p.
1153 2017 1244 2052 185„
1264 2013 1325 2054 qui
1351 2012 1493 2043 confert
1522 2009 1749 2049 Xenophont.

1013 2060 1125 2093 Anah.
1149 2058 1207 2097 IV,
1239 2060 1279 2096 3,
1308 2059 1359 2087 18.
1393 2050 1670 2095 σφαγιάσασθαι
1701 2051 1749 2090 εἰς

1014 2102 1078 2136 τὸν
1117 2098 1292 2142 ποταμὸν.
1354 2098 1536 2131 Orvillius
1569 2097 1612 2129 ad
1650 2096 1750 2128 Cha-

1014 2149 1075 2180 rit.
1100 2146 1201 2185 vlu,
1235 2148 1276 2185 2,
1313 2146 1349 2187 p?
1377 2145 1455 2175 662.
1498 2142 1683 2184 Hartnng.
1718 2140 1748 2181 l,

1015 2193 1324 2268 p'oioeclamnatns
1345 2236 1473 2271 autem,
1500 2229 1559 2271 qui
1579 2228 1750 2271 promissa

1017 2322 1201 2367 praesenti
1224 2320 1453 2357 habendum,
1480 2329 1549 2350 non
1579 2328 1642 2358 pro
1670 2327 1753 2358 per-

1793 2026 1799 2244 l

1015 2282 1084 2313 iam
1114 2277 1227 2319 soluit]
1266 2276 1377 2308 Solvit
1411 2279 1466 2306 est
1492 2284 1555 2315 pro
1588 2279 1751 2314 tempore
1791 2245 1799 2409 ἶ

1017 2371 1133 2407 fecto,
1172 2366 1265 2408 quod
1307 2363 1481 2396 statuisse
1514 2361 1686 2393 videntur
1724 2359 1752 2391 ii

1018 2414 1079 2456 qui
1126 2412 1350 2455 putaverunt
1392 2407 1625 2440 scribendum
1671 2414 1753 2435 esse

1018 2470 1098 2491 uon
1121 2457 1235 2489 solvit·
1273 2454 1320 2485 Ut
1346 2452 1381 2484 in
1406 2450 1542 2483 iudicio
1565 2460 1655 2487 τρυε,
1680 2448 1701 2480 i.
1721 2459 1751 2479 e.
1789 2413 1799 2514 l

1019 2547 1089 2580 voti
1120 2557 1198 2578 reus
1229 2543 1365 2575 dicitur
1396 2540 1458 2582 qui
1483 2542 1604 2570 votum
1630 2546 1756 2568 susce-

1019 2591 1095 2634 pit,
1148 2589 1219 2622 voti
1265 2588 1452 2618 damnatus
1499 2582 1560 2624 qui
1607 2590 1754 2622 compos

1020 2637 1140 2668 factus
1166 2636 1221 2664 est
1247 2630 1328 2662 eius
1356 2629 1421 2669 rei,
1446 2638 1511 2669 pro
1538 2636 1609 2667 qua
1632 2629 1755 2656 votum

1021 2677 1198 2719 suscepit,
1223 2678 1262 2706 ut
1285 2684 1379 2706 nunc
1402 2676 1526 2703 votum
1548 2669 1581 2700 ei
1608 2667 1657 2699 sit
1680 2666 1756 2698 soI-
1787 2656 1791 2734 1

1023 2723 1192 2757 vendum.
1234 2719 1290 2750 Cf.
1320 2717 1357 2756 Ι,
1386 2718 1450 2755 12,
1471 2716 1526 2745 31.
1575 2711 1678 2744 Serv.
1709 2710 1756 2743 ad

1022 2768 1061 2800 h.
1099 2766 1199 2807 Virg.
1243 2763 1268 2795 l.
1320 2761 1531 2801 lnterprett.
1573 2754 1673 2788 Livii
1709 2736 1793 2788 adi

1025 2811 1110 2850 Vll,
1146 2812 1208 2849 28,
1250 2808 1284 2839 4.
1336 2808 1373 2838 et
1417 2800 1591 2838 XXXIX,
1628 2801 1686 2839 11,

1026 2854 1172 2888 CorneI.
1209 2851 1337 2893 Nepot.
1383 2847 1428 2882 ad
1473 2845 1609 2879 Timol.
1648 2846 1689 2884 5,

1027 2898 1200 2934 Miinchu.
1237 2895 1321 2930 Gel.
1353 2894 1441 2928 Anz.
1472 2892 1571 2925 1845.
1604 2888 1648 2923 N.
1680 2888 1758 2920 219.

1018 2506 1229 2539 accusatus,
1263 2496 1459 2539 opponitur
1481 2495 1664 2531 damnato,
1700 2491 1754 2523 sic
1789 2516 1794 2651 ἰ

1723 2801 1756 2831 4.

1725 2845 1758 2875 3.
