1845 3126
188 16 242 57 32
815 19 1093 63 MACROBII

301 128 417 170 [Iane
447 129 547 170 milli
572 144 736 185 passum
768 132 840 187 qui
865 134 1000 175 vicerit
1027 141 1140 190 atque
1168 135 1318 177 duobus

301 185 523 240 Campanus
558 187 714 242 sonipes
755 189 967 231 submersor
1009 192 1140 233 nullus
1176 200 1355 248 sequetur

298 242 453 282 Maiore
479 243 628 297 spatio,
660 258 707 284 ac
735 244 911 287 diversus
940 247 1135 289 videbitur
1163 250 1234 290 ire.

187 297 285 337 ltem
320 297 359 336 in
387 297 488 338 libro
513 312 641 340 nono:

157 406 163 407 ἶ
300 354 359 395 Tu
386 355 487 395 milli
510 370 713 397 nummum
735 364 847 412 potes
876 371 956 398 ‘emo
987 372 1172 413 quaerere
1197 367 1359 401 centum.

147 407 289 450 &Milli
313 425 475 465 passum
508 412 606 453 dixit
637 426 709 467 pro
741 414 842 454 mille
869 415 1054 469 passibus
1088 421 1127 456 et
1157 417 1255 457 mille·
1282 430 1485 457 nummum
1519 430 1591 470 pro
1626 418 1730 459 mille

184 469 371 515 momnis,
417 473 634 523 aperteque
668 470 843 510 ostendit
871 472 973 511 mille
1003 476 1042 511 et
1075 472 1313 513 vocabulum
1350 486 1435 513 esse
1466 477 1505 513 et
1540 473 1728 527 singulari

186 535 354 563 numero
392 523 468 564 dici
509 530 548 565 et
580 539 715 566 casum
754 526 871 566 etiam
904 540 1045 581 capere
1086 528 1325 577 ablativum,
1368 529 1534 583 eiusque
1566 530 1728 584 plurati-

148 577 278 619 9vun1
320 593 406 620 esse
445 582 567 622 milia.
631 583 737 623 Mille
777 583 881 623 enim
924 598 1005 623 non
1048 597 1095 624 ex
1142 599 1188 625 eo
1230 585 1393 639 ponitur
1430 585 1538 639 quod
1579 585 1729 627 Graece

185 634 300 686 χίλια
340 636 545 686 dicuntur,
593 638 662 678 sed
700 639 810 692 quod
853 637 1008 692 χιλιάς,
1046 646 1084 681 et
1117 641 1220 682 sieut
1256 655 1334 682 una
1371 638 1509 694 χιλιὰς
1550 647 1589 682 et
1626 642 1729 683 duae

186 688 388 742 χιλιάδες,
434 693 487 734 ita
523 708 647 735 unum
676 696 777 736 mille
808 701 847 736 et
876 697 953 737 duo
979 698 1087 738 milia
1115 703 1265 739 veteres
1295 704 1402 738 certa
1431 703 1552 752 atque
1580 698 1730 739 directa

123 745 174 785 10
188 747 341 788 ratione
376 748 572 790 dicebant.
624 751 678 791 Et
714 751 813 792 heus
846 757 891 793 tu
921 752 1033 793 hisne
1058 759 1137 794 tam
1167 754 1295 794 doctis
1327 754 1434 803 viris,
1471 767 1642 808 quorum
1672 755 1728 795 M.

188 803 327 844 Cicero
356 810 395 845 et
424 807 551 847 Varro
578 806 797 848 imitatores
825 822 867 849 se
895 809 1128 862 gloriantur,
1158 810 1332 851 adimere
1361 810 1418 851 vis
1452 810 1491 851 in
1517 811 1727 852 verborum

187 861 357 901 comitiis
402 861 463 902 ius
511 863 769 917 suffragandi,
819 870 858 905 et
903 870 1106 920 tamquam
1154 867 1431 921 sexagenarios
1474 867 1644 908 maiores
1680 868 1729 909 de

276 949 379 992 [Mss.
404 950 558 984 ABGPS
581 952 638 993 (M
666 963 781 995 usque
806 953 850 986 ad
877 955 897 994 ὃ
921 955 984 995 9.).

186 1004 274 1041 (ΑΜ
299 1016 319 1037 a
347 1017 379 1048 p.
403 1010 468 1044 m.)
494 1006 536 1040 B.
572 1025 616 1032 —-
649 1020 845 1041 successor
869 1010 968 1042 Gell.
996 1013 1032 1042 et
1056 1009 1231 1042 Gerlach.
1266 1029 1309 1034 —-
1346 1011 1488 1043 nullam
1517 1012 1559 1043 G.
1594 1029 1637 1036 —
1676 1023 1730 1044 se-

187 1054 327 1091 quatur
355 1050 401 1082 vi.
433 1070 478 1077 —-
507 1053 638 1084 maiori
660 1053 692 1085 G
718 1053 761 1094 (S
787 1064 806 1086 a
833 1065 904 1085 sec.
933 1058 1012 1092 nr).
1063 1056 1194 1087 maiori
1219 1055 1259 1087 in
1286 1055 1385 1086 Gell.
1418 1060 1454 1087 et
1480 1056 1653 1088 Gerlach.
1684 1074 1730 1081 --

186 1105 227 1125 ac
253 1105 323 1126 om.
351 1095 411 1126 ch.
439 1113 480 1119 ——
501 1097 658 1129 diversus
679 1100 797 1139 forte
820 1100 993 1131 videbitur
1018 1099 1060 1131 G.
1092 1116 1134 1123 —
1162 1100 1261 1132 idem
1288 1100 1379 1132 Edd.
1413 1118 1451 1124 --
1493 1101 1526 1132 in
1553 1102 1611 1133 lib.
1633 1101 1728 1143 non]

185 1139 319 1181 fragm.
345 1142 401 1172 20.
439 1159 476 1164 —
516 1153 584 1173 uno
610 1153 679 1174 om.
707 1143 754 1173 M.
796 1161 839 1166 -
879 1155 983 1185 quem
1009 1149 1141 1176 centum
1167 1144 1203 1175 S.
1339 1148 1372 1176 8.
1416 1145 1503 1177 dixit
1524 1157 1595 1178 om.
1621 1146 1661 1178 A.
1686 1163 1730 1170 —

183 1194 247 1224 pro
276 1184 369 1216 mille
390 1196 529 1227 passus
561 1186 604 1218 G.
645 1205 690 1210 —
717 1198 781 1229 pro
807 1188 897 1219 milli
924 1200 1018 1231 pass.
1047 1194 1078 1221 et
1107 1189 1201 1220 mille
1231 1200 1405 1220 nummum
1439 1200 1509 1221 oin.
1542 1190 1583 1221 Β.
1621 1209 1663 1214 --
1698 1195 1731 1223 et

185 1228 277 1259 milli
297 1240 472 1261 nummum
498 1231 611 1263 dixit
637 1231 746 1271 Δι’-(ζ.
779 1249 820 1255 --·
849 1244 911 1274 pro
936 1233 1031 1264 milli
1052 1234 1200 1265 nummis
1222 1232 1260 1264 B.
1305 1245 1368 1275 pro
1391 1234 1484 1266 mille
1505 1246 1661 1266 nummos
1684 1235 1728 1267 G.

185 1290 231 1296 —
269 1274 485 1315 plurativum
513 1276 538 1306 A
570 1275 659 1307 Edd.
686 1276 851 1308 PSM¹23
884 1278 981 1309 Gell.
1007 1279 1028 1309 l.
1051 1289 1080 1309 c.
1126 1278 1318 1320 pluralem
1344 1277 1420 1309 BG.
1556 1282 1589 1311 9.
1629 1280 1730 1312 Mille

188 1342 195 1348 .
217 1340 223 1347 .
248 1318 421 1359 dicebant]
452 1318 497 1350 cf.
522 1320 620 1351 Gell.
648 1321 670 1351 l.
693 1332 721 1352 c.
746 1321 762 1363 ξ
788 1324 821 1352 8.
846 1339 889 1345 -
916 1334 981 1365 pro
1004 1334 1041 1354 eo
1070 1322 1167 1354 Gell.
1192 1323 1214 1354 l.
1238 1333 1267 1355 c.
1290 1340 1334 1346 —
1356 1321 1475 1364 χίλια
1497 1322 1605 1365 Sv-g.
1655 1325 1728 1356 chi-

186 1361 237 1393 lia
254 1362 496 1395 s-hABGPM.
544 1364 676 1406 χίλιοι
693 1365 789 1397 Gell.
807 1366 830 1399 l.
846 1378 874 1397 c.
901 1385 936 1389 —
964 1362 1107 1408 χιλιάς
1123 1366 1231 1409 Sv-g·
1279 1367 1403 1398 chilias
1427 1368 1670 1400 s-bAssGPM.
1686 1386 1729 1392 -

186 1417 258 1438 una
281 1407 406 1439 chilias
430 1408 519 1439 Mss.
547 1414 583 1440 et
606 1410 697 1441 Edd.
737 1429 780 1434 —-
821 1412 912 1444 duae
936 1411 1102 1443 chiliades
1127 1411 1215 1443 Mss.
1241 1415 1277 1443 et
1301 1412 1391 1443 Edd.
1427 1431 1462 1435 -
1503 1424 1609 1444 unum
1634 1414 1730 1446 mille

215 1474 222 1481 .
243 1475 250 1482 .
282 1451 379 1483 hisne
408 1457 479 1484 tam
512 1454 550 1493 (§
581 1456 648 1491 10.)
676 1465 745 1486 om.
780 1455 820 1486 A.
960 1459 1013 1487 10.
1056 1456 1328 1488 Etheustnhisne
1358 1455 1399 1488 B.
1453 1457 1500 1489 Et
1529 1456 1730 1490 eustachi.

193 1495 242 1526 Ne
267 1495 309 1527 G.
349 1514 393 1520 —
432 1498 585 1529 adimere
616 1499 682 1530 ius
709 1500 744 1530 in
769 1500 946 1532 verborum
979 1501 1184 1532 disseremus
1211 1504 1299 1538 (om.
1328 1501 1475 1533 comitiis
1500 1526 1530 1533 ..
1556 1503 1662 1544 plura
1688 1503 1731 1535 de

185 1539 261 1579 hoc)
282 1539 321 1571 Λ.
349 1558 383 1564 -
418 1542 597 1574 verborum
619 1554 786 1575 suorum
805 1546 951 1577 comitiis
974 1544 1010 1576 S.
1036 1563 1078 1568 —
1110 1545 1346 1588 sexagenario
1367 1544 1460 1577 coni.
1486 1545 1593 1578 Pont.

186 1626 284 1668 pida.
318 1628 422 1669 Quod
445 1629 618 1671 oppidum
640 1630 924 1672 intelligendum

186 1672 247 1747 sidt,
272 1672 408 1705 nescio.
454 1674 624 1707 Ceterum
651 1675 725 1709 vid.
751 1677 925 1710 Gerlach.

187 1725 204 1748 a
265 1717 286 1748 l.
315 1728 343 1748 c.

995 1634 1114 1663 tamen
1140 1643 1173 1673 p.
1200 1632 1307 1665 Rosc.
1335 1632 1410 1664 Am.
1437 1635 1492 1674 35,
1523 1636 1596 1667 100.
1625 1646 1730 1677 spec-

994 1680 1093 1708 tasse
1131 1676 1176 1708 ad
1210 1683 1369 1709 veterem
1410 1680 1589 1719 quandam
1625 1680 1732 1712 fabu-

994 1721 1085 1759 lam,
1131 1732 1173 1752 ex
1214 1732 1284 1762 qua
1320 1722 1477 1754 Romani
1520 1723 1731 1757 dicerentur

230 1764 262 1791 8.
296 1761 514 1803 vocabulum]
541 1761 563 1793 i.
583 1774 614 1794 e.
641 1764 923 1797 substantivum.

228 1806 460 1848 plurativum]
497 1807 598 1848 Apud
628 1808 790 1841 Gellium
818 1821 922 1852 prae-

186 1851 242 1880 ter
286 1851 405 1883 locum
452 1852 547 1883 unde
593 1852 684 1884 haec
729 1853 923 1895 desumpta

185 1898 270 1925 sunt
303 1895 395 1927 haec
428 1906 494 1928 vox
528 1897 665 1939 legitur
692 1897 732 1929 N.
759 1898 797 1931 A.
826 1898 922 1939 xlx,

186 1941 220 1976 e,
249 1940 288 1978 4;
314 1939 392 1980 xx,
410 1943 442 1976 6,
467 1942 486 1980 g
516 1943 546 1971 s
575 1946 610 1972 et
634 1943 654 1981 ς
682 1944 734 1973 11.

230 1985 260 2013 9.
309 1994 349 2014 cx
387 1995 423 2015 eo
458 1985 612 2027 ponitur]
659 1985 793 2018 Mirum
835 1998 923 2020 sane

186 2031 261 2065 est,
310 2028 403 2068 quod
448 2028 659 2061 Macrobius
699 2031 841 2072 respuit
886 2032 922 2064 id

185 2071 280 2113 quod
314 2072 408 2113 apud
445 2072 608 2105 Gellium
650 2074 807 2107 invenit:
845 2088 922 2119 pro

185 2127 223 2147 eo
246 2117 397 2158 ponitur.
430 2117 583 2150 Videtur
607 2118 686 2150 eius
715 2119 836 2151 animo
858 2122 923 2152 ob-

184 2165 372 2193 versatum
403 2172 485 2194 esse
517 2173 556 2195 ex
582 2174 619 2195 eo
633 2165 692 2205 fit,
719 2165 777 2196 vel
800 2164 923 2197 simile

186 2204 286 2246 quid.

234 2252 286 2281 10.
339 2249 373 2280 in
414 2250 590 2282 verborum
629 2252 789 2294 comitiis]
834 2252 856 2285 i.
892 2264 923 2285 e.

185 2292 221 2325 in
250 2293 425 2334 comitiis,
451 2294 511 2326 ubi
537 2295 580 2326 de
610 2297 732 2328 verbis
758 2297 925 2329 ferantur

185 2337 379 2381 suffragia.
433 2338 529 2370 Usus
567 2343 621 2372 est
660 2340 729 2372 hac
765 2343 925 2374 transla-

185 2382 304 2422 tione,
337 2386 376 2414 ut
408 2384 602 2424 proverbio
633 2386 728 2426 quod
756 2387 924 2428 sequitur

185 2427 334 2459 daretur
358 2427 474 2459 locus.

229 2473 479 2513 sexagenarios
499 2473 646 2506 maiores
671 2474 712 2506 dc
728 2480 831 2517 ponte
849 2475 922 2507 dei-

184 2516 265 2557 cies]
303 2516 462 2548 zennius
495 2518 668 2550 lectorem
701 2519 848 2559 delegat
876 2520 920 2551 ad

183 2560 330 2592 Erasmi
355 2560 508 2603 adagio,
548 2562 583 2603 1,
607 2565 646 2602 5,
675 2565 730 2595 37.
780 2564 922 2595 Macro—

183 2605 284 2636 hium
323 2616 404 2637 cum
438 2606 595 2638 Varrone
635 2608 730 2649 apud
763 2608 920 2641 Nonium

185 2649 406 2682 Marcellum
446 2651 495 2691 (s.
526 2662 558 2683 v.
593 2652 852 2695 Se.vagenarios
886 2666 920 2696 p.

183 2696 260 2726 523.
287 2695 342 2726 ed.
367 2695 481 2726 Merc.
515 2699 551 2728 et
575 2708 602 2728 s.
630 2708 662 2728 v.
693 2698 859 2730 Carnalcs
886 2710 920 2740 p.

185 2741 239 2769 86.
263 2742 299 2769 et
322 2750 351 2771 s.
374 2750 407 2771 v.
429 2740 587 2772 Murmur
606 2752 639 2782 p.
657 2743 755 2779 214.)
782 2746 817 2775 et
838 2753 920 2775 cum

184 2781 293 2813 Festo
336 2785 382 2823 (s.
415 2795 448 2817 v.
486 2785 745 2829 Sexagenarios
774 2799 807 2829 p.
842 2790 920 2820 334.

184 2826 313 2858 Muell.
342 2832 377 2859 et
410 2829 503 2870 apud
531 2830 636 2862 Paul.
665 2842 693 2863 s.
719 2842 752 2864 v.
782 2832 922 2875 Depon-

184 2871 259 2903 tani
284 2882 317 2912 p.
344 2874 417 2909 75.)
444 2874 588 2907 nonnisi
619 2876 663 2907 de
686 2875 919 2908 comitiorum

185 2919 294 2956 ponte
325 2916 510 2958 cogitasse
547 2922 664 2960 patet,
703 2920 920 2954 Ciceronem

992 1776 1099 1796 senes
1146 1766 1409 1808 sexagenarios
1453 1768 1496 1799 de
1541 1773 1649 1810 ponte
1693 1769 1730 1801 in

992 1808 1160 1841 Tiberim
1187 1810 1389 1852 deiecisse,
1415 1823 1529 1853 nuper
1555 1813 1667 1845 evicit
1690 1815 1728 1845 V.

992 1854 1032 1885 D.
1063 1853 1331 1898 Osenbriiggen
1358 1856 1393 1888 in
1421 1856 1526 1889 illius
1551 1858 1730 1890 orationis

991 1897 1153 1930 editione
1184 1911 1215 1941 p.
1243 1901 1286 1931 45
1311 1912 1409 1941 sqq.,
1452 1901 1540 1934 licet
1572 1902 1729 1935 Ovidius

991 1942 1090 1974 Fust.
1117 1943 1161 1981 V,
1200 1946 1262 1975 621
1293 1956 1391 1986 sqq.,
1428 1956 1533 1986 quem
1564 1947 1730 1988 sequitur

992 1987 1260 2029 {Iertzbergins
1286 1990 1338 2030 (p.
1362 1989 1450 2029 ὀᾶ),
1475 1990 1609 2023 dixerit
1634 1991 1729 2024 hane

990 2031 1153 2063 fabulam
1182 2043 1201 2063 e
1228 2033 1322 2065 falsa
1355 2033 1468 2075 prisci
1494 2034 1587 2067 ritus
1614 2035 1729 2068 inter-

991 2076 1196 2118 pretatione
1231 2082 1350 2109 natam
1392 2089 1492 2119 esse,
1533 2079 1594 2120 qui
1635 2080 1728 2113 ritus

992 2120 1152 2152 virorum
1197 2120 1397 2154 simulacra
1445 2127 1553 2165 (quos
1587 2124 1727 2167 Argeos

990 2164 1181 2207 dicebant)
1243 2166 1278 2197 in
1333 2166 1500 2199 Tiberim
1555 2168 1727 2203 mittendi

990 2215 1297 2242 commemoratur
1329 2211 1439 2243 etiam
1472 2222 1493 2244 a
1524 2212 1728 2247 Plutarcho

992 2254 1144 2295 Quaest.
1170 2254 1275 2287 Rom.
1298 2267 1327 2287 c.
1354 2258 1410 2287 32.
1439 2256 1519 2288 vid.
1546 2257 1724 2290 Klausen.

991 2309 1024 2340 p.
1055 2300 1119 2330 944
1150 2310 1203 2340 sq.
1241 2318 1284 2322 —
1325 2300 1464 2332 Deinde
1500 2303 1727 2335 constructio

989 2343 1183 2375 verborum
1206 2345 1461 2387 sexagenarios
1485 2347 1633 2379 maiores
1656 2358 1726 2379 non

990 2386 1068 2419 sine
1099 2398 1210 2420 causa
1239 2388 1395 2420 offendit
1420 2390 1637 2431 Pontanum,
1664 2391 1727 2434 qui

990 2436 1111 2464 tamen
1138 2443 1207 2464 non
1237 2434 1497 2476 sexagenario,
1530 2436 1593 2467 sed
1627 2447 1727 2469 sexa-

989 2477 1162 2520 genariis
1210 2477 1367 2510 debebat
1413 2489 1634 2520 proponere,
1689 2483 1727 2512 et

991 2525 1134 2562 poterat
1172 2521 1306 2553 afferre
1339 2521 1419 2554 Liv.
1456 2522 1566 2564 XLV,
1598 2525 1659 2563 15,
1694 2527 1723 2557 l.

979 2566 1084 2607 filius
1108 2566 1377 2608 quinquenni
1408 2567 1565 2608 maior,
1596 2571 1633 2599 et
1654 2567 1724 2601 Iul.

989 2609 1189 2651 capitolin.
1213 2610 1351 2641 Pertin.
1376 2611 1409 2641 4.
1438 2611 1565 2643 Factus
1587 2617 1636 2645 est
1660 2624 1725 2645 au—

988 2659 1054 2686 tem
1080 2655 1376 2697 sesag-cnario
1410 2656 1548 2687 maior
1573 2656 1724 2697 impera-

989 2703 1053 2731 tor.
1102 2697 1151 2729 Ut
1180 2697 1276 2730 enim
1305 2698 1430 2730 dicere
1456 2699 1545 2732 licet
1575 2701 1723 2734 maiores

988 2743 1175 2786 sexaginta
1208 2754 1317 2775 arnzos
1347 2744 1441 2784 nati,
1482 2744 1541 2776 vel
1577 2745 1725 2778 maiores

987 2797 1199 2830 sexagenum
1222 2798 1404 2830 annorum,
1426 2788 1492 2826 (cf.
1514 2788 1634 2822 Madv.
1657 2790 1723 2822 lat.

987 2831 1158 2874 Spraehl.
1176 2833 1197 2871 ἓ
1216 2834 1326 2871 586.)‚
1349 2831 1401 2864 ita
1427 2843 1601 2874 nusquam
1626 2835 1723 2875 apud

988 2876 1119 2908 bonnm
1157 2876 1376 2919 scriptorem
1411 2878 1522 2910 maior
1554 2877 1723 2919 iungitur

984 2920 1054 2954 hac
1079 2920 1221 2954 ratione
1245 2932 1326 2955 cum
1357 2921 1538 2956 eiusmodi
1565 2922 1722 2956 adiecti-
