1845 3126
182 36 251 79 -80
827 32 1102 76 MACROBII

128 147 182 190 23
195 147 276 202 pite
306 145 483 186 facimus.
547 142 721 184 Abunde
750 143 828 185 iam
866 145 1055 199 probasse
1093 157 1167 185 nos
1195 143 1362 185 aestimo
1393 143 1617 186 Saturnalia
1646 157 1728 186 uno

193 208 348 244 tantum
382 201 462 248 die,
492 199 531 240 id
563 204 622 240 est
652 204 795 253 quarto
825 200 979 241 decimo
1012 200 1230 248 Kalendas,
1260 200 1374 242 solita
1403 201 1610 242 celebrari:
1659 200 1728 242 sed

194 265 285 314 post
316 258 355 297 in
386 256 562 297 triduum
592 261 825 310 propagata,
874 257 1044 310 primum
1082 271 1129 298 ex
1165 256 1329 297 adiectis
1370 271 1391 297 a
1425 257 1596 299 Caesare
1638 256 1730 297 huic

194 314 318 355 mensi
348 312 506 362 diebus,
553 312 695 353 deinde
722 326 767 352 ex
798 312 928 353 edicto
959 313 1132 366 Augusti
1166 326 1246 366 quo
1278 313 1399 354 trium
1431 313 1583 354 dierum
1613 312 1727 353 serias

196 369 472 411 Saturnalibus
509 368 678 409 addixit:
730 382 751 408 a
792 374 901 409 sexto
943 368 1098 409 decimo
1137 368 1256 421 igitur
1291 375 1433 423 coepta
1468 369 1504 409 in
1542 374 1729 422 quartum

127 429 181 469 24
195 426 394 467 decimum
422 425 625 473 desinunt,
670 438 749 478 quo
778 425 863 465 solo
900 424 984 465 fieri
1015 430 1107 465 ante
1135 430 1432 466 consueverant.
1506 425 1583 466 Sed
1614 425 1729 479 Sigil-

194 482 384 523 lariorum
415 481 568 521 adiecta
597 481 803 522 celebritas
830 481 871 521 in
904 486 1054 536 septem
1085 480 1168 521 dies
1198 480 1418 522 discursum
1450 480 1654 535 publicum
1693 485 1732 521 et

193 538 383 580 laetitiam
409 537 610 591 religionis
641 537 828 578 extendit.

306 595 381 635 XI.
442 595 555 634 Tunc
584 593 826 647 Evangelus:
870 594 957 634 Hoc
990 592 1172 646 quidem,
1216 591 1368 646 inquit,
1414 591 1490 632 iam
1521 590 1621 632 ferre
1651 605 1733 632 non

128 663 394 707 [244]possum‚
415 649 522 704 quod
540 650 817 690 Praetextatus
842 655 979 690 noster
1002 649 1041 689 in
1065 648 1212 702 ingenii
1239 648 1299 688 sui
1325 662 1510 703 pompam
1538 653 1577 688 et
1600 653 1731 688 osten-

195 707 385 747 tationem
418 705 605 759 loquendi
635 705 695 746 vel
720 705 838 759 paulo
867 711 958 746 ante
985 704 1126 746 honori
1153 704 1318 745 alicuius
1349 704 1412 745 dei
1439 703 1636 758 adsignari
1664 717 1731 745 vo—

195 763 270 804 luit
299 762 407 817 quod
448 762 548 803 servi
584 775 673 802 cum
706 761 877 802 dominis
914 766 1184 809 vescerentur,
1229 760 1342 814 quasi
1371 774 1463 802 vero
1498 765 1640 800 curent
1674 759 1731 800 di-

196 819 287 860 vina
317 819 365 858 (le
396 817 516 858 servis
548 823 617 858 aut
647 817 804 871 sapiens
834 817 1047 871 quisquam
1080 816 1188 857 domi
1215 830 1310 857 suae
1340 816 1621 857 contumeliam
1651 820 1733 856 tam

194 875 333 916 foedae
364 873 564 914 societatis
594 873 789 922 admittat,
820 874 878 914 vel
909 887 1015 915 nunc
1038 873 1244 926 Sigillaria,
1275 886 1377 926 quae
1407 873 1537 913 lusum
1564 871 1734 926 reptanti

195 931 325 971 adhuc
354 929 539 970 infantiae
570 929 715 970 oscillis
747 929 932 970 fictilibus
960 929 1169 983 praebent,
1212 933 1380 982 temptat
1408 928 1540 969 officio
1576 927 1733 981 religio-

196 987 257 1027 nis
287 986 496 1035 ascribere,
527 991 566 1026 et
592 986 685 1040 quia
710 985 893 1040 princeps
925 985 1204 1039 religiosorum
1233 989 1408 1039 putatur,
1438 984 1628 1025 nonnulla
1655 984 1731 1024 iam

196 1048 236 1085 et
268 1042 560 1098 superstitionis
595 1042 805 1093 admiscet,
850 1041 964 1097 quasi
998 1055 1090 1084 vero
1121 1040 1236 1082 nobis
1264 1039 1321 1082 fas
1354 1054 1435 1082 non
1465 1040 1516 1082 sit
1546 1041 1733 1081 Praetex-

287 1171 392 1213 [Mss.
419 1170 585 1203 ABGPS.
630 1170 764 1209 (Vinde
796 1181 816 1203 a
842 1170 965 1203 verbis
993 1170 1113 1202 Iocone
1136 1181 1181 1202 αη
1209 1170 1308 1209 serio,
1333 1181 1361 1201 c.
1392 1171 1442 1201 ll.
1468 1170 1487 1209 ἓ
1513 1171 1564 1207 2.)

197 1237 237 1258 ex
262 1236 282 1258 a
305 1237 377 1257 sec.
402 1229 481 1264 m.).
506 1244 547 1249 —-
572 1231 693 1268 operto
719 1226 763 1257 G.
901 1228 956 1256 23.
994 1226 1131 1257 extimo
1158 1227 1211 1256 vl.
1260 1225 1424 1257 existimo
1450 1223 1579 1266 Sv3-g.
1604 1241 1649 1247 --
1674 1223 1735 1254 de-

196 1272 282 1303 cimo
308 1276 432 1313 quarto
458 1281 533 1313 c-g.
568 1288 610 1293 ——
645 1270 910 1301 Kalendarum
935 1270 1012 1310 (vel
1045 1271 1139 1310 Cal.)
1159 1270 1248 1301 Edd.
1273 1268 1341 1301 PS.
1380 1286 1424 1292 -
1462 1273 1674 1311 prorogata
1698 1267 1736 1300 S.

195 1333 236 1338 —-
259 1316 339 1347 huic
365 1326 483 1346 mense
509 1314 555 1347 vi.
586 1333 616 1338 —
642 1315 771 1346 decimo
792 1319 886 1347 sexto
908 1313 987 1345 cah.
1010 1332 1052 1339 —
1076 1315 1242 1346 decimum
1267 1318 1429 1356 quartum
1454 1323 1474 1345 a
1499 1313 1564 1351 (ch
1593 1312 1735 1350 XIIII).

288 1369 348 1401 XI.
401 1371 513 1412 Caput
545 1370 605 1401 XI.
658 1370 734 1401 Non
760 1380 831 1401 esse
858 1369 1139 1402 contemnendam
1164 1374 1288 1401 sortem
1309 1379 1497 1407 servorum,
1526 1379 1600 1400 cum
1629 1372 1661 1399 et
1686 1368 1736 1399 dii

197 1415 315 1447 horum
342 1425 459 1446 curam
484 1419 631 1457 gerant,
662 1419 692 1445 et
717 1415 842 1445 multos
867 1425 906 1446 ex
932 1414 985 1445 his
1002 1414 1147 1455 fideles,
1178 1413 1358 1456 providos,
1377 1414 1503 1453 sortes,
1526 1417 1558 1445 et
1580 1412 1735 1454 philoso-

192 1459 279 1502 phos
303 1469 436 1500 quoque
453 1459 568 1499 fuisse
593 1463 732 1490 constet.
784 1459 867 1489 Tum
898 1458 1162 1502 Sigillariorum
1183 1458 1282 1500 origo
1306 1468 1393 1499 quae
1409 1457 1533 1498 suerit.
1568 1456 1670 1488 ‹eh-b.

264 1505 294 1534 1.
334 1508 449 1535 noster
473 1503 610 1545 ingenii
634 1504 723 1541 (om.
749 1502 802 1539 in)
832 1502 872 1533 G.
905 1521 939 1525 —
970 1502 1078 1544 paulo
1105 1506 1193 1539 (om.
1220 1502 1291 1538 vel)
1318 1501 1352 1533 S.
1384 1519 1427 1526 —
1457 1501 1564 1544 paulo
1587 1500 1680 1544 ante]
1705 1512 1735 1533 e.

195 1550 250 1579 10.
274 1550 295 1583 ξ
319 1549 374 1578 22.
415 1565 458 1571 ·-
499 1558 587 1578 cura
617 1547 672 1578 sit
705 1547 789 1578 diis
817 1551 939 1579 tanta
970 1557 1033 1578 seu
1063 1551 1180 1579 curent
1206 1546 1263 1577 dii
1292 1547 1390 1577 ulla
1416 1545 1509 1577 coni.
1538 1546 1651 1577 Zeun.
1693 1564 1734 1568 -—

194 1592 325 1624 domui
344 1591 419 1622 BG.
446 1608 488 1614 —
509 1591 563 1622 vel
584 1591 774 1633 Sigillaria
799 1595 887 1628 (om.
911 1595 1019 1629 nunc)
1043 1602 1113 1622 s-z.
1136 1609 1178 1614 ——
1202 1590 1306 1632 minc]
1331 1601 1361 1621 e.
1392 1593 1440 1621 10.
1465 1589 1555 1631 §24.
1582 1607 1620 1613 -
1648 1600 1737 1632 qnae

193 1647 297 1668 usum
321 1638 363 1667 A.
391 1653 433 1659 —
459 1635 645 1667 sectilibus
669 1647 693 1676 g
719 1635 753 1666 in
781 1646 854 1678 mg.
891 1652 933 1658 —
960 1640 1004 1667 ut
1027 1640 1175 1676 putatur
1198 1635 1237 1666 A.
1263 1651 1304 1658 --
1331 1635 1398 1666 iam
1424 1639 1455 1667 et
1478 1634 1662 1666 APSvH2.
1703 1639 1736 1667 et

194 1684 285 1719 (0111.
311 1680 399 1721 iam)
426 1679 553 1722 BGi-g
585 1681 632 1720 „2
663 1680 809 1723 Angl.“.
857 1680 959 1712 etiam
982 1690 1057 1722 s-g.
1094 1696 1135 1702 —
1175 1689 1254 1711 vero
1274 1680 1337 1720 fas
1360 1680 1450 1720 (om.
1474 1679 1590 1717 uobis)
1617 1678 1654 1710 S.
1692 1696 1735 1702 -—

996 1793 1180 1826 addiderit
1205 1805 1273 1825 uon
1301 1795 1461 1825 constat:
1497 1792 1644 1835 Lipsius
1669 1793 1736 1826 Sa-

996 1843 1089 1871 tnrn.
1105 1839 1220 1870 Serm.
1243 1839 1270 1878 1,
1291 1841 1324 1879 3,
1351 1850 1382 1879 p.
1403 1841 1452 1870 17.
1479 1843 1604 1869 censet
1626 1848 1735 1879 quar-

193 1798 248 1827 31.
278 1795 463 1828 aestimata
489 1795 637 1834 aelati83
663 1794 716 1835 11,
745 1797 782 1835 1,
809 1797 840 1826 6.
867 1795 930 1827 atl—

192 1842 300 1872 mi.rtu
327 1840 528 1882 voluptatis.

239 1885 329 1916 Hinc
353 1890 402 1916 est
429 1884 518 1926 quod
544 1906 551 1914 .
570 1906 578 1915 .
604 1883 683 1915 huie
707 1883 768 1915 (leo
793 1893 930 1915 sacrum

192 1934 311 1971 aperto
341 1929 454 1971 capite
479 1927 661 1969 facimus]
707 1928 733 1958 A
760 1926 930 1969 Pelasgis

191 1978 228 2049 Et
247 1973 492 2057 fi;‘111§H2ercule
516 1972 613 2003 hunc
646 1971 755 2003 ritum
788 1972 932 2005 derivat

235 2074 290 2103 23.
341 2082 362 2102 a
407 2070 568 2112 Caesare]
612 2069 835 2101 Praenoinen
881 2070 929 2110 G,

190 2115 285 2158 quod
309 2115 367 2147 bis
391 2114 538 2146 additur
562 2125 673 2155 supra
693 2116 712 2154 ἓ
736 2117 781 2154 2,
808 2124 828 2145 a
855 2114 932 2156 ple-

191 2160 316 2202 risque
342 2159 447 2190 codd.
470 2170 555 2190 mss.
573 2170 602 2190 c.
632 2161 680 2189 ll,
700 2160 719 2198 ἓ
736 2161 789 2190 50.
815 2159 929 2190 abest.

236 2216 276 2237 ex
303 2204 412 2236 edicto
437 2204 601 2246 Augusti]
625 2204 684 2235 Cf.
706 2204 726 2242 ὃ
748 2204 778 2233 4.

235 2259 337 2292 trium
365 2259 493 2291 dierum
513 2258 642 2300 ferias]
671 2256 930 2299 „EtCaligula

190 2307 290 2345 post,
339 2308 378 2334 ut
415 2307 518 2334 notat
556 2302 772 2339 Suetonius,
819 2311 928 2332 unum

189 2357 332 2389 quoque
351 2346 503 2386 adiecit,
533 2357 611 2388 cap.
640 2350 690 2378 17.
718 2348 765 2378 Et
789 2351 826 2378 ut
852 2346 927 2377 lae—

189 2394 303 2425 titiam
333 2392 506 2434 publicam
538 2392 572 2423 in
600 2396 801 2433 perpetuum
841 2401 925 2432 quo-

190 2448 254 2479 que
277 2441 431 2479 augeret,
456 2436 582 2467 adiecit
610 2436 699 2467 diem
720 2435 924 2466 Saturnali-

188 2482 269 2520 bus,
310 2481 571 2523 appellavitque
598 2480 804 2512 Iuvenalem.
858 2478 925 2510 Dio

188 2524 262 2556 LX.
310 2525 475 2566 quintum
524 2524 773 2556 Saturnalium
828 2523 926 2554 hunc

188 2569 386 2601 eredidit.“
419 2571 530 2600 ΡοΝΤ.
576 2587 618 2593 -
662 2569 730 2600 Dio
772 2568 926 2600 Cassius

188 2613 289 2651 LIX,
314 2617 345 2645 6.
383 2609 667 2655 προςεπηύξησε,
695 2613 832 2653 inquit,
860 2609 925 2649 τὰς

186 2655 331 2696 ἐλπίδας
366 2654 488 2691 αὐτῶν
524 2654 570 2689 τά
606 2667 642 2688 τε
683 2655 822 2698 Κρόνια
855 2653 924 2688 ἐπὶ

186 2699 313 2734 πέντε
345 2698 512 2744 ἡμέρας
541 2698 776 2743 ἑορτάζεσθαι
806 2697 926 2733 κελεύ-

188 2754 252 2782 σας
275 2751 358 2785 cet.‚
388 2752 422 2778 et
447 2746 527 2786 Lx,
553 2748 607 2777 25.
634 2748 710 2784 τοῖς
733 2756 770 2777 τε
796 2743 925 2786 Κρονί-

188 2798 240 2825 01ς
275 2788 351 2830 τὴν
393 2788 586 2831 πέμπτην
635 2786 804 2832 ἡμέραν
849 2786 926 2831 τὴν

186 2831 571 2876 καταδειχθεῖσοῖν
621 2845 667 2867 τε
713 2830 796 2866 ὑπὸ
843 2831 924 2865 τοῦ

190 2874 331 2908 Γαΐου
364 2878 424 2909 καὶ,
451 2875 539 2919 μετὰ
568 2878 676 2911 τοῦτο
709 2878 923 2911 καταλυθεῖ-

184 2928 251 2951 σαν
283 2917 452 2954 ἀπέδωκε.
499 2923 678 2964 Quartum
713 2923 809 2955 diem
841 2921 922 2963 quis

998 1888 1071 1915 tum
1099 1883 1194 1915 diem
1232 1882 1427 1923 irrepsisse
1461 1881 1635 1914 extremis
1671 1892 1736 1914 an-

997 1927 1053 1959 nis
1074 1927 1242 1970 Augusti.
1288 1927 1345 1959 Cf.
1372 1927 1527 1958 Merkel.
1554 1927 1597 1958 ad
1627 1926 1733 1959 Ovid.

996 1972 1096 2005 Fast.
1122 1984 1155 2014 p.
1180 1982 1239 2004 xx.

1041 2026 1176 2069 coepta]
1201 2026 1256 2058 Cf.
1283 2028 1304 2066 S
1329 2029 1360 2058 2.
1384 2030 1533 2069 coepta
1556 2026 1732 2058 celebrari.

1043 2082 1099 2112 24.
1152 2081 1430 2124 Sigillariorum]
1464 2081 1519 2114 Cf.
1557 2093 1588 2113 c.
1627 2083 1678 2113 11.
1716 2081 1733 2124 §

998 2126 1042 2156 46
1067 2136 1143 2166 sqq.

1042 2170 1077 2201 in
1102 2174 1227 2212 septem
1254 2169 1342 2211 dies]
1369 2169 1424 2200 Cf.
1451 2170 1465 2209 ς
1490 2170 1523 2200 3.

1041 2223 1107 2261 XI,
1139 2226 1168 2256 l.
1214 2224 1336 2256 honori
1364 2223 1514 2255 alicuius
1543 2222 1611 2264 dei]
1649 2221 1672 2255 ἱ.
1703 2234 1733 2255 e.

996 2268 1127 2301 honori
1162 2268 1208 2300 ab
1247 2268 1372 2309 aliquo
1408 2268 1474 2299 deo
1513 2266 1630 2298 servis
1670 2267 1736 2299 tri-

995 2314 1095 2351 buto,
1125 2313 1169 2344 ef.
1200 2324 1229 2344 c.
1257 2315 1306 2343 10.
1334 2314 1353 2352 g
1375 2314 1432 2343 22.
1457 2312 1623 2344 delectari
1645 2312 1735 2344 euim

995 2358 1094 2390 deum
1119 2358 1244 2389 honore
1270 2368 1456 2389 servorum.

1039 2413 1138 2454 quasi
1161 2422 1240 2444 vero
1261 2417 1379 2444 curent
1405 2411 1526 2443 divina
1550 2411 1592 2443 de
1613 2410 1734 2452 servis]

992 2456 1092 2496 „Hie
1132 2457 1234 2488 loeus
1276 2457 1331 2489 vel
1371 2460 1566 2497 corruptus
1603 2458 1660 2486 est
1698 2460 1734 2487 et

993 2501 1234 2543 corrigendus
1275 2500 1368 2542 (vid.
1392 2510 1474 2541 app.
1502 2499 1623 2538 crit),
1658 2499 1732 2538 vel,

994 2546 1088 2587 quod
1129 2545 1243 2577 tutius
1281 2550 1317 2576 et
1356 2544 1490 2575 melius
1527 2543 1623 2574 forte
1665 2547 1733 2580 est,

994 2589 1193 2632 graecismi
1239 2592 1323 2620 sunt
1361 2586 1565 2625 statuendi,
1612 2586 1734 2618 divina

992 2645 1057 2675 pro
1083 2634 1133 2666 dii
1156 2637 1192 2664 et
1219 2633 1260 2664 ‹le
1294 2633 1401 2664 servis
1434 2642 1499 2673 pro
1527 2641 1658 2670 servos,
1694 2635 1733 2664 ut

990 2678 1078 2710 θεῖα
1103 2680 1138 2710 et
1166 2675 1362 2719 φροντίζειν
1384 2674 1502 2717 περί.“
1536 2675 1647 2706 ΖειῐΝ.
1688 2694 1722 2698 -

992 2722 1048 2754 Cf.
1070 2733 1099 2753 c.
1130 2723 1180 2752 17.
1207 2722 1227 2760 ἕ
1251 2723 1280 2751 l.
1308 2720 1462 2751 divina
1489 2719 1684 2750 voluerunt.

994 2820 1009 2861 ἕ
1035 2776 1167 2851 ἔῗοίἱὶίε
1184 2774 1368 2817 ficlilibus]
1396 2774 1453 2807 Cf.
1475 2775 1495 2814 ἓ
1513 2775 1568 2805 48.
1592 2777 1627 2805 et
1646 2784 1675 2804 c·
1699 2777 1731 2805 7.

1034 2875 1194 2917 princeps
1217 2872 1474 2917 religiosorum]
1498 2872 1554 2904 Cf.
1580 2884 1612 2904 c.
1637 2874 1690 2904 17.
1712 2872 1728 2914 §

994 2921 1022 2951 1.
1047 2930 1219 2952 sacrorum
1246 2918 1395 2951 omnium
1419 2918 1572 2960 praesul.
