1845 3126
187 35 242 77 90
824 28 1099 72 MACROBII

188 143 412 204 Zopyrione
447 139 569 182 servis
605 138 780 181 liberatis
814 139 987 195 dataque
1017 138 1175 182 civitate
1205 139 1421 194 peregrinis
1451 146 1491 182 et
1520 140 1632 182 saetis
1663 146 1720 182 ta-

120 204 174 246 34
188 201 290 244 bulis
320 211 432 240 novis
464 197 619 238 hostem
650 195 846 237 sustinere
886 200 1116 251 potuerunt.
1183 195 1418 238 Cleomenes
1453 197 1720 239 Lacedaemo-

185 258 297 304 nius,
343 267 433 294 eum
472 252 579 293 mille
613 257 653 293 et
687 251 891 307 quingenti
925 252 997 293 soli
1030 251 1335 293 Lacedaemonii
1371 253 1440 307 qui
1478 267 1586 294 arma
1619 254 1721 295 ferre

183 316 345 367 possent
384 308 694 372 superfuissent,
739 323 786 349 ex
822 308 944 350 servis
983 321 1105 348 manu
1142 308 1271 349 missis
1303 309 1541 350 bellatorum
1577 323 1720 372 novem

183 368 289 409 milia
325 365 573 419 conscripsit.
632 365 900 406 Athenienses
945 378 1107 419 quoque
1144 365 1391 419 consumptis
1431 366 1599 419 publicis
1635 365 1720 419 opi-

118 425 258 468 3511115
287 422 408 464 servis
435 422 657 462 libertatem
689 421 896 462 dederunt.
966 424 1046 470 Ae,
1086 434 1136 461 ne
1169 435 1208 460 m
1237 421 1321 461 solo
1351 421 1451 462 virili
1481 435 1578 462 sexu
1603 421 1719 462 aesti-

183 494 266 521 mes
295 480 398 520 inter
428 492 561 519 servos
594 477 770 519 extitisse
800 478 986 526 virtutes,
1032 476 1167 530 accipe
1203 477 1431 518 ancillarum
1463 476 1608 518 factum
1639 491 1719 518 non

184 537 314 578 minus
349 533 624 583 memorabile,
653 548 726 575 nee
753 547 834 589 quo
869 533 1007 575 utilius
1037 533 1093 573 rei
1125 533 1308 587 publicae
1338 534 1378 573 in
1406 534 1487 574 ulla
1512 533 1720 574 nobilitate

116 592 394 648 36repperias.
462 590 589 633 Nonis
620 590 732 631 Iuliis
767 590 871 632 diem
911 590 1054 630 festum
1098 603 1185 629 esse
1223 589 1454 630 ancillarum
1490 595 1570 630 tam
1601 590 1718 643 vulgo

182 655 323 690 notum
353 652 433 696 est,
478 652 524 688 ut
553 660 626 688 nee
659 647 772 701 origo
802 652 841 687 et
870 660 989 687 causa
1019 645 1257 686 celebritatis
1285 646 1421 699 ignota
1449 645 1511 686 sit.
1571 645 1719 686 Iunoni

182 707 287 747 enim
314 703 553 759 Caprotinae
583 702 646 744 die
669 703 736 744 illo
768 703 914 744 liberae
943 702 1090 757 pariter
1118 702 1364 765 ancillaeque
1395 702 1619 743 sacrificant
1643 702 1718 743 sub

181 763 323 804 arbore
357 760 548 824 caprifico
579 759 620 800 in
657 759 891 801 memoriam
923 759 1117 812 benignae
1149 758 1305 799 virtutis
1345 772 1447 813 quae
1482 758 1522 798 in
1558 758 1716 799 ancilla-

114 819 268 861 37rum
301 817 443 858 animis
475 830 546 871 pro
576 815 877 858 conservatione
906 815 1089 870 publicae
1120 814 1320 868 dignitatis
1351 814 1546 869 apparuit.
1614 815 1716 855 Nam

179 880 272 930 post
297 874 436 915 urbem
467 878 623 928 captam
655 887 745 914 eum
775 872 934 914 sedatus
962 876 1066 912 esset
1091 870 1266 912 Gallicus
1293 876 1438 919 motus,
1468 884 1530 911 res
1558 870 1717 924 publiea

178 945 272 973 vero
303 935 407 971 esset
431 929 479 970 ad
504 935 624 970 tenue
651 929 842 978 deducta,
870 927 1028 968 finitimi
1055 927 1367 981 oportunitatem
1399 926 1609 968 invadendi
1633 927 1715 967 Ro-

178 987 285 1029 mani
323 986 496 1028 nominis
534 986 721 1040 aucupati
751 984 1025 1040 praefecerunt
1061 984 1136 1024 sibi
1174 983 1428 1024 Postumium
1464 983 1620 1024 Livium
1650 982 1716 1023 Fi-

179 1043 381 1085 denatium
417 1042 667 1091 dictatorem,
712 1042 780 1097 qui
809 1041 1004 1082 mandatis
1035 1040 1083 1080 ad
1116 1044 1297 1080 senatum
1338 1039 1466 1080 missis
1501 1038 1717 1093 postulavit

177 1105 242 1149 ut,
282 1099 314 1140 si
342 1098 486 1141 vellent
512 1098 699 1152 reliquias
730 1112 825 1139 suae
855 1097 1022 1138 civitatis
1051 1109 1232 1145 manem,
1268 1100 1412 1136 matres
1444 1094 1614 1135 familiae
1641 1094 1713 1135 sibi

111 1155 165 1198 38
178 1161 217 1196 et
246 1156 416 1209 virgines
447 1154 697 1196 dederentur.
763 1154 949 1207 Cumque
981 1158 1111 1206 patres
1145 1157 1278 1193 essent
1305 1152 1343 1191 in
1374 1151 1534 1206 ancipiti
1567 1151 1713 1192 delibe-

178 1212 332 1253 ratione
361 1210 566 1266 suspensi,
604 1210 744 1252 aneilla
771 1210 934 1251 nomine
966 1208 1106 1251 Tutela
1140 1221 1212 1250 seu
1240 1208 1409 1249 Philotis
1445 1207 1620 1263 pollicita
1654 1211 1715 1248 est

261 1339 363 1381 [Mss
387 1339 584 1373 ABGPSV.

173 1395 352 1437 borysteni
379 1394 427 1426 de
460 1395 498 1427 V.
634 1395 690 1426 34.
734 1393 864 1426 dedere
896 1393 996 1434 (sup.
1033 1395 1131 1430 runt)
1163 1390 1200 1423 S.
1336 1393 1391 1423 35.
1435 1391 1622 1423 existimes
1651 1389 1711 1423 Sa.

173 1441 318 1472 extimes
346 1439 469 1481 xichg.
499 1456 541 1463 —-
575 1439 759 1471 memorale
785 1439 816 1479 (i
841 1448 933 1470 (31115.
961 1440 1044 1469 ante
1070 1437 1109 1473 α)
1137 1436 1178 1467 G.
1203 1453 1245 1459 —-
1279 1447 1325 1467 ac
1351 1447 1400 1467 ne
1425 1447 1490 1478 qno
1515 1435 1622 1477 Sv—g.

216 1486 272 1515 36.
306 1495 382 1516 nec
406 1495 513 1516 causa
545 1483 577 1516 G
598 1483 688 1514 Edd.
714 1482 783 1514 PV.
821 1500 864 1506 -—
896 1493 985 1524 quae
1011 1481 1218 1513 ancillarum
1243 1484 1333 1518 (0111.
1360 1480 1414 1520 in)
1440 1491 1518 1522 v-g.
1553 1498 1595 1503 —-
1632 1491 1713 1511 con-

172 1529 388 1561 versatione
409 1528 487 1560 BG.
624 1530 679 1559 37.
717 1538 771 1559 res
793 1537 872 1559 vero
894 1526 1034 1568 publica
1060 1537 1099 1557 v-
1081 1537 1139 1568 -g.
1170 1543 1212 1548 -—
1245 1526 1359 1557 ducta
1383 1526 1424 1557 A.
1449 1506 1713 1567 —t'fidenatum

173 1577 270 1616 (sup.
291 1574 380 1613 ium)
409 1573 451 1604 G.
476 1590 519 1595 ——
541 1575 670 1604 matres
684 1571 855 1613 familias
881 1574 960 1613 [sul
959 1582 982 1602 ›.
1008 1573 1044 1609 e)
1072 1551 1124 1602 S?
1133 1587 1174 1593 -
1201 1569 1252 1601 da
1264 1574 1381 1601 rentur
1405 1572 1502 1612 (sup.
1526 1569 1642 1607 dede.)
1665 1568 1710 1600 G.

304 1619 360 1649 38.
399 1617 522 1660 cytela
546 1617 608 1656 Λ,
614 1618 644 1657 ,1
668 1616 774 1659 Angl.
799 1616 944 1657 Dileta‚
971 1615 1067 1647 alter
1092 1614 1200 1657 Angl.
1233 1614 1423 1656 Cythela‘fl
1559 1615 1614 1644 40.
1651 1613 1712 1645 do-

1307 1728 1577 1761 Demosthenes
1611 1727 1711 1760 Phil.

805 1727 848 1764 H
869 1728 907 1764 δὲ
973 1726 1255 1782 ἐλευθέρους

170 1744 317 1765 tersum
344 1731 411 1764 Dio
432 1731 622 1784 Chrysost
647 1733 703 1772 36,
727 1733 782 1763 4.

974 1776 1002 1807 l.
1034 1776 1053 1814 §
1087 1776 1140 1806 36.
1181 1770 1360 1826 ἐμβαίνειν
1401 1771 1487 1811 mig
1526 1771 1713 1814 μετοίκους

170 1776 289 1817 πόλις,
314 1776 450 1830 inquit,
480 1773 503 1818 ἡ
530 1775 602 1808 τῶν
629 1775 907 1817 Βορυσθενιτῶν

169 1819 210 1854 τὸ
239 1820 394 1873 μέμθός
424 1818 518 1853 ἐστιν
549 1816 592 1852 οὗ
621 1818 711 1862 πρὸς
742 1818 808 1863 τὴν
838 1831 906 1852 πα-

169 1864 276 1898 λαιὰν
302 1862 413 1906 δόξαν
443 1861 502 1897 δια
533 1861 599 1903 τὰς
631 1867 787 1916 συνεχεῖς
813 1861 908 1897 ἁλω-

170 1919 239 1948 σεις
264 1909 325 1942 καὶ
348 1907 434 1947 τοὺς
458 1906 644 1949 πολέμους.
682 1904 743 1940 ἅτε
772 1906 841 1951 γὰρ
869 1906 907 1941 ἓν

168 1952 288 2007 μέσοις
309 1953 457 1985 οἰκοῦσα
474 1955 550 1990 τοῖς
568 1950 766 2006 βαρβάροις
778 1954 907 1985 τοσοῦ-

168 2009 233 2030 τον
262 1995 333 2040 ἤδη
361 1994 491 2040 χρόνον
521 1997 581 2029 καὶ
611 1995 753 2035 τούτοις
781 1994 906 2039 σχεδόν

167 2054 200 2074 τι
224 2044 299 2080 τοῖς
324 2038 623 2093 πολεμικωτάτοις
643 2038 697 2073 ἀει
722 2039 786 2082 μὲν
804 2043 907 2074 πολε·

165 2088 296 2128 μεῖται,
319 2083 486 2123 πολλάκις
511 2082 633 2117 δὲκαὶ
655 2082 796 2119 ἑάλωκε.

213 2133 266 2162 34.
320 2131 513 2163 Cleomenes
539 2154 546 2162 .
565 2154 572 2162 .
602 2141 642 2162 ea·
668 2131 774 2162 servis
799 2141 903 2162 manu

165 2175 280 2207 missis
309 2176 512 2207 bellatorum
543 2186 662 2207 novem
692 2175 793 2206 milia
823 2186 903 2206 con-

161 2220 314 2273 scripsit]
367 2218 589 2251 Plutarchus
638 2218 774 2250 Cleom.
826 2221 880 2250 11.

161 2260 449 2305 Αναπληρώσας,
478 2262 611 2315 inquit,
640 2259 681 2294 τὸ
707 2261 903 2304 πολίτευμα

165 2309 257 2346 τοῖς
285 2304 595 2360 χαριεστάτοις
622 2307 711 2339 τῶν
735 2307 903 2348 περιοί-

166 2363 247 2383 κων
309 2348 455 2390 ὁπλίτας
510 2351 901 2394 τετρακισχιλίους

164 2393 323 2438 ἐποίησε,
348 2397 391 2428 de
414 2396 545 2436 servis,
570 2397 664 2438 quod
691 2395 900 2436 51111111ῃί-

164 2440 232 2472 l1il.

208 2485 432 2517 Athenienses
455 2495 588 2527 quoque
614 2508 644 2516 ..

163 2534 268 2561 tatem
305 2530 484 2572 dederunt]
526 2530 660 2562 Servos
701 2529 900 2561 Athenien—

162 2573 257 2605 sium
287 2574 444 2616 primum
475 2585 661 2616 pugnasse
692 2574 729 2606 iu
759 2574 900 2617 proelio

163 2618 398 2652 Marathonio
423 2620 537 2651 refert
561 2619 765 2651 Pausanias
792 2619 820 2657 Ι,
844 2622 900 2658 32,

162 2665 215 2702 3.‚
264 2664 359 2704 quod
402 2675 445 2696 an
486 2675 612 2696 vernn]
662 2665 710 2696 sit
759 2663 900 2696 dubitat

164 2706 900 2750 3066111ιί65(9111111511.(1.Α111.1·(11.Ι.

165 2754 334 2793 Ι1.276..)
382 2754 579 2786 Praeterea
611 2753 704 2784 conf.
734 2753 899 2795 Xenoph.

163 2795 328 2846 Hell.1‚
359 2801 398 2838 6,
427 2801 481 2830 24.
522 2796 569 2830 Οἱ
598 2795 636 2830 δὲ
658 2794 842 2839 Ἀθηναῖοι
868 2820 900 2828 ..

161 2822 398 2880 ἐψηφίσαντο
420 2841 572 2884 βοηθεῖν
604 2840 733 2874 ναυσὶν
773 2838 901 2874 ἑκατὸν

162 2881 223 2915 καὶ
247 2881 350 2935 δέκα,
386 2883 629 2938 ἐσβιβιίζοντες
652 2898 738 2923 τους
761 2884 799 2919 ἐν
826 2881 900 2939 ἧλι-

164 2925 223 2958 nia
267 2909 431 2967 ἅπαντας
477 2928 547 2961 καὶ
596 2927 784 2968 δούλους
828 2928 900 2962 καὶ

672 2485 778 2517 servis
798 2485 899 2517 liber-

974 1817 1072 1858 ἔδοξε
1094 1817 1156 1850 καὶ
1179 1816 1265 1856 τοίς
1286 1829 1423 1871 χωρις
1453 1816 1710 1868 οἰκοῦντας,

972 1859 1032 1896 εἰτ’
1057 1874 1105 1895 αι
1109 1873 1194 1900 τους
1217 1872 1266 1894 πα
1259 1859 1323 1894 ’λιν
1345 1857 1622 1904 αντεμβιβάζειν.

1019 1908 1249 1939 361117101ιί
1289 1932 1295 1938 .
1313 1932 1319 1938 .
1375 1906 1598 1948 Caprotinae]
1656 1904 1711 1937 Cf.

975 1951 1087 1983 Varro
1112 1951 1151 1983 L.
1179 1951 1218 1983 L.
1246 1951 1310 1991 tl,
1331 1953 1372 1990 3,
1400 1953 1452 1982 le.
1491 1951 1612 1982 Nonae
1643 1951 1710 1981 Ca-

970 1997 1149 2038 protinae,
1190 1996 1280 2037 quod
1306 2006 1343 2027 eo
1367 1996 1421 2027 die
1448 1996 1483 2026 in
1512 1995 1613 2026 Latio
1642 1995 1708 2026 Iu—

971 2041 1074 2072 noni
1109 2040 1371 2082 Caprotinae
1406 2040 1564 2071 mulieres
1599 2039 1710 2070 sacri-

962 2085 1121 2126 ficantur
1142 2090 1172 2116 et
1195 2085 1254 2116 sub
1276 2085 1438 2126 caprifico
1453 2085 1608 2125 saciant.
1637 2086 1709 2115 Ar·-

972 2129 1052 2160 11011.
1076 2129 1140 2168 llI‚
1162 2131 1231 2167 30.‚
1256 2128 1317 2160 ubi
1343 2128 1415 2160 vid.
1440 2132 1512 2160 not.
1539 2128 1709 2160 Hildebr.

971 2173 1022 2205 Ad
1050 2183 1195 2216 capram
1210 2173 1440 2205 Amaltheam
1466 2184 1545 2204 cum
1564 2172 1710 2204 Eckhe-

971 2218 1022 2250 lio
1041 2218 1084 2249 (le
1101 2229 1234 2249 numm.
1253 2222 1338 2249 vett.
1354 2218 1392 2257 V,
1409 2229 1442 2260 p.
1457 2219 1535 2248 295.
1552 2217 1623 2249 hoc
1643 2228 1708 2249 no-

969 2274 1050 2295 men
1070 2263 1182 2294 refert
1195 2262 1434 2305 Boettigerus
1450 2262 1502 2293 ld.
1519 2261 1565 2293 11.
1579 2273 1613 2304 p.
1627 2264 1706 2293 226.

1013 2310 1066 2339 37.
1118 2307 1207 2339 Nam
1226 2312 1302 2349 post
1326 2308 1440 2339 urbem
1464 2311 1600 2349 captam
1624 2305 1706 2349 cet.]

968 2352 1023 2385 cf.
1046 2352 1143 2384 infra
1169 2352 1235 2389 111
1260 2353 1389 2391 2‚14.,
1419 2350 1608 2382 Plutarch
1633 2351 1707 2383 Ro-

969 2398 1057 2429 mul.
1082 2399 1136 2428 29.
1162 2399 1198 2428 et
1220 2395 1365 2428 Camill
1386 2398 1439 2427 33.
1468 2395 1625 2428 Vari-ol.
1652 2407 1683 2427 c.

1011 2447 1138 2474 matres
1166 2441 1330 2481 familiae
1364 2446 1396 2472 et
1434 2439 1604 2492 virgines]
1643 2439 1705 2472 Sic

966 2480 1408 2518 P111t.Rom.1.c.¹Av
1443 2483 1508 2516 οὐν
1539 2481 1705 2537 πέμψωσι

968 2527 1232 2581 παρθένους
1273 2539 1309 2561 τε
1352 2525 1484 2570 συχνὰς
1521 2526 1594 2559 καὶ
1635 2539 1704 2569 γυ-

968 2574 1134 2607 ναικῶν
1156 2584 1232 2610 τας
1256 2569 1521 2624 ανανδρους,
1547 2571 1611 2603 sed
1633 2571 1706 2604 Ca-

969 2620 1059 2651 mill.
1079 2619 1101 2650 l.
1117 2629 1146 2649 c.
1170 2616 1282 2649 αἰτεῖν
1303 2625 1412 2668 παρα
1427 2615 1498 2648 τῶν
1521 2612 1704 2656 Ρωμαίων

967 2658 1226 2705 παρθένους
1254 2656 1497 2702 ἐλευθέρας
1520 2662 1704 2702 γυναῖκας.

1011 2711 1066 2739 38.
1123 2706 1253 2737 ancilla
1295 2706 1430 2736 nomine
1476 2705 1599 2736 'I'utela
1644 2716 1703 2738 seu

970 2749 1419 2804 Philotis11‘1nt.R0m.l.
1442 2760 1473 2780 e
1494 2745 1655 2789 θεραπαι
1657 2760 1704 2781 να

972 2797 1169 2835 Φιλωτις,
1193 2805 1241 2832 ως
1266 2789 1296 2826 δ’
1320 2791 1406 2826 ἔνιοι
1428 2790 1579 2834 λέγουσι,
1597 2794 1701 2825 Του-

966 2837 1074 2872 τόλα
1107 2834 1326 2892 καλουμένη,
1371 2840 1407 2869 et
1441 2837 1700 2870 Canni11.1.c.

966 2882 1212 2937 θεραπαινίδα
1235 2880 1396 2923 τοῦνομα
1424 2878 1700 2925 Τουτουλαν,

968 2941 1016 2967 ως
1041 2924 1073 2961 δ’
1097 2925 1182 2961 ἔνιοι
1207 2924 1356 2969 λέγουσι,
1388 2925 1623 2958 Φιλωτίδα.
