1845 3131
202 43 286 87 288
838 42 1112 85 MACROBII

163 157 320 197 ficausa
356 155 451 194 haec
487 157 557 192 cst.
636 152 801 192 Veteres
842 152 995 193 nullum
1030 152 1174 194 animal
1211 167 1366 196 sacrum
1400 155 1438 196 in
1478 156 1624 199 finibus
1663 157 1745 198 suis

202 226 288 253 esse
324 209 594 264 patiebantur,
636 208 704 248 sed
735 207 947 261 abigebant
984 209 1032 249 ad
1065 209 1162 249 fines
1198 209 1362 251 deorum
1407 213 1552 266 quibus
1588 228 1744 254 sacrum

203 271 324 308 esset:
369 264 520 304 animas
558 277 650 304 vero
690 270 936 304 sacratorum
980 264 1211 313 hominum,
1261 280 1362 320 quos
1399 272 1418 292 '⁸‘
1451 283 1568 310 zanas
1601 270 1744 311 Graeci

164 326 362 369 7vocant,
401 320 460 360 dis
491 319 643 360 debitas
676 320 949 361 aestimabant.
1015 321 1366 370 Quemadmodum
1397 323 1517 376 igitur
1544 326 1652 379 quod
1682 340 1742 366 sa-

200 391 309 419 crum
343 377 390 417 ad
419 376 513 417 deos
544 376 649 429 ipsos
678 376 780 417 mitti
811 391 891 416 non
930 382 1085 431 poterat
1133 390 1153 417 a
1193 391 1234 417 se
1273 383 1404 418 tamen
1437 380 1634 422 dimittere
1663 396 1743 422 non

200 434 456 481 dubitabant,
504 432 559 472 sic
589 433 762 481 animas,
810 446 908 486 quas
939 446 1067 473 sacras
1101 433 1138 473 in
1174 434 1325 474 caelum
1360 434 1462 475 mitti
1494 451 1611 490 posse
1640 438 1742 478 arbi-

199 490 290 531 trati
335 494 442 537 sunt,
491 488 668 529 viduatas
715 502 881 542 corpore
929 503 1047 542 quam
1092 489 1262 543 primum
1308 490 1364 531 ire
1408 491 1473 532 illo
1518 493 1741 533 voluerunt.

161 547 389 600 &Disputat
431 545 478 585 dc
517 544 592 585 hoc
632 558 742 585 more
784 545 900 585 etiam
938 546 1146 585 Trebatius
1182 546 1434 599 Religionum
1478 548 1578 589 libro
1622 564 1742 598 nono,

199 603 312 643 cuius
345 600 585 654 exemplum,
630 615 679 641 ne
715 601 786 641 sim
824 601 1024 655 prolixus,
1069 601 1194 642 omisi.
1255 603 1329 643 Cui
1364 603 1471 643 cordi
1509 611 1567 645 est
1601 605 1742 658 legere,

202 659 296 700 satis
326 658 469 697 habeat
497 662 536 696 et
562 662 763 697 auctorem
793 662 831 697 et
861 657 1072 698 voluminis
1103 658 1280 698 ordinem
1310 672 1394 699 esse
1426 666 1702 702 monstratum.

132 728 198 771 [22]
317 714 422 754 VllI.
497 713 789 754 Nonnullorum
843 727 946 766 quae
991 713 1251 754 scientissime
1300 716 1450 770 prolata
1501 723 1593 758 sunt
1642 717 1743 758 male

201 769 444 811 enuntiando
476 768 769 822 corrumpimus
801 768 1054 821 dignitatem,
1087 775 1133 810 ut
1163 770 1324 823 quidam
1352 771 1509 824 legunt:

369 825 532 866 Discedo
564 840 610 866 ac
641 826 799 866 ducente
829 826 901 865 dea
923 826 1121 879 flammam
1148 828 1249 867 inter
1277 835 1309 868 et
1335 828 1458 869 hostes

367 880 586 935 Expedior,

158 941 288 981 ileum
319 937 382 977 ille
410 936 640 977 doctissime
672 934 836 976 dixerit:
879 936 1039 977 ducente
1069 937 1156 985 deo,
1198 951 1277 978 non
1305 938 1386 980 dea.
1437 939 1537 981 Nam
1569 945 1607 980 et
1634 939 1740 994 apud

198 994 361 1037 Calvum
395 992 609 1034 Aterianus
641 991 825 1033 adfirmat
856 992 1088 1046 legendum:

286 1123 389 1166 [mss.
416 1122 581 1154 Assces,

195 1181 257 1211 bus
284 1179 326 1210 G.
361 1195 405 1202 -—
441 1189 573 1209 sacrum
603 1181 700 1219 (sup.
726 1178 808 1209 add.
828 1177 882 1218 at)
911 1177 953 1209 B.
988 1196 1030 1202 —-
1066 1189 1251 1210 sacrorum
1278 1178 1375 1220 (sup.
1400 1181 1454 1214 at)
1478 1177 1518 1210 B.
1553 1196 1596 1202 —
1632 1189 1741 1210 :anas

199 1224 322 1255 Gracci
347 1222 676 1254 AssGPMi231’5cz
705 1222 775 1259 (1²2
800 1234 936 1260 zunan,
963 1234 1041 1265 sup.
1067 1235 1103 1261 ε,-
1135 1223 1168 1254 in
1197 1223 1220 1254 S
1249 1228 1304 1254 est
1328 1223 1457 1254 lacuna
1483 1227 1567 1254 ante
1587 1224 1739 1266 graeci).

193 1265 352 1308 ζεόανας
381 1268 503 1299 Gracci
534 1266 578 1299 vi.
623 1267 747 1298 Graeci
771 1263 927 1305 ζωάνας
951 1268 1024 1298 e-b.
1065 1285 1102 1291 —
1142 1268 1407 1300 existimabant
1435 1267 1567 1308 Sv-gb.
1705 1271 1736 1299 7.

195 1313 382 1344 demittere
407 1312 492 1343 Avi.
528 1330 569 1333 —
609 1312 784 1343 dubitant
811 1322 890 1353 v-g.
933 1329 974 1333 —
1016 1312 1076 1342 illo
1102 1312 1150 1343 irc
1176 1311 1346 1344 Ed‹l.PS.
1485 1315 1516 1342 ὃ.
1560 1312 1620 1343 hoc
1647 1323 1738 1343 rnorc

195 1361 295 1398 (sup.
326 1357 408 1387 add.
434 1357 492 1393 dc)
520 1356 558 1386 Α.

284 1411 377 1442 vili.
430 1411 541 1452 Caput
579 1410 676 1441 ΓΙΙΙ,
730 1410 826 1450 Quac
861 1409 950 1440 male
981 1409 1195 1440 enuntiando
1229 1411 1325 1452 apud
1357 1412 1550 1454 Vergilium
1585 1422 1736 1442 corrum-

191 1461 334 1498 pantur.
384 1456 427 1486 Et
453 1455 542 1496 quod
569 1465 608 1485 ea
632 1466 691 1485 nec
716 1455 851 1485 ratione
874 1455 969 1495 apud
995 1454 1083 1485 hunc
1105 1459 1242 1496 poetam
1269 1462 1430 1496 careant,
1472 1466 1560 1497 quac
1585 1456 1736 1495 fortuita

192 1511 262 1532 csse
288 1500 468 1531 videntur.-
504 1510 578 1530 cum
607 1499 686 1530 aliis
711 1499 929 1541 quibusdam.
963 1498 1064 1529 viz-b.
1133 1500 1214 1541 (ἀμ
1255 1500 1334 1531 1'11.
1378 1501 1474 1540 Quae
1500 1500 1590 1532 male
1625 1511 1735 1531 cuun-

192 1545 316 1576 ciando
339 1548 602 1585 corrumpantur
621 1544 715 1584 apud
734 1544 921 1574 Maronem.
949 1543 1017 1574 v3i.
1073 1542 1169 1583 Quae
1194 1544 1416 1576 scientissime
1439 1545 1578 1586 prolata
1605 1556 1625 1575 a
1650 1556 1736 1576 non-

192 1590 298 1620 nullis
320 1589 410 1619 male
428 1588 643 1619 enunciando
663 1592 938 1630 corrumpantur.
973 1588 1056 1629 Cap.
1078 1598 1091 1616 x
1108 1589 1131 1617 Ι.
1240 1590 1266 1618 i.
1310 1589 1467 1630 Discedo]
1483 1589 1568 1619 Aen.
1586 1589 1631 1628 11,
1647 1590 1736 1628 632„

193 1633 253 1664 ubi
281 1632 418 1674 legitur
444 1632 648 1663 Desrendo.
665 1650 706 1654 —
738 1632 941 1663 Discedunt
962 1636 1058 1673 (sup.
1085 1633 1245 1669 escendo)
1265 1632 1298 1663 S.
1316 1651 1358 1655 —
1383 1633 1454 1664 hac
1480 1634 1621 1665 ducente
1638 1635 1691 1663 vi.

236 1681 268 1709 2.
301 1678 468 1710 Caluium
493 1677 551 1708 [²2.
577 1694 607 1699 -
638 1677 825 1708 ,itm-ianus
849 1676 981 1718 scripsi
1007 1688 1025 1707 c
1048 1676 1141 1708 coni.
1187 1678 1401 1710 Acten-ianus
1415 1678 1503 1709 Edd.
1523 1678 1561 1709 P.
1600 1678 1735 1710 Acthe-

192 1802 398 1841 homines,
435 1812 574 1843 quorum
599 1802 715 1843 capita
741 1801 807 1832 diis
836 1801 928 1841 infe-
1004 1800 1206 1832 Mamertini
1231 1812 1261 1842 p,
1291 1803 1377 1840 158.
1405 1805 1438 1833 et
1463 1812 1491 1832 s-
1520 1811 1547 1833 v.
1579 1801 1735 1833 Sacrani

191 1850 238 1878 ris
264 1848 381 1878 dicata
407 1851 484 1877 sunt
516 1851 546 1877 ct
578 1847 714 1877 devota.
765 1846 853 1877 vide
884 1857 927 1878 un
998 1856 1031 1886 p.
1055 1847 1113 1876 321
1142 1869 1149 1884 ‚
1188 1845 1344 1876 Nonium
1371 1857 1389 1876 e
1415 1845 1569 1877 Sisenna
1596 1857 1627 1887 μ.
1653 1848 1732 1885 522,

190 1892 261 1922 lino
295 1894 436 1933 spectet
478 1890 568 1921 illud
605 1890 711 1921 Pauli
745 1890 789 1921 ad
825 1891 928 1922 Rom.
1002 1892 1050 1921 14.
1090 1890 1157 1928 M..
1206 1889 1373 1922 Servium
1423 1889 1457 1921 in
1501 1890 1600 1933 Virg.
1642 1889 1730 1922 Aen.

191 1948 220 1966 c.
252 1939 290 1976 9,
321 1947 352 1965 v.
385 1938 415 1965 3.
451 1934 611 1976 optantis
652 1945 714 1975 pro
752 1934 927 1967 fratribus
997 1934 1074 1973 vll.
1101 1937 1177 1965 796.

190 1979 269 2011 fieri
312 1980 546 2011 anatlieinaf‘
590 1979 701 2010 Pom.
743 1997 783 2002 —
826 1979 927 2011 Festi
1041 1978 1281 2020 quos*zanas
1300 1978 1424 2009 Graeci
1442 1977 1626 2020 vocaut]H
1651 1977 1731 2010 Ste-

189 2025 301 2055 verim
332 2024 425 2054 haec
462 2028 562 2054 sunt:
603 2022 679 2054 Lib.
718 2023 855 2063 XVIII,
893 2035 924 2064 p.
996 2023 1138 2063 plmnus
1172 2021 1206 2053 in
1233 2020 1346 2052 Thes.
1376 2022 1438 2052 Gr.
1469 2023 1491 2053 Ι.
1526 2034 1554 2053 s.
1583 2033 1613 2053 v.
1648 2018 1731 2061 ξόα-

190 2071 267 2099 318.
306 2068 434 2098 Mucii.
482 2068 607 2098 Homo
647 2078 770 2098 sacer
810 2068 838 2098 is
880 2073 927 2099 est
993 2076 1059 2097 νον
1093 2066 1204 2097 refert
1231 2064 1397 2096 Caelium
1422 2066 1582 2107 Rhodig.
1611 2066 1730 2107 Antiq.

190 2124 287 2154 quem
329 2112 479 2154 populus
523 2111 692 2142 iudicauit
736 2112 774 2142 ob
816 2112 924 2142 male·
996 2109 1094 2141 Lcct.
1121 2109 1201 2149 ΧΠ,
1232 2111 1281 2139 ii.
1310 2109 1431 2140 (licere
1455 2107 1586 2149 ζόανας
1608 2111 1729 2142 vocari

180 2157 322 2198 ficium:
363 2167 471 2198 neque
505 2157 567 2194 sas
608 2161 655 2186 cst
691 2166 765 2186 eum
805 2156 925 2186 immo-
995 2159 1157 2185 sacratos
1183 2153 1363 2184 homines.
1406 2154 1475 2185 Sed
1508 2155 1588 2186 ride
1613 2166 1655 2186 ue
1680 2154 1729 2186 sit

189 2201 277 2240 lari‚
310 2201 369 2231 sed
400 2202 458 2241 qui
490 2200 613 2231 occidit
641 2199 827 2240 parricidii
859 2210 924 2230 non
995 2210 1103 2229 zanas
1134 2204 1252 2229 ortum
1287 2209 1305 2228 e
1337 2198 1551 2231 detruncata
1585 2199 1727 2230 Graeca

189 2246 396 2284 damnatur,
431 2255 511 2275 nam
538 2244 615 2285 lege
640 2244 824 2274 tribunicia
849 2245 923 2285 pri·
994 2253 1102 2281 voce,
1139 2247 1173 2273 et
1211 2242 1405 2283 legendum
1441 2255 1524 2285 quos
1555 2238 1728 2284 ἀναθή-

188 2301 244 2321 rna
270 2293 428 2325 cavetur,
465 2289 505 2319 si
537 2288 632 2329 quis
663 2299 750 2319 eum
784 2289 925 2329 quiec
991 2297 1109 2327 ματα
1153 2287 1277 2318 Graeci
1317 2292 1456 2327 vocant⁷
1506 2288 1563 2318 vei
1604 2287 1728 2319 simile

186 2334 330 2376 plebei
364 2333 470 2364 scito
507 2342 630 2362 sacer
666 2332 719 2363 sit
758 2333 923 2363 occide·
994 2331 1091 2372 quid.
1136 2330 1298 2369 Scilicet,
1327 2331 1356 2362 si
1387 2331 1572 2372 (inplicata
1604 2331 1728 2363 littera

189 2379 266 2417 rit,
299 2377 535 2419 parricida
573 2386 622 2407 ne
656 2376 728 2407 sit.-
778 2387 816 2407 ως
860 2388 925 2418 quo
993 2386 1008 2406 s
1033 2375 1210 2416 scriptum
1239 2381 1318 2406 erat
1345 2387 1427 2417 quos
1450 2374 1644 2410 ZANAQD..
1672 2376 1726 2408 fa-

188 2422 301 2464 quivis
330 2421 426 2452 homo
464 2421 577 2452 malus
611 2425 714 2462 atque
753 2421 925 2462 improbus
993 2419 1161 2451 cileinde
1178 2419 1266 2450 oriri
1290 2426 1433 2461 poterat
1452 2431 1535 2462 quos
1556 2420 1725 2453 ZANAC.

188 2477 307 2498 sacer
335 2466 509 2507 appellari
532 2465 637 2501 solct‚·
676 2468 711 2495 et
735 2474 791 2505 ap.
823 2465 923 2496 Pani.
1036 2467 1067 2495 8.
1117 2464 1213 2495 cuius
1251 2465 1454 2506 exemplum]
1505 2464 1529 2495 i.
1567 2475 1597 2495 e.
1645 2464 1725 2505 ipsa

188 2511 250 2542 lib.
279 2510 384 2548 xlx,
418 2521 449 2549 p.
477 2511 552 2540 379.
592 2510 657 2540 scr
693 2520 826 2540 sacrum
861 2521 920 2540 vo·
993 2509 1115 2540 verba.
1160 2507 1216 2539 Cf.
1249 2508 1322 2539 Cic.
1351 2510 1395 2540 nd
1429 2509 1498 2539 Att.
1536 2508 1601 2547 lx,
1627 2511 1666 2544 6,
1692 2510 1723 2539 3.

187 2555 290 2586 vendi
314 2565 385 2585 mos
409 2554 481 2594 fuit
513 2554 623 2585 Italis.
663 2553 807 2596 Magnis
835 2554 921 2585 enim
997 2554 1118 2595 Capua
1169 2553 1306 2585 litterae
1352 2558 1431 2584 sunt
1472 2552 1606 2584 allatae
1650 2552 1724 2584 hoc

185 2599 348 2641 periculis
377 2599 520 2630 adducti
553 2598 717 2629 vovebant
749 2608 921 2639 qnaecnn-
991 2597 1177 2638 exemplo
1204 2600 1273 2628 cet.

188 2655 251 2685 que
278 2643 433 2684 proximo
467 2653 544 2673 vere
578 2647 664 2674 nata
690 2647 800 2673 essent
827 2643 923 2684 apud
1035 2641 1201 2682 ordinem]
1250 2639 1345 2671 inter
1393 2639 1554 2680 reliquos
1596 2639 1722 2677 libros,

186 2699 219 2718 se
246 2687 416 2718 animalia
441 2687 688 2718 immolaturos.
723 2687 792 2717 Sed
817 2697 922 2728 quum
991 2683 1014 2716 i.
1038 2696 1069 2715 e.
1098 2695 1299 2715 numerum.

187 2732 322 2762 crudele
354 2732 529 2762 videretur
562 2742 688 2773 pucros
717 2741 757 2761 ac
783 2731 922 2772 puellas
1037 2728 1138 2768 viil,
1180 2731 1207 2759 i.
1256 2728 1398 2758 ducente
1424 2727 1506 2765 deo,
1544 2738 1611 2758 non
1643 2726 1721 2768 dea]

187 2776 380 2807 innocentes
419 2776 625 2816 interficere,
667 2775 850 2815 perductos
886 2776 920 2806 ιή
989 2772 1038 2803 Ad
1081 2772 1176 2803 hunc
1220 2771 1338 2812 ipsum
1380 2771 1528 2812 virgilii
1576 2782 1720 2802 versum

188 2819 344 2851 adultam
372 2825 517 2851 aetatem
550 2819 711 2850 velabant
742 2823 845 2860 atque
868 2819 919 2850 ita
988 2815 1138 2848 Servius
1170 2815 1359 2847 adnotavit
1385 2815 1538 2847 haecce:
1589 2817 1720 2847 Secun-

188 2867 316 2893 cxtra
354 2864 474 2900 fines
517 2874 615 2895 suos
656 2863 920 2905 exigebant,·
988 2860 1135 2891 cundum
1162 2871 1216 2891 eos
1237 2860 1296 2902 qui
1322 2860 1439 2891 dicunt
1464 2861 1643 2902 utriusque
1668 2871 1720 2891 se-

188 2905 248 2937 ubi
282 2906 483 2938 Muellerus
513 2907 655 2938 confert
686 2906 784 2937 Fest.
821 2918 850 2937 s.
886 2918 915 2938 v.
986 2915 1049 2936 xus
1074 2905 1374 2947 participationem
1407 2904 1529 2937 habere
1563 2905 1718 2936 numina.
