1845 3131
213 22 292 65 508
825 20 1102 64 MACROBII

409 132 503 172 Cum
527 136 654 169 tamen
683 129 785 169 inter
813 143 853 169 se
879 131 1071 183 prostrati
1095 131 1139 171 in
1166 133 1344 184 yramim
1370 134 1477 174 molli

405 187 573 239 Propter
601 198 726 238 aquae
753 184 884 225 rivum
915 186 985 226 sub
1013 186 1136 226 ramis
1161 187 1315 227 arboris
1343 189 1454 237 altae,

406 242 494 283 Non
518 240 671 293 maqnis
701 240 839 294 opibus
863 241 1032 281 iucunde
1059 255 1229 295 corpora
1255 251 1419 284 curant:

408 296 643 337 Praesertim
673 309 760 336 cum
786 303 984 350 tempestas
1014 296 1168 337 adridet
1195 304 1228 337 et
1256 299 1358 338 anni

342 370 379 396 10
410 352 601 406 Tempora
627 359 885 405 consperqunt
910 352 1124 394 viridantes
1141 353 1305 407 floribus
1329 353 1477 394 herbas.

166 434 192 474 ὅ
406 432 495 473 Non
522 431 683 471 umbrae
708 431 875 471 altorum
898 445 1116 480 nemorum,
1145 446 1226 473 non
1254 433 1385 473 mollia
1411 442 1573 487 possunt

407 488 531 527 Prata
557 500 709 527 movere
735 487 932 528 animum:
959 502 1040 528 non
1069 488 1139 542 qui
1160 501 1234 543 per
1258 503 1359 530 saxa
1386 489 1538 529 volutus

142 554 231 595 [16⁴1
408 542 559 583 Purior
588 542 721 583 electro
749 557 930 597 campum
947 544 1048 598 petit
1070 545 1208 584 amnis.

208 608 420 649 Lucretius
448 608 488 648 in
518 607 711 648 secundo:

405 664 483 705 Nec
506 671 659 704 tenerae
687 663 821 704 salices
851 671 964 718 atque
994 664 1132 706 herbae
1160 679 1251 706 rore
1277 666 1443 707 virentes

406 720 664 773 Fluminaque
691 719 772 759 utta
802 727 946 772 queunt
971 722 1131 761 summis
1158 721 1327 762 labentia
1353 722 1456 775 ripis

409 774 605 816 Oblectare
636 774 812 814 animum
835 775 1075 830 subitamque
1104 784 1276 817 avertere
1304 791 1452 817 curam.

168 839 335 894 71psius
367 853 460 880 vero
491 839 751 893 pestilentiae,
784 853 887 893 quae
917 844 977 880 est
1006 840 1045 880 in
1073 841 1192 881 tertio
1218 841 1520 894 Georgicorum,
1543 841 1652 881 color
1681 846 1739 880 to—

204 900 270 936 tus
299 900 339 936 et
368 895 597 936 liniamenta
627 909 751 949 paene
791 895 922 936 omnia
952 900 1077 936 tracta
1109 902 1203 936 sunt
1237 897 1286 938 de
1323 896 1590 950 descriptione
1621 896 1740 951 pesti-

204 951 351 993 lentiae
381 965 484 1007 quae
511 956 571 992 est
595 950 634 991 in
667 956 778 992 sexto
806 951 992 992 Lucretii.
1052 952 1153 993 Nam
1185 951 1404 1005 virgiliana
1431 951 1590 1006 incipit:

404 1008 481 1049 Hic
504 1007 700 1062 qnondam
726 1008 860 1048 morbo
895 1007 995 1048 caeli
1019 1008 1245 1048 miseranda
1272 1016 1405 1049 coorta
1435 1015 1489 1049 est

407 1064 623 1118 Tempestas
654 1071 805 1117 totoque
834 1064 1037 1104 auctumni
1062 1064 1267 1104 incanduit
1293 1071 1412 1111 aestu,

402 1119 453 1159 Ec
480 1133 603 1172 qenus
633 1133 744 1159 omne
771 1120 861 1159 neci
881 1119 1078 1174 pecudum
1104 1119 1228 1168 dedit,
1259 1134 1369 1160 omne
1394 1121 1583 1173 serarum.

204 1184 380 1225 Lucretii
414 1198 507 1225 vero
539 1183 595 1224 sic
624 1184 776 1238 incipit:

402 1241 510 1280 Haec
540 1240 642 1280 ratio
673 1240 870 1295 quondam
899 1241 1126 1281 morborum
1153 1248 1186 1281 et
1214 1242 1392 1294 mortifer
1419 1248 1543 1282 aestus

401 1296 569 1336 Finibus
598 1297 642 1336 in
670 1296 849 1350 Cecropis
871 1298 1044 1349 funestos
1072 1296 1245 1337 reddidit
1271 1310 1398 1349 αῃνοε,

411 1352 650 1406 instaretque
675 1352 770 1398 vias,
800 1351 981 1391 exhausit
1003 1352 1151 1392 civibus
1180 1351 1324 1391 urbem.

161 1414 299 1464 used,
347 1422 545 1469 quatenus
581 1422 711 1457 totum
749 1416 881 1456 locum
914 1417 1123 1470 utriusque
1153 1430 1301 1470 ponere
1339 1417 1433 1457 satis
1469 1417 1629 1468 longum
1667 1423 1739 1464 est,

201 1484 407 1525 excerpam
438 1472 570 1526 aliqua
609 1486 656 1513 ex
692 1471 838 1526 quibus
878 1471 1096 1514 similitudo
1139 1472 1319 1527 geminae
1358 1471 1635 1526 descriptionis
1671 1472 1737 1512 ad-

200 1533 348 1579 pareat.

200 1593 389 1648 Virgilius
418 1593 493 1633 ait:

403 1649 501 1689 Tum
527 1662 617 1689 ‘cero
645 1650 823 1690 ardentes
847 1650 952 1690 oculi
972 1656 1084 1704 atque
1107 1650 1304 1690 adtractus
1332 1650 1379 1689 ab
1407 1649 1482 1690 alto

398 1704 586 1759 Spiritus,
614 1705 810 1747 interdum
833 1707 976 1760 gemitu
1001 1706 1148 1760 yram,
1179 1706 1332 1760 imaque
1355 1705 1469 1759 lonyo

289 1815 393 1857 [Mss.
421 1815 559 1848 APSM.

198 1869 376 1908 „Rectius
407 1869 443 1902 in
473 1870 539 1904 Ed.
572 1873 642 1903 vet.
675 1871 824 1913 templa3
858 1870 922 1903 alii
954 1870 1085 1914 (hgin
1111 1882 1183 1913 mg.
1218 1874 1254 1903 et
1283 1869 1451 1913 Lacinia.)
1482 1870 1576 1902 male
1609 1872 1737 1903 tecta.“

199 1914 310 1948 Zeun.
347 1914 425 1947 Vid.
451 1920 525 1948 not.
558 1932 601 1938 —
635 1925 668 1946 v.
696 1917 728 1946 6.
771 1915 880 1955 Quin
910 1920 1023 1947 tamen
1057 1915 1162 1947 Lucr.
1188 1915 1244 1946 ed.
1270 1915 1425 1947 l‘laverc.
1477 1917 1648 1947 Attamen
1679 1915 1736 1946 ed.

197 1958 348 1991 Greech.
382 1977 424 1981 ——
464 1970 494 1990 v.
522 1962 555 1991 8.
590 1959 750 1991 iocunde
774 1958 840 1990 AS.
865 1959 1024 1991 iucunde
1047 1959 1088 1991 N.
1113 1977 1149 1983 -
1182 1970 1215 1990 v.
1240 1962 1291 1990 10.
1324 1963 1574 2002 conspargunt
1598 1959 1735 1991 v3ehN.

196 2013 282 2033 cum
307 2008 470 2045 pergunt
493 2003 592 2044 (sup.
616 2003 699 2034 add.
723 2005 758 2040 s]
779 2003 818 2034 A.
843 2020 885 2026 —·
907 2004 1107 2035 viridantis
1127 2002 1223 2044 viag.
1271 2003 1486 2035 viridanteis
1509 2002 1565 2033 eli.
1702 2005 1735 2034 6.

201 2046 292 2087 Νοη]
310 2047 446 2088 Georg.
464 2047 624 2087 111‚520.
677 2047 908 2088 Virgilius.
940 2048 1017 2079 Non
1040 2046 1110 2078 v3i.
1164 2047 1395 2088 Vergilius
1420 2047 1461 2078 in
1491 2047 1736 2088 Georgicis.

201 2089 277 2120 Non
302 2090 411 2132 chgb.
435 2108 478 2114 —
504 2102 534 2122 v.
554 2093 587 2121 2.
613 2101 768 2122 vomere
789 2090 829 2121 P.
855 2107 897 2113 -
922 2091 958 2122 in
983 2090 1144 2130 secundo]
1171 2101 1201 2121 v.
1225 2092 1303 2121 361.
1324 2108 1367 2113 —
1392 2100 1422 2121 v.
1444 2092 1473 2120 l.
1499 2091 1570 2121 Nec
1594 2094 1736 2122 temere

197 2132 273 2164 SM.
298 2151 342 2158 -—
359 2134 526 2177 vigentes
552 2145 620 2175 v-g
641 2133 747 2165 Lucr.
770 2152 811 2157 —
833 2144 866 2165 v.
888 2137 918 2165 2.
946 2134 1016 2165 illa
1037 2133 1188 2165 Lachm.
1216 2151 1258 2157 --
1288 2134 1488 2166 lambentia
1510 2136 1566 2164 v3.
1700 2137 1733 2166 7.

201 2177 341 2220 Georgi.
363 2188 396 2210 v.
435 2188 574 2221 grorg.
598 2178 621 2210 i.
666 2178 873 2219 Georgicon
896 2188 976 2220 a-g.
1002 2194 1041 2200 -—
1067 2178 1287 2210 lineamenta
1308 2178 1412 2209 s-bP.
1432 2195 1465 2200 —
1497 2176 1576 2218 Hic]
1597 2177 1735 2219 Georg-

196 2220 264 2260 111,
287 2224 364 2253 478.
389 2238 432 2244 —-
456 2232 489 2254 v.
515 2224 548 2252 2.
570 2226 722 2264 totaque
741 2222 794 2253 zb.
818 2239 860 2245 -
885 2232 918 2254 v.
944 2224 975 2253 3.
1001 2233 1060 2253 nec
1085 2222 1127 2253 in
1151 2222 1199 2252 M.
1225 2238 1258 2244 ο
1291 2221 1454 2263 Lucretii]
1473 2222 1639 2263 vl,1136.
1658 2224 1733 2260 (38.

195 2263 254 2305 L.)
304 2265 455 2296 Lucretii
479 2289 487 2297 .
503 2265 652 2307 ,incipit
683 2275 751 2296 om.
777 2276 847 2296 s-z.
888 2266 1004 2305 „Ante
1028 2266 1120 2297 haec
1142 2266 1253 2297 verba
1280 2265 1315 2296 in
1341 2266 1406 2296 Ed.
1431 2269 1501 2298 vet.
1530 2268 1627 2297 recte
1651 2269 1736 2298 sunt

196 2308 305 2339 haec:
343 2309 495 2340 Lucretii
512 2320 590 2340 vero
615 2310 663 2341 sic
687 2309 846 2351 incipit.‘²
873 2311 983 2342 Zeun.
1012 2326 1057 2333 —-
1089 2320 1121 2341 v.
1146 2311 1176 2341 l.
1209 2310 1295 2341 Nec
1321 2309 1357 2341 S.
1388 2326 1431 2333 -
1465 2321 1500 2339 v.
1526 2312 1558 2341 2.
1593 2309 1736 2342 Finibus

203 2353 387 2394 Cecropiis
413 2353 493 2384 edd.
514 2352 621 2385 Lucr.
640 2357 724 2385 ante
745 2353 894 2386 Lachm.
920 2372 959 2377 —
983 2365 1014 2385 v.
1039 2355 1071 2385 3.
1097 2354 1196 2386 viam
1219 2353 1255 2384 S.
1391 2356 1424 2384 8.
1462 2358 1510 2386 est
1534 2353 1678 2397 longum
1696 2353 1734 2386 S.

201 2413 236 2418 —
264 2402 423 2439 apparet
444 2397 508 2441 hg.
532 2415 576 2422 —-
606 2397 704 2439 Tum]
729 2397 865 2439 Georg.
890 2398 958 2440 111,
980 2400 1058 2429 505.
1083 2415 1124 2421 -
1150 2408 1182 2432 v.
1204 2399 1237 2430 2.
1265 2397 1426 2441 gravius
1448 2397 1489 2430 A.
1512 2416 1553 2421 —
1575 2400 1733 2440 iamque

197 2510 321 2543 erobio
355 2511 466 2544 aliter
494 2523 536 2545 ac
571 2513 641 2545 hoe
674 2514 754 2546 loco
786 2513 933 2546 videtur
1001 2512 1125 2545 censui
1164 2511 1397 2544 scribendum
1433 2522 1513 2543 esse
1548 2516 1654 2548 tecta,
1693 2515 1731 2544 nt

195 2554 328 2588 citatus
342 2567 422 2588 esse
442 2568 461 2588 e
482 2557 668 2590 memoria.
684 2558 844 2590 Vid.not.
858 2569 932 2600 seq.
1000 2557 1140 2599 legitur
1162 2568 1190 2589 c.
1207 2558 1237 2588 4.
1263 2558 1283 2596 §
1308 2559 1362 2587 21.
1393 2558 1429 2586 et
1459 2554 1589 2586 Lucan.
1613 2555 1732 2586 Phar-

241 2600 408 2641 laqneata
434 2607 630 2644 aurataque
655 2603 798 2645 templa]
826 2603 930 2644 Quod
999 2602 1066 2634 sal.
1098 2601 1141 2640 X,
1168 2603 1255 2638 113„
1281 2599 1367 2640 quia
1389 2598 1460 2630 hoc
1485 2598 1593 2630 nimis
1619 2598 1731 2631 distat

198 2642 232 2673 in
261 2643 448 2676 codicibus
481 2657 567 2678 mss.
600 2646 756 2688 legitur,
796 2648 931 2689 Tempe,
999 2657 1020 2679 a
1047 2656 1135 2677 voce
1165 2646 1298 2685 Tempe,
1324 2652 1416 2683 quae
1443 2643 1558 2673 multo
1581 2642 1730 2675 facilius

196 2686 232 2717 id
262 2687 353 2720 ferri
385 2688 530 2722 omnino
565 2701 634 2721 non
667 2694 807 2732 potest,
849 2702 929 2723 cum
1000 2692 1142 2731 poterat
1167 2687 1268 2720 nasci
1293 2697 1312 2717 e
1337 2696 1426 2717 voce
1457 2687 1601 2727 templa,
1636 2698 1730 2728 qnae

198 2735 344 2773 propter
382 2732 495 2766 totius
536 2734 608 2765 loci
647 2745 811 2774 sensum,
854 2739 930 2767 tum
998 2734 1190 2776 legebatur
1241 2734 1324 2762 ante
1369 2729 1639 2762 Laehmnnnuni
1691 2731 1729 2763 in

198 2780 345 2816 propter
384 2776 478 2809 haec
514 2778 697 2818 epitheta:
737 2783 774 2811 et
813 2778 931 2820 potuit
997 2776 1164 2811 omnibus
1195 2774 1463 2815 exemplaribus
1489 2774 1731 2808 Lucretianis.

197 2817 376 2851 facillime
406 2820 478 2853 huc
511 2822 703 2855 transferri
737 2833 756 2854 e
781 2822 929 2865 Virgilii
1040 2824 1073 2852 8.
1104 2818 1288 2861 quatenus]
1316 2818 1393 2850 vid.
1421 2822 1493 2850 not.
1517 2819 1562 2851 ad
1586 2819 1615 2859 Ι,
1639 2821 1672 2860 4,
1693 2823 1726 2852 6.

196 2861 277 2894 loco
311 2863 373 2905 qui
406 2866 602 2900 antecedit.
648 2866 774 2909 Neque
810 2870 929 2900 tamen
1038 2863 1179 2908 ponere]
1207 2862 1284 2896 Vid.
1308 2866 1380 2896 not.
1407 2862 1452 2896 ad
1476 2863 1514 2905 V,
1541 2865 1581 2904 4,
1604 2865 1637 2896 4.
