1845 3131
236 150 339 191 sicut
376 149 622 190 inlaudatam
649 146 757 189 κατὰ
788 147 984 203 στέρησιν
1014 152 1161 201 laudis,
1206 154 1260 194 ita
1289 155 1535 198 inamabilem
1564 169 1633 210 per
1662 170 1770 197 amo-

173 208 222 248 16
236 206 289 246 ris
317 203 514 256 στέρησιν
544 204 764 244 detestatus
800 210 871 245 cst.
931 206 1071 247 Altero
1104 208 1224 248 modo
1256 211 1483 253 inlaudatus
1513 213 1567 252 ita
1597 211 1770 253 defendi-

236 267 321 301 tur:
373 260 560 300 Laudare
593 259 788 312 significat
818 260 947 313 prisca
978 262 1112 316 lingua
1138 263 1344 305 nominare
1373 268 1672 321 appellareque:
1715 268 1771 308 sic

234 317 273 356 in
305 315 530 355 actionibus
558 314 737 356 civilibus
765 321 906 356 auctor
933 317 1086 358 laudari
1118 318 1283 368 dieitur,
1320 322 1428 374 quod
1460 329 1521 363 est
1553 323 1770 364 nominari:

234 372 461 412 inlaudatus
499 384 593 424 ergo
621 376 680 412 est
708 371 822 425 quasi
848 373 1121 422 inlaudabilis,
1163 375 1202 415 id
1232 380 1292 416 est
1321 391 1533 432 numquam
1561 381 1769 420 nominan-

234 429 323 474 dus,
366 426 482 467 sicuti
516 428 717 481 quondam
748 440 769 467 a
804 429 1007 469 communi
1036 430 1201 471 consilio
1237 432 1358 472 Asiae
1391 433 1595 474 decretum
1626 439 1686 475 est
1710 435 1770 475 uti

234 496 381 522 nomen
420 482 504 522 eius
543 482 612 536 qui
650 483 841 536 templum
878 484 1031 525 Dianae
1070 486 1268 540 Ephesiae
1315 488 1545 529 incenderat
1588 504 1637 530 ne
1680 490 1770 543 quis

173 540 218 579 17
234 539 314 579 ullo
354 538 394 578 in
426 543 606 592 tempore
646 539 880 580 nominaret.
948 541 1127 581 Tertium
1165 548 1288 583 restat
1319 557 1366 583 ex
1399 544 1458 584 his
1496 558 1599 598 quae
1638 558 1769 598 repre-

234 594 355 634 hensa
388 599 493 642 sunt,
524 594 632 647 quod
664 596 836 635 t‘iuu'eam
859 597 1092 651 squalentem
1116 613 1215 639 auro
1246 598 1355 639 dixit.
1415 600 1460 639 Id
1491 606 1623 641 autem
1651 601 1769 653 signi-

233 650 326 689 licat
362 649 517 703 copiam
555 649 874 704 densitatemque
913 652 998 692 auri
1036 653 1074 692 in
1110 667 1365 707 squamarum
1409 656 1581 709 speeiem
1620 656 1770 696 intexti.

232 706 420 760 Squalere
450 704 552 744 enim
584 705 735 745 dietum
768 712 827 746 est
857 707 906 747 ab
940 722 1196 760 squamarum
1227 711 1437 751 crebritate
1465 712 1770 765 asperitateque„

172 762 336 814 ffiquae
365 761 404 800 in
435 765 664 813 serpentum
696 760 914 813 pisciumve
954 764 1072 804 coriis
1101 764 1295 806 visuntur.
1357 767 1491 816 Quam
1522 781 1604 808 rem
1635 772 1674 808 et
1704 767 1769 808 alii

233 822 272 856 et
304 816 366 856 hie
396 815 500 856 idem
530 821 647 870 poeta
679 816 776 856 loeis
807 817 961 871 aliquot
989 818 1253 860 demonstrat:

667 895 722 901 —-
756 872 879 920 Quem
903 874 1036 928 pellis,
1076 875 1225 928 inquit,
1263 877 1372 916 aenis

432 927 482 967 In
506 927 681 981 plumam
708 929 880 982 squamis
919 943 1018 969 (turo
1048 939 1224 971 conserta
1254 931 1409 984 leychet,

166 987 297 1035 1191]et
319 982 396 1022 alio
422 982 533 1022 loco:
564 983 724 1039 Iamque
751 985 846 1024 adeo
874 986 1035 1026 rutilum
1061 986 1222 1028 thoraca
1246 987 1406 1028 indutus
1430 988 1537 1028 aenis

433 1039 627 1079 Horrebat
655 1040 838 1093 squamis.

234 1093 381 1134 Accius
412 1093 451 1133 in
478 1094 760 1148 *Pelopidibus
792 1095 843 1135 ita
873 1094 1030 1135 scribit:

431 1150 530 1191 Eius
548 1152 736 1205 serpentis
762 1166 944 1206 squamae
962 1152 1139 1207 squalido
1160 1166 1260 1194 auro
1282 1161 1315 1195 et
1330 1166 1516 1208 purpura
1531 1160 1769 1208 praetactae.

320 1271 424 1313 [Mss.
450 1271 559 1305 ASM.

236 1326 422 1369 Virgilius]
465 1326 602 1370 Georg.
636 1327 702 1368 lv,
736 1329 814 1359 479.
848 1332 883 1360 et
915 1329 1000 1361 Aen.
1032 1329 1094 1369 vl,
1130 1330 1207 1360 438.
1345 1331 1394 1360 16.
1435 1329 1577 1361 consilio
1604 1328 1768 1369 ASv-gM

228 1370 362 1410 „ssodt
386 1371 473 1403 Ben.
497 1371 565 1403 C.“
594 1371 692 1403 Gell.
722 1373 802 1404 edd.
829 1376 913 1405 vett.
953 1378 989 1405 et
1023 1374 1125 1405 codd.
1159 1373 1318 1414 quidam.
1365 1374 1520 1405 concilio
1552 1373 1623 1404 s-b.
1653 1372 1770 1405 Gellii

229 1414 310 1445 edd.
338 1418 471 1447 recent.
610 1418 662 1447 17.
701 1418 827 1448 dictum
857 1422 945 1455 (ein.
971 1422 1038 1455 est)
1064 1428 1142 1460 v-g.
1164 1435 1205 1440 —
1237 1428 1259 1448 a
1283 1428 1503 1459 squamarum
1531 1417 1568 1448 S.
1591 1436 1636 1441 —-
1658 1418 1767 1449 cele-

228 1459 354 1490 britate
378 1461 431 1490 v3.
573 1461 622 1490 18.
660 1466 691 1493 et
718 1462 824 1492 alius
851 1462 888 1493 A.
915 1480 955 1484 —
978 1462 1031 1493 liic
1054 1462 1203 1503 quidem
1224 1461 1321 1493 Gcll.
1339 1480 1381 1485 —
1407 1462 1539 1503 aliquot
1559 1462 1642 1493 locis
1665 1460 1701 1492 S.
1726 1479 1769 1484 ——

234 1503 352 1544 Quem]
380 1503 464 1535 Aen.
493 1503 554 1544 xl,
579 1507 657 1535 770.
682 1522 724 1527 -
764 1505 918 1547 lamque]
947 1505 1033 1536 Aen.
1060 1506 1121 1544 XI,
1146 1508 1224 1537 487.
1260 1523 1301 1528 —
1340 1506 1374 1537 in
1403 1506 1573 1548 l'elopid.]
1605 1505 1767 1537 Scriver-

229 1558 261 1587 p.
290 1550 382 1585 134„
417 1548 477 1589 qui
502 1553 703 1589 praetextae
728 1549 857 1580 tribuit
881 1549 989 1581 alteri
1014 1549 1157 1587 versni3
1196 1549 1304 1581 Both.
1330 1550 1374 1580 fr.
1399 1553 1431 1581 5.
1457 1561 1489 1590 p.
1514 1552 1592 1581 229.
1616 1549 1707 1581 Non.
1735 1561 1767 1590 p.

228 1593 305 1630 452,
334 1594 389 1623 28.
430 1593 509 1635 pelo
536 1594 696 1635 pedibus
720 1593 758 1625 A.
813 1594 992 1636 Pelopidis
1025 1594 1123 1625 Gell.
1153 1592 1242 1625 Nou.
1269 1612 1305 1617 ——
1344 1594 1568 1635 „squattdae
1598 1605 1702 1636 auro,
1738 1598 1770 1626 et

275 1703 327 1731 16.
359 1701 460 1742 quasi
481 1701 725 1743 inlaudabilis]
747 1701 849 1733 Conf.
864 1702 965 1735 Serv.

229 1744 273 1776 ad
294 1743 392 1785 virg.
415 1745 553 1788 Geni-g.
579 1746 646 1786 111,
672 1750 722 1778 5.:
749 1747 968 1779 Illaudati

228 1789 451 1831 participium
485 1796 534 1822 est
565 1801 629 1833 pro
663 1792 818 1829 nomine,
855 1796 892 1823 ut
923 1792 967 1824 sit

230 1834 538 1871 illaudabilis,
580 1846 648 1866 non
684 1836 766 1877 quia
801 1836 968 1868 laudatus

228 1889 296 1908 uon
318 1878 373 1915 sit,
394 1878 453 1910 sed
477 1880 559 1920 quia
581 1880 722 1911 laudari
745 1891 813 1911 non
833 1891 966 1912 meruc-

230 1922 286 1953 rit.
341 1921 419 1952 vid.
448 1923 558 1955 etiam
586 1923 650 1963 ΙΙΙ,
677 1926 710 1963 5,
736 1926 767 1954 9.

275 1966 445 1997 decretum
472 1972 519 1999 cst
541 1968 591 1999 uti
615 1978 734 1999 nomon
758 1968 830 1999 eius
850 1991 878 1998 ..
895 1992 902 1999 .
925 1979 967 1999 nc

230 2010 306 2050 quis
331 2010 400 2041 ullo
427 2011 461 2041 ἱη
491 2017 641 2052 tempore
669 2010 875 2052 nominaret]
911 2011 965 2043 cf.

231 2053 350 2084 Valer.
384 2054 479 2085 Max.
510 2055 610 2093 vul,
643 2057 700 2095 14,
728 2055 806 2086 Ext.
829 2058 859 2087 5.
899 2056 966 2087 Illa

228 2107 307 2127 vero
332 2097 468 2139 gloriae
492 2099 667 2140 cupiditas
690 2099 876 2141 sacrilega.
905 2100 965 2130 In-

229 2145 349 2172 ventus
382 2146 430 2172 cst
461 2143 549 2173 enim
584 2143 642 2184 qui
677 2143 814 2173 Dianae
848 2143 962 2184 Ephe-

230 2185 303 2215 siae
343 2185 503 2226 templum
548 2186 726 2217 incendere
767 2187 885 2225 vellet.
928 2191 965 2218 ut

231 2238 330 2269 opere
359 2228 587 2270 pulcherrimo
616 2235 812 2271 consumpto
843 2241 965 2262 nomen

230 2272 302 2302 cius
329 2282 392 2313 per
415 2277 522 2304 tolum
552 2278 721 2305 terrarum
754 2275 865 2305 orbem
891 2275 963 2305 dis-

230 2316 399 2347 iicerctur.
433 2317 538 2356 Quem
563 2318 699 2359 quidem
722 2319 844 2349 mentis
860 2320 963 2358 furo-

230 2370 298 2390 rem
320 2360 433 2392 eculeo
456 2362 635 2403 impositus
655 2362 791 2393 deterit.
819 2364 862 2394 At
885 2364 965 2394 bene

230 2404 473 2437 consuluerant
502 2406 644 2447 Ephesii
675 2406 807 2437 decreto
838 2418 963 2438 memo-

231 2449 318 2478 riam
342 2450 506 2480 teterrimi
523 2450 668 2481 hominis
690 2450 875 2482 abolendo.-
897 2451 965 2482 nisi

235 2492 445 2534 Theopompi
469 2504 621 2535 magnac
641 2495 837 2534 facundiae
862 2495 963 2537 iuge-

229 2536 325 2566 uium
357 2537 392 2567 in
423 2537 576 2568 historiis
607 2549 682 2570 eum
709 2539 781 2569 suis
810 2549 962 2581 compre-

229 2580 412 2612 hendisset.
458 2580 596 2613 7iN'oinen
631 2581 665 2613 ei
697 2582 813 2614 fuisse
847 2583 965 2613 Hero-

230 2627 345 2654 strato
365 2624 431 2655 lib.
452 2624 542 2656 XIV.
563 2637 592 2656 c.
612 2628 643 2657 1.
663 2637 695 2666 p.
714 2628 789 2657 640.
810 2631 863 2667 (p.
887 2630 962 2658 175.

230 2666 416 2706 Tauclin.)
438 2669 616 2710 scriptum
644 2669 793 2710 reliquit
819 2670 962 2702 Strabo.

230 2710 364 2742 Eadem
390 2716 507 2751 nocte,
535 2724 604 2754 qua
628 2713 833 2745 Alexander
857 2718 964 2746 natus

229 2757 285 2785 est
304 2755 394 2788 illud
417 2757 599 2797 flagitium
624 2769 705 2789 esse
728 2759 962 2790 commissum

231 2799 435 2832 retulerunt
470 2802 689 2833 Plutarchus
727 2802 826 2835 Alex.
857 2805 890 2834 3.
927 2806 963 2836 et

232 2840 359 2876 Cicero
383 2844 425 2875 N.
449 2845 489 2877 D.
515 2846 562 2885 11,
587 2848 644 2886 27,
669 2848 722 2878 69.

277 2887 329 2917 17.
363 2889 452 2929 quod
472 2890 622 2923 tunicam
641 2890 852 2932 squalentem
876 2900 962 2922 auro

1035 1703 1175 1745 dixerit]
1199 1702 1349 1735 Servius
1372 1702 1516 1734 videtur
1538 1701 1771 1735 adnotavisse

1035 1751 1193 1779 tantum:
1233 1748 1464 1789 splendentem
1499 1748 1662 1785 lorica¹m3
1706 1747 1770 1779 sed

1034 1791 1070 1823 in
1103 1792 1182 1823 eius
1208 1791 1489 1823 commentarios
1516 1791 1655 1822 inserta
1687 1795 1770 1823 sunt

1035 1847 1077 1868 ea
1102 1847 1194 1877 quae
1222 1836 1394 1878 leguntur
1414 1836 1508 1877 apud
1536 1835 1712 1874 Gellium,
1734 1839 1771 1867 et

1035 1881 1072 1912 h.
1101 1880 1124 1911 l.
1159 1891 1273 1921 usque
1306 1880 1350 1911 ad
1379 1885 1528 1912 extrem.
1555 1880 1571 1920 §
1602 1882 1653 1910 18.
1701 1879 1770 1910 Ce-

1037 1929 1152 1957 terum
1189 1924 1430 1956 Doedcrlinus
1470 1924 1606 1966 Synon.
1640 1923 1703 1964 Vl,
1736 1934 1769 1964 p.

1035 1971 1111 2000 346.
1143 1972 1178 1999 et
1211 1969 1353 2000 Handl).
1383 1968 1415 2000 (Ι.
1442 1968 1599 2010 Etymol.
1628 1979 1660 2008 p.
1694 1970 1769 1999 177.

1035 2024 1102 2044 nou
1139 2012 1218 2044 eine
1258 2023 1369 2045 causa
1403 2013 1553 2043 verbum
1587 2012 1771 2052 squalendi

1034 2057 1190 2088 contulit
1225 2068 1306 2087 cum
1349 2055 1503 2087 Graecis
1544 2053 1694 2087 σκέλλειν
1732 2058 1769 2086 et

1034 2098 1192 2140 σκληρός.
1265 2099 1414 2131 Vossius
1467 2100 1558 2130 bene
1608 2097 1769 2131 reddidit

1034 2144 1175 2174 verbis:
1197 2145 1296 2183 „Der
1320 2144 1412 2175 Roclc
1437 2143 1496 2175 der
1520 2146 1680 2175 starrte
1703 2154 1767 2174 von

1038 2187 1164 2218 Golcl.“

1079 2233 1130 2261 18.
1167 2231 1202 2261 in
1231 2229 1465 2271 Pelopidibus]
1482 2229 1583 2270 Apud
1603 2228 1766 2261 Gellium

1032 2274 1170 2306 rectius
1196 2273 1333 2315 legitur
1362 2274 1558 2315 Pelopidis,
1587 2284 1668 2305 num
1701 2274 1766 2305 Pe-

1032 2319 1169 2360 lopidae
1192 2329 1321 2349 nomen
1348 2322 1427 2349 erat
1453 2318 1617 2349 subulae:
1643 2320 1680 2349 at
1705 2327 1767 2349 ve—

1034 2365 1141 2394 rebar
1161 2362 1279 2404 ipsum
1299 2361 1524 2393 Macrobium
1549 2361 1748 2402 corrigere.

1080 2408 1167 2438 Eius
1191 2430 1221 2437 ..
1246 2405 1460 2448 praetextae]
1499 2406 1598 2447 Apud
1624 2406 1765 2436 Macro—

1032 2450 1131 2482 bium
1158 2451 1251 2482 haec
1277 2450 1410 2490 ubique
1434 2450 1606 2481 continua
1633 2449 1763 2490 legun-

1033 2499 1110 2534 tur,
1139 2495 1234 2536 apud
1265 2494 1425 2525 Gellium
1458 2504 1567 2524 unuin
1599 2491 1764 2524 efficiunt

1032 2550 1197 2579 versum,
1242 2548 1350 2579 quam
1393 2537 1569 2569 rationem
1615 2539 1764 2568 secutus

1031 2594 1124 2623 sum,
1143 2592 1360 2624 quamquam
1382 2581 1439 2612 vel
1466 2579 1664 2612 tetrametri
1689 2582 1763 2610 tro-

1032 2627 1150 2658 chaici
1174 2626 1339 2665 modum,
1370 2625 1472 2655 cuius
1495 2622 1640 2665 generis
1666 2623 1763 2655 hune

1032 2682 1177 2703 versum
1230 2680 1311 2701 esse
1361 2667 1548 2700 adnotavit
1593 2667 1763 2708 Bothius,

1029 2715 1122 2747 haec
1147 2713 1342 2752 excedunt,
1367 2711 1438 2743 nisi
1462 2711 1554 2742 (luae
1579 2711 1763 2751 pronomi-

1029 2758 1086 2790 nis
1105 2759 1175 2790 eius
1194 2756 1358 2798 syllabae
1378 2754 1637 2796 corripiuntur.
1660 2755 1764 2789 Haec

1030 2801 1229 2833 difficultas
1245 2809 1314 2831 non
1332 2799 1487 2838 tollitur,
1499 2802 1534 2830 et
1552 2799 1669 2840 prima
1685 2800 1763 2842 syl-

1027 2845 1113 2877 laba
1134 2843 1235 2876 vocis
1258 2843 1418 2884 squalido
1442 2843 1672 2885 corripienda
1696 2846 1762 2885 est,

1028 2888 1060 2921 si
1085 2899 1165 2920 cum
1188 2887 1373 2921 Scriverio
1397 2886 1592 2922 statuimus
1617 2898 1761 2921 versum
