<?xml version="1.0" encoding="UTF-8"?>
<!DOCTYPE html PUBLIC "-//W3C//DTD XHTML 1.0 Transitional//EN"
    "http://www.w3.org/TR/xhtml1/DTD/xhtml1-transitional.dtd">
<html xmlns="http://www.w3.org/1999/xhtml" xml:lang="en" lang="en">
 <head>
  <title>
</title>
<meta http-equiv="Content-Type" content="text/html;charset=utf-8" />
  <meta name='ocr-system' content='tesseract 3.04.00' />
  <meta name='ocr-capabilities' content='ocr_page ocr_carea ocr_par ocr_line ocrx_word'/>
</head>
<body>
  <div class='ocr_page' id='page_1' title='image "./operaquaesupersu02macruoft/operaquaesupersu02macruoft_0260.png"; bbox 0 0 1871 3126; ppageno 0'>
   <div class='ocr_carea' id='block_1_1' title="bbox 205 63 289 106">
    <p class='ocr_par' dir='ltr' id='par_1_1' title="bbox 205 63 289 106">
     <span class='ocr_line' id='line_1_1' title="bbox 205 63 289 106; baseline -0.012 0"><span class='ocrx_word' id='word_1_1' title='bbox 205 63 289 106; x_wconf 74' lang='lat'>234</span> 
     </span>
    </p>
   </div>
   <div class='ocr_carea' id='block_1_2' title="bbox 832 61 1107 105">
    <p class='ocr_par' dir='ltr' id='par_1_2' title="bbox 832 61 1107 105">
     <span class='ocr_line' id='line_1_2' title="bbox 832 61 1107 105; baseline 0.004 -2"><span class='ocrx_word' id='word_1_2' title='bbox 832 61 1107 105; x_wconf 87' lang='lat' dir='ltr'><strong>MACROBII</strong></span> 
     </span>
    </p>
   </div>
   <div class='ocr_carea' id='block_1_3' title="bbox 162 170 1774 623">
    <p class='ocr_par' dir='ltr' id='par_1_3' title="bbox 162 170 1774 623">
     <span class='ocr_line' id='line_1_3' title="bbox 203 170 1743 226; baseline 0.001 -9"><span class='ocrx_word' id='word_1_3' title='bbox 203 175 278 217; x_wconf 86' lang='lat' dir='ltr'>dus</span> <span class='ocrx_word' id='word_1_4' title='bbox 303 174 475 221; x_wconf 82' lang='lat' dir='ltr'>offerret,</span> <span class='ocrx_word' id='word_1_5' title='bbox 502 174 541 212; x_wconf 89' lang='lat' dir='ltr'>et</span> <span class='ocrx_word' id='word_1_6' title='bbox 568 170 688 212; x_wconf 89' lang='lat' dir='ltr'>modo</span> <span class='ocrx_word' id='word_1_7' title='bbox 715 170 908 226; x_wconf 89' lang='lat' dir='ltr'>proferret</span> <span class='ocrx_word' id='word_1_8' title='bbox 932 187 1093 215; x_wconf 89' lang='lat' dir='ltr'>manum</span> <span class='ocrx_word' id='word_1_9' title='bbox 1121 174 1242 216; x_wconf 88' lang='lat' dir='ltr'>modo</span> <span class='ocrx_word' id='word_1_10' title='bbox 1265 175 1506 217; x_wconf 74' lang='lat' dir='ltr'>retraheret:</span> <span class='ocrx_word' id='word_1_11' title='bbox 1534 177 1667 226; x_wconf 79' lang='lat' dir='ltr'>Putas,</span> <span class='ocrx_word' id='word_1_12' title='bbox 1687 176 1743 218; x_wconf 84' lang='lat' dir='ltr'>in-</span> 
     </span>
     <span class='ocr_line' id='line_1_4' title="bbox 164 227 1746 285; baseline 0.002 -14"><span class='ocrx_word' id='word_1_13' title='bbox 164 231 302 285; x_wconf 82' lang='lat' dir='ltr'>4quit,</span> <span class='ocrx_word' id='word_1_14' title='bbox 332 237 366 270; x_wconf 82' lang='lat' dir='ltr'>te</span> <span class='ocrx_word' id='word_1_15' title='bbox 390 242 512 269; x_wconf 83' lang='lat' dir='ltr'>assem</span> <span class='ocrx_word' id='word_1_16' title='bbox 539 227 736 283; x_wconf 77' lang='lat' dir='ltr'>elephanto</span> <span class='ocrx_word' id='word_1_17' title='bbox 763 228 888 270; x_wconf 84' lang='lat' dir='ltr'>dare?</span> <span class='ocrx_word' id='word_1_18' title='bbox 943 230 1054 270; x_wconf 85' lang='lat' dir='ltr'>Idem</span> <span class='ocrx_word' id='word_1_19' title='bbox 1086 244 1178 272; x_wconf 90' lang='lat' dir='ltr'>cum</span> <span class='ocrx_word' id='word_1_20' title='bbox 1207 231 1256 272; x_wconf 88' lang='lat' dir='ltr'>ab</span> <span class='ocrx_word' id='word_1_21' title='bbox 1285 245 1332 272; x_wconf 89' lang='lat' dir='ltr'>eo</span> <span class='ocrx_word' id='word_1_22' title='bbox 1357 233 1559 274; x_wconf 86' lang='lat' dir='ltr'>Pacubius</span> <span class='ocrx_word' id='word_1_23' title='bbox 1590 234 1746 274; x_wconf 87' lang='lat' dir='ltr'>Taurus</span> 
     </span>
     <span class='ocr_line' id='line_1_5' title="bbox 203 284 1744 343; baseline 0.002 -16"><span class='ocrx_word' id='word_1_24' title='bbox 203 285 449 338; x_wconf 68' lang='lat' dir='ltr'>congiarium</span> <span class='ocrx_word' id='word_1_25' title='bbox 481 288 654 338; x_wconf 86' lang='lat' dir='ltr'>peteret,</span> <span class='ocrx_word' id='word_1_26' title='bbox 684 284 915 339; x_wconf 77' lang='lat' dir='ltr'>diceretque</span> <span class='ocrx_word' id='word_1_27' title='bbox 942 286 1019 326; x_wconf 88' lang='lat' dir='ltr'>iam</span> <span class='ocrx_word' id='word_1_28' title='bbox 1051 286 1126 327; x_wconf 93' lang='lat' dir='ltr'>hoc</span> <span class='ocrx_word' id='word_1_29' title='bbox 1152 286 1334 328; x_wconf 86' lang='lat' dir='ltr'>homines</span> <span class='ocrx_word' id='word_1_30' title='bbox 1359 289 1478 341; x_wconf 81' lang='lat' dir='ltr'>vulgo</span> <span class='ocrx_word' id='word_1_31' title='bbox 1509 289 1639 343; x_wconf 86' lang='lat' dir='ltr'>loqui,</span> <span class='ocrx_word' id='word_1_32' title='bbox 1664 304 1744 330; x_wconf 92' lang='lat' dir='ltr'>non</span> 
     </span>
     <span class='ocr_line' id='line_1_6' title="bbox 202 340 1744 397; baseline 0.004 -17"><span class='ocrx_word' id='word_1_33' title='bbox 202 355 362 396; x_wconf 76' lang='lat' dir='ltr'>parvam</span> <span class='ocrx_word' id='word_1_34' title='bbox 392 340 466 381; x_wconf 94' lang='lat' dir='ltr'>sibi</span> <span class='ocrx_word' id='word_1_35' title='bbox 495 341 544 381; x_wconf 89' lang='lat' dir='ltr'>ab</span> <span class='ocrx_word' id='word_1_36' title='bbox 572 340 637 381; x_wconf 90' lang='lat' dir='ltr'>illo</span> <span class='ocrx_word' id='word_1_37' title='bbox 668 342 875 395; x_wconf 90' lang='lat' dir='ltr'>pecuniam</span> <span class='ocrx_word' id='word_1_38' title='bbox 908 342 1058 383; x_wconf 87' lang='lat' dir='ltr'>datam:</span> <span class='ocrx_word' id='word_1_39' title='bbox 1097 343 1175 386; x_wconf 80' lang='lat' dir='ltr'>Sed</span> <span class='ocrx_word' id='word_1_40' title='bbox 1203 351 1266 391; x_wconf 80' lang='lat' dir='ltr'>tn,</span> <span class='ocrx_word' id='word_1_41' title='bbox 1298 343 1448 397; x_wconf 70' lang='lat' dir='ltr'>inquit,</span> <span class='ocrx_word' id='word_1_42' title='bbox 1472 346 1556 385; x_wconf 80' lang='lat' dir='ltr'>noli</span> <span class='ocrx_word' id='word_1_43' title='bbox 1578 346 1744 386; x_wconf 81' lang='lat' dir='ltr'>eredere.</span> 
     </span>
     <span class='ocr_line' id='line_1_7' title="bbox 162 397 1742 454; baseline 0.001 -15"><span class='ocrx_word' id='word_1_44' title='bbox 162 398 338 440; x_wconf 77' lang='lat' dir='ltr'>5Alium</span> <span class='ocrx_word' id='word_1_45' title='bbox 370 397 617 450; x_wconf 79' lang='lat' dir='ltr'>praefectura</span> <span class='ocrx_word' id='word_1_46' title='bbox 647 397 827 451; x_wconf 83' lang='lat' dir='ltr'>equitum</span> <span class='ocrx_word' id='word_1_47' title='bbox 865 398 1166 440; x_wconf 66' lang='lat' dir='ltr'>submotum&#39;et</span> <span class='ocrx_word' id='word_1_48' title='bbox 1195 399 1359 454; x_wconf 88' lang='lat' dir='ltr'>insuper</span> <span class='ocrx_word' id='word_1_49' title='bbox 1389 399 1742 454; x_wconf 67' lang='lat' dir='ltr'>salariuiir·&#39;11‘6&#39;stu-</span> 
     </span>
     <span class='ocr_line' id='line_1_8' title="bbox 200 452 1743 510; baseline 0.002 -16"><span class='ocrx_word' id='word_1_50' title='bbox 200 455 346 494; x_wconf 88' lang='lat' dir='ltr'>lantem</span> <span class='ocrx_word' id='word_1_51' title='bbox 373 452 668 507; x_wconf 87' lang='lat' dir='ltr'>dicentemque:</span> <span class='ocrx_word' id='word_1_52' title='bbox 715 455 804 496; x_wconf 69' lang='lat' dir='ltr'>Non</span> <span class='ocrx_word' id='word_1_53' title='bbox 833 454 938 495; x_wconf 76' lang='lat' dir='ltr'>lucri</span> <span class='ocrx_word' id='word_1_54' title='bbox 965 470 1084 496; x_wconf 85' lang='lat' dir='ltr'>causa</span> <span class='ocrx_word' id='word_1_55' title='bbox 1114 456 1208 496; x_wconf 84' lang='lat' dir='ltr'>dari</span> <span class='ocrx_word' id='word_1_56' title='bbox 1234 456 1304 496; x_wconf 78' lang='lat' dir='ltr'>hoc</span> <span class='ocrx_word' id='word_1_57' title='bbox 1334 456 1434 496; x_wconf 75' lang='lat' dir='ltr'>milii</span> <span class='ocrx_word' id='word_1_58' title='bbox 1458 470 1574 510; x_wconf 70' lang='lat' dir='ltr'>roqo,</span> <span class='ocrx_word' id='word_1_59' title='bbox 1604 458 1670 497; x_wconf 86' lang='lat' dir='ltr'>sed</span> <span class='ocrx_word' id='word_1_60' title='bbox 1700 465 1743 497; x_wconf 82' lang='lat' dir='ltr'>nt</span> 
     </span>
     <span class='ocr_line' id='line_1_9' title="bbox 199 509 1739 566; baseline 0.001 -16"><span class='ocrx_word' id='word_1_61' title='bbox 199 510 347 551; x_wconf 74' lang='lat' dir='ltr'>indicio</span> <span class='ocrx_word' id='word_1_62' title='bbox 376 517 441 550; x_wconf 79' lang='lat' dir='ltr'>tuo</span> <span class='ocrx_word' id='word_1_63' title='bbox 469 524 612 550; x_wconf 80' lang='lat' dir='ltr'>numus</span> <span class='ocrx_word' id='word_1_64' title='bbox 636 509 773 550; x_wconf 74' lang='lat' dir='ltr'>videar</span> <span class='ocrx_word' id='word_1_65' title='bbox 799 512 1034 566; x_wconf 67' lang='lat' dir='ltr'>impetrasse,</span> <span class='ocrx_word' id='word_1_66' title='bbox 1059 519 1092 552; x_wconf 84' lang='lat' dir='ltr'>et</span> <span class='ocrx_word' id='word_1_67' title='bbox 1120 514 1174 553; x_wconf 82' lang='lat' dir='ltr'>ita</span> <span class='ocrx_word' id='word_1_68' title='bbox 1201 512 1372 566; x_wconf 78' lang='lat' dir='ltr'>officium</span> <span class='ocrx_word' id='word_1_69' title='bbox 1400 512 1634 566; x_wconf 70' lang='lat' dir='ltr'>deposuisse,</span> <span class='ocrx_word' id='word_1_70' title='bbox 1664 512 1739 552; x_wconf 89' lang='lat' dir='ltr'>boc</span> 
     </span>
     <span class='ocr_line' id='line_1_10' title="bbox 200 565 1774 623; baseline 0.002 -17"><span class='ocrx_word' id='word_1_71' title='bbox 200 566 307 606; x_wconf 75' lang='lat' dir='ltr'>(licto</span> <span class='ocrx_word' id='word_1_72' title='bbox 337 565 597 619; x_wconf 78' lang='lat' dir='ltr'>repercussit:</span> <span class='ocrx_word' id='word_1_73' title='bbox 641 566 699 607; x_wconf 81' lang='lat' dir='ltr'>Tu</span> <span class='ocrx_word' id='word_1_74' title='bbox 727 574 761 607; x_wconf 87' lang='lat' dir='ltr'>te</span> <span class='ocrx_word' id='word_1_75' title='bbox 790 568 981 622; x_wconf 79' lang='lat' dir='ltr'>accepisse</span> <span class='ocrx_word' id='word_1_76' title='bbox 1008 568 1117 623; x_wconf 81' lang='lat' dir='ltr'>apud</span> <span class='ocrx_word' id='word_1_77' title='bbox 1147 582 1275 609; x_wconf 81' lang='lat' dir='ltr'>onmes</span> <span class='ocrx_word' id='word_1_78' title='bbox 1306 568 1478 622; x_wconf 79' lang='lat' dir='ltr'>affirma,</span> <span class='ocrx_word' id='word_1_79' title='bbox 1517 575 1550 608; x_wconf 81' lang='lat' dir='ltr'>et</span> <span class='ocrx_word' id='word_1_80' title='bbox 1579 583 1644 622; x_wconf 70' lang='lat' dir='ltr'>eqo</span> <span class='ocrx_word' id='word_1_81' title='bbox 1677 569 1774 622; x_wconf 32' lang='grc' dir='ltr'>εἰσ-τί.</span> 
     </span>
    </p>
   </div>
   <div class='ocr_carea' id='block_1_4' title="bbox 160 622 705 675">
    <p class='ocr_par' dir='ltr' id='par_1_4' title="bbox 160 622 705 675">
     <span class='ocr_line' id='line_1_11' title="bbox 160 622 705 675; baseline -0.002 -12"><span class='ocrx_word' id='word_1_82' title='bbox 160 622 300 664; x_wconf 71' lang='lat' dir='ltr'>fidisse</span> <span class='ocrx_word' id='word_1_83' title='bbox 334 636 393 667; x_wconf 85' lang='lat' dir='ltr'>me</span> <span class='ocrx_word' id='word_1_84' title='bbox 425 636 526 662; x_wconf 86' lang='lat' dir='ltr'>non.</span> <span class='ocrx_word' id='word_1_85' title='bbox 547 622 705 675; x_wconf 74' lang='lat' dir='ltr'>neqabo.</span> 
     </span>
    </p>
   </div>
   <div class='ocr_carea' id='block_1_5' title="bbox 778 622 1735 664">
    <p class='ocr_par' dir='ltr' id='par_1_5' title="bbox 778 622 1735 664">
     <span class='ocr_line' id='line_1_12' title="bbox 778 622 1735 664; baseline 0.002 -2"><span class='ocrx_word' id='word_1_86' title='bbox 778 622 991 664; x_wconf 89' lang='lat' dir='ltr'>Urbanitas</span> <span class='ocrx_word' id='word_1_87' title='bbox 1026 623 1206 664; x_wconf 85' lang='lat' dir='ltr'>eiusdem</span> <span class='ocrx_word' id='word_1_88' title='bbox 1243 623 1735 664; x_wconf 58' lang='lat' dir='ltr'>innotuit—-cireffi-Hefen-</span> 
     </span>
    </p>
   </div>
   <div class='ocr_carea' id='block_1_6' title="bbox 133 677 1739 846">
    <p class='ocr_par' dir='ltr' id='par_1_6' title="bbox 133 677 1739 846">
     <span class='ocr_line' id='line_1_13' title="bbox 198 677 1739 729; baseline 0.001 -11"><span class='ocrx_word' id='word_1_89' title='bbox 198 678 309 718; x_wconf 89' lang='lat' dir='ltr'>nium</span> <span class='ocrx_word' id='word_1_90' title='bbox 343 677 520 718; x_wconf 87' lang='lat' dir='ltr'>deditum</span> <span class='ocrx_word' id='word_1_91' title='bbox 549 677 653 718; x_wconf 85' lang='lat' dir='ltr'>vitiis</span> <span class='ocrx_word' id='word_1_92' title='bbox 687 677 882 719; x_wconf 89' lang='lat' dir='ltr'>iuvenem.</span> <span class='ocrx_word' id='word_1_93' title='bbox 932 680 1064 729; x_wconf 90' lang='lat' dir='ltr'>Quem</span> <span class='ocrx_word' id='word_1_94' title='bbox 1095 693 1185 720; x_wconf 90' lang='lat' dir='ltr'>cum</span> <span class='ocrx_word' id='word_1_95' title='bbox 1219 679 1357 721; x_wconf 86' lang='lat' dir='ltr'>castris</span> <span class='ocrx_word' id='word_1_96' title='bbox 1387 679 1577 720; x_wconf 77' lang='lat' dir='ltr'>excedere</span> <span class='ocrx_word' id='word_1_97' title='bbox 1604 680 1739 720; x_wconf 86' lang='lat' dir='ltr'>iussis-</span> 
     </span>
     <span class='ocr_line' id='line_1_14' title="bbox 133 732 1739 791; baseline 0.001 -17"><span class='ocrx_word' id='word_1_98' title='bbox 133 739 302 790; x_wconf 74' lang='lat' dir='ltr'>[341]set,</span> <span class='ocrx_word' id='word_1_99' title='bbox 335 738 375 773; x_wconf 89' lang='lat' dir='ltr'>et</span> <span class='ocrx_word' id='word_1_100' title='bbox 401 733 464 774; x_wconf 92' lang='lat' dir='ltr'>ille</span> <span class='ocrx_word' id='word_1_101' title='bbox 492 733 657 787; x_wconf 87' lang='lat' dir='ltr'>supplex</span> <span class='ocrx_word' id='word_1_102' title='bbox 686 732 759 774; x_wconf 88' lang='lat' dir='ltr'>hac</span> <span class='ocrx_word' id='word_1_103' title='bbox 791 734 1070 789; x_wconf 81' lang='lat' dir='ltr'>deprecatione</span> <span class='ocrx_word' id='word_1_104' title='bbox 1098 740 1297 776; x_wconf 85' lang='lat' dir='ltr'>uteretur:</span> <span class='ocrx_word' id='word_1_105' title='bbox 1346 736 1548 784; x_wconf 78' lang='lat' dir='ltr'>Quomodo</span> <span class='ocrx_word' id='word_1_106' title='bbox 1583 736 1636 776; x_wconf 87' lang='lat' dir='ltr'>ad</span> <span class='ocrx_word' id='word_1_107' title='bbox 1663 751 1739 791; x_wconf 78' lang='lat' dir='ltr'>pa-</span> 
     </span>
     <span class='ocr_line' id='line_1_15' title="bbox 195 790 1739 846; baseline 0.001 -15"><span class='ocrx_word' id='word_1_108' title='bbox 195 791 295 831; x_wconf 83' lang='lat' dir='ltr'>trias</span> <span class='ocrx_word' id='word_1_109' title='bbox 323 790 428 830; x_wconf 84' lang='lat' dir='ltr'>sedes</span> <span class='ocrx_word' id='word_1_110' title='bbox 460 790 665 831; x_wconf 72' lang='lat' dir='ltr'>revertar?</span> <span class='ocrx_word' id='word_1_111' title='bbox 709 790 804 844; x_wconf 82' lang='lat' dir='ltr'>qnid</span> <span class='ocrx_word' id='word_1_112' title='bbox 832 792 944 845; x_wconf 82' lang='lat' dir='ltr'>patri</span> <span class='ocrx_word' id='word_1_113' title='bbox 973 806 1055 833; x_wconf 85' lang='lat' dir='ltr'>meo</span> <span class='ocrx_word' id='word_1_114' title='bbox 1094 792 1249 833; x_wconf 84' lang='lat' dir='ltr'>dicam?</span> <span class='ocrx_word' id='word_1_115' title='bbox 1288 791 1513 846; x_wconf 86' lang='lat' dir='ltr'>respondit:</span> <span class='ocrx_word' id='word_1_116' title='bbox 1558 792 1636 833; x_wconf 85' lang='lat' dir='ltr'>Die</span> <span class='ocrx_word' id='word_1_117' title='bbox 1679 807 1739 833; x_wconf 82' lang='lat' dir='ltr'>me</span> 
     </span>
    </p>
   </div>
   <div class='ocr_carea' id='block_1_7' title="bbox 159 846 551 901">
    <p class='ocr_par' dir='ltr' id='par_1_7' title="bbox 159 846 551 901">
     <span class='ocr_line' id='line_1_16' title="bbox 159 846 551 901; baseline -0.005 -13"><span class='ocrx_word' id='word_1_118' title='bbox 159 848 182 888; x_wconf 82' lang='grc'><strong>7</strong></span> <span class='ocrx_word' id='word_1_119' title='bbox 196 847 270 887; x_wconf 78' lang='lat' dir='ltr'>tibi</span> <span class='ocrx_word' id='word_1_120' title='bbox 297 846 551 901; x_wconf 77' lang='lat' dir='ltr'>displicuisse.</span> 
     </span>
    </p>
   </div>
   <div class='ocr_carea' id='block_1_8' title="bbox 617 845 1736 908">
    <p class='ocr_par' dir='ltr' id='par_1_8' title="bbox 617 845 1736 908">
     <span class='ocr_line' id='line_1_17' title="bbox 617 845 1736 908; baseline 0.002 -22"><span class='ocrx_word' id='word_1_121' title='bbox 617 845 720 886; x_wconf 81' lang='lat' dir='ltr'>Saxo</span> <span class='ocrx_word' id='word_1_122' title='bbox 750 845 790 886; x_wconf 89' lang='lat' dir='ltr'>in</span> <span class='ocrx_word' id='word_1_123' title='bbox 818 846 1070 908; x_wconf 52' lang='lat' dir='ltr'>espeditione</span> <span class='ocrx_word' id='word_1_124' title='bbox 1096 861 1328 901; x_wconf 89' lang='lat' dir='ltr'>percussum</span> <span class='ocrx_word' id='word_1_125' title='bbox 1358 861 1404 888; x_wconf 88' lang='lat' dir='ltr'>ac</span> <span class='ocrx_word' id='word_1_126' title='bbox 1436 848 1602 888; x_wconf 81' lang='lat' dir='ltr'>notabili</span> <span class='ocrx_word' id='word_1_127' title='bbox 1635 848 1736 889; x_wconf 85' lang='lat' dir='ltr'>cica-</span> 
     </span>
    </p>
   </div>
   <div class='ocr_carea' id='block_1_9' title="bbox 154 900 1737 1294">
    <p class='ocr_par' dir='ltr' id='par_1_9' title="bbox 154 900 1737 1294">
     <span class='ocr_line' id='line_1_18' title="bbox 194 900 1737 957; baseline 0.001 -15"><span class='ocrx_word' id='word_1_128' title='bbox 194 901 292 943; x_wconf 89' lang='lat' dir='ltr'>trice</span> <span class='ocrx_word' id='word_1_129' title='bbox 318 901 357 942; x_wconf 91' lang='lat' dir='ltr'>in</span> <span class='ocrx_word' id='word_1_130' title='bbox 393 901 522 942; x_wconf 90' lang='lat' dir='ltr'>fronte</span> <span class='ocrx_word' id='word_1_131' title='bbox 548 900 781 952; x_wconf 83' lang='lat' dir='ltr'>deformem,</span> <span class='ocrx_word' id='word_1_132' title='bbox 816 902 981 943; x_wconf 79' lang='lat' dir='ltr'>nimium</span> <span class='ocrx_word' id='word_1_133' title='bbox 1012 908 1144 943; x_wconf 88' lang='lat' dir='ltr'>tamen</span> <span class='ocrx_word' id='word_1_134' title='bbox 1170 917 1240 944; x_wconf 89' lang='lat' dir='ltr'>sua</span> <span class='ocrx_word' id='word_1_135' title='bbox 1268 916 1388 957; x_wconf 89' lang='lat' dir='ltr'>opera</span> <span class='ocrx_word' id='word_1_136' title='bbox 1418 903 1649 953; x_wconf 85' lang='lat' dir='ltr'>iactantem,</span> <span class='ocrx_word' id='word_1_137' title='bbox 1682 904 1737 944; x_wconf 88' lang='lat' dir='ltr'>sic</span> 
     </span>
     <span class='ocr_line' id='line_1_19' title="bbox 195 957 1735 1014; baseline 0.002 -17"><span class='ocrx_word' id='word_1_138' title='bbox 195 957 334 998; x_wconf 85' lang='lat' dir='ltr'>leniter</span> <span class='ocrx_word' id='word_1_139' title='bbox 360 957 584 1010; x_wconf 73' lang='lat' dir='ltr'>castigavit:</span> <span class='ocrx_word' id='word_1_140' title='bbox 618 960 669 998; x_wconf 75' lang='lat' dir='ltr'>At</span> <span class='ocrx_word' id='word_1_141' title='bbox 696 966 756 1007; x_wconf 76' lang='lat' dir='ltr'>ta,</span> <span class='ocrx_word' id='word_1_142' title='bbox 787 973 874 999; x_wconf 83' lang='lat' dir='ltr'>cum</span> <span class='ocrx_word' id='word_1_143' title='bbox 899 960 1046 1013; x_wconf 72' lang='lat' dir='ltr'>fuyies,</span> <span class='ocrx_word' id='word_1_144' title='bbox 1076 959 1226 1014; x_wconf 87' lang='lat' dir='ltr'>inquit,</span> <span class='ocrx_word' id='word_1_145' title='bbox 1254 974 1466 1014; x_wconf 79' lang='lat' dir='ltr'>numquam</span> <span class='ocrx_word' id='word_1_146' title='bbox 1492 967 1583 1014; x_wconf 81' lang='lat' dir='ltr'>post</span> <span class='ocrx_word' id='word_1_147' title='bbox 1611 967 1645 1000; x_wconf 88' lang='lat' dir='ltr'>te</span> <span class='ocrx_word' id='word_1_148' title='bbox 1675 974 1735 1000; x_wconf 83' lang='lat' dir='ltr'>re-</span> 
     </span>
     <span class='ocr_line' id='line_1_20' title="bbox 156 1013 1736 1070; baseline -0.001 -14"><span class='ocrx_word' id='word_1_149' title='bbox 156 1014 382 1069; x_wconf 72' lang='lat' dir='ltr'>Sspeoeeris.</span> <span class='ocrx_word' id='word_1_150' title='bbox 447 1013 615 1063; x_wconf 83' lang='lat' dir='ltr'>Galbae,</span> <span class='ocrx_word' id='word_1_151' title='bbox 660 1014 773 1054; x_wconf 90' lang='lat' dir='ltr'>cuius</span> <span class='ocrx_word' id='word_1_152' title='bbox 804 1014 971 1055; x_wconf 90' lang='lat' dir='ltr'>informe</span> <span class='ocrx_word' id='word_1_153' title='bbox 1002 1015 1121 1068; x_wconf 82' lang='lat' dir='ltr'>gibbo</span> <span class='ocrx_word' id='word_1_154' title='bbox 1151 1020 1235 1056; x_wconf 83' lang='lat' dir='ltr'>erat</span> <span class='ocrx_word' id='word_1_155' title='bbox 1262 1028 1428 1070; x_wconf 88' lang='lat' dir='ltr'>corpus,</span> <span class='ocrx_word' id='word_1_156' title='bbox 1472 1014 1602 1068; x_wconf 81' lang='lat' dir='ltr'>agenti</span> <span class='ocrx_word' id='word_1_157' title='bbox 1630 1015 1736 1069; x_wconf 89' lang='lat' dir='ltr'>apud</span> 
     </span>
     <span class='ocr_line' id='line_1_21' title="bbox 194 1070 1734 1126; baseline 0 -15"><span class='ocrx_word' id='word_1_158' title='bbox 194 1084 236 1111; x_wconf 88' lang='lat' dir='ltr'>sc</span> <span class='ocrx_word' id='word_1_159' title='bbox 262 1083 422 1111; x_wconf 87' lang='lat' dir='ltr'>causam</span> <span class='ocrx_word' id='word_1_160' title='bbox 450 1075 489 1110; x_wconf 87' lang='lat' dir='ltr'>et</span> <span class='ocrx_word' id='word_1_161' title='bbox 518 1070 745 1123; x_wconf 90' lang='lat' dir='ltr'>frequenter</span> <span class='ocrx_word' id='word_1_162' title='bbox 771 1071 935 1112; x_wconf 83' lang='lat' dir='ltr'>dicenti:</span> <span class='ocrx_word' id='word_1_163' title='bbox 975 1072 1154 1126; x_wconf 59' lang='lat' dir='ltr'>eriqe,</span> <span class='ocrx_word' id='word_1_164' title='bbox 1183 1072 1226 1113; x_wconf 84' lang='lat' dir='ltr'>in</span> <span class='ocrx_word' id='word_1_165' title='bbox 1255 1086 1314 1112; x_wconf 80' lang='lat' dir='ltr'>me</span> <span class='ocrx_word' id='word_1_166' title='bbox 1342 1072 1380 1112; x_wconf 83' lang='lat' dir='ltr'>si</span> <span class='ocrx_word' id='word_1_167' title='bbox 1403 1071 1499 1126; x_wconf 82' lang='lat' dir='ltr'>qnid</span> <span class='ocrx_word' id='word_1_168' title='bbox 1526 1071 1734 1125; x_wconf 74' lang='lat' dir='ltr'>reprelien-</span> 
     </span>
     <span class='ocr_line' id='line_1_22' title="bbox 193 1126 1730 1182; baseline 0.001 -16"><span class='ocrx_word' id='word_1_169' title='bbox 193 1127 275 1174; x_wconf 80' lang='lat' dir='ltr'>dis,</span> <span class='ocrx_word' id='word_1_170' title='bbox 321 1126 544 1179; x_wconf 85' lang='lat' dir='ltr'>respoudit:</span> <span class='ocrx_word' id='word_1_171' title='bbox 583 1127 672 1181; x_wconf 15' lang='lat' dir='ltr'>*Eyo</span> <span class='ocrx_word' id='word_1_172' title='bbox 707 1135 745 1181; x_wconf 68' lang='lat' dir='ltr'>te</span> <span class='ocrx_word' id='word_1_173' title='bbox 765 1142 939 1181; x_wconf 14' lang='lat' dir='ltr'>aaronem</span> <span class='ocrx_word' id='word_1_174' title='bbox 970 1143 1152 1182; x_wconf 80' lang='lat' dir='ltr'>possum,</span> <span class='ocrx_word' id='word_1_175' title='bbox 1202 1129 1400 1181; x_wconf 71' lang='lat' dir='ltr'>eorriyere</span> <span class='ocrx_word' id='word_1_176' title='bbox 1440 1141 1522 1168; x_wconf 81' lang='lat' dir='ltr'>non</span> <span class='ocrx_word' id='word_1_177' title='bbox 1559 1142 1730 1181; x_wconf 81' lang='lat' dir='ltr'>possum.</span> 
     </span>
     <span class='ocr_line' id='line_1_23' title="bbox 154 1175 1732 1231; baseline 0 -8"><span class='ocrx_word' id='word_1_178' title='bbox 154 1182 296 1223; x_wconf 80' lang='lat' dir='ltr'>9Cum</span> <span class='ocrx_word' id='word_1_179' title='bbox 329 1181 441 1221; x_wconf 89' lang='lat' dir='ltr'>multi</span> <span class='ocrx_word' id='word_1_180' title='bbox 479 1182 625 1223; x_wconf 86' lang='lat' dir='ltr'>Severo</span> <span class='ocrx_word' id='word_1_181' title='bbox 658 1181 795 1223; x_wconf 82' lang='lat' dir='ltr'>Cassio</span> <span class='ocrx_word' id='word_1_182' title='bbox 829 1175 1732 1231; x_wconf 39' lang='lat' dir='ltr'>accusante-‘absol»affirmaret-metuamus</span> 
     </span>
     <span class='ocr_line' id='line_1_24' title="bbox 192 1237 1733 1294; baseline 0.001 -17"><span class='ocrx_word' id='word_1_183' title='bbox 192 1237 266 1278; x_wconf 92' lang='lat' dir='ltr'>fori</span> <span class='ocrx_word' id='word_1_184' title='bbox 298 1237 470 1290; x_wconf 76' lang='lat' dir='ltr'>Augusti</span> <span class='ocrx_word' id='word_1_185' title='bbox 508 1238 823 1292; x_wconf 85' lang='lat' dir='ltr'>expectationem</span> <span class='ocrx_word' id='word_1_186' title='bbox 861 1239 991 1294; x_wconf 88' lang='lat' dir='ltr'>operis</span> <span class='ocrx_word' id='word_1_187' title='bbox 1032 1239 1101 1280; x_wconf 90' lang='lat' dir='ltr'>diu</span> <span class='ocrx_word' id='word_1_188' title='bbox 1137 1239 1328 1287; x_wconf 86' lang='lat' dir='ltr'>traheret,</span> <span class='ocrx_word' id='word_1_189' title='bbox 1376 1238 1430 1278; x_wconf 89' lang='lat' dir='ltr'>ita</span> <span class='ocrx_word' id='word_1_190' title='bbox 1467 1238 1620 1279; x_wconf 87' lang='lat' dir='ltr'>iocatus</span> <span class='ocrx_word' id='word_1_191' title='bbox 1656 1244 1733 1279; x_wconf 90' lang='lat' dir='ltr'>est:</span> 
     </span>
    </p>
   </div>
   <div class='ocr_carea' id='block_1_10' title="bbox 131 1294 1109 1351">
    <p class='ocr_par' dir='ltr' id='par_1_10' title="bbox 131 1294 1109 1351">
     <span class='ocr_line' id='line_1_25' title="bbox 131 1294 1109 1351; baseline 0.002 -16"><span class='ocrx_word' id='word_1_192' title='bbox 131 1294 180 1335; x_wconf 94' lang='lat' dir='ltr'>lO</span> <span class='ocrx_word' id='word_1_193' title='bbox 201 1295 333 1336; x_wconf 78' lang='lat' dir='ltr'>Vellem</span> <span class='ocrx_word' id='word_1_194' title='bbox 374 1294 527 1335; x_wconf 72' lang='lat' dir='ltr'>Cassius</span> <span class='ocrx_word' id='word_1_195' title='bbox 565 1302 598 1335; x_wconf 79' lang='lat' dir='ltr'>et</span> <span class='ocrx_word' id='word_1_196' title='bbox 632 1309 758 1337; x_wconf 69' lang='lat' dir='ltr'>metim</span> <span class='ocrx_word' id='word_1_197' title='bbox 783 1298 918 1351; x_wconf 80' lang='lat' dir='ltr'>forum</span> <span class='ocrx_word' id='word_1_198' title='bbox 949 1303 1109 1337; x_wconf 75' lang='lat' dir='ltr'>accuset.</span> 
     </span>
    </p>
   </div>
   <div class='ocr_carea' id='block_1_11' title="bbox 184 1404 800 1592">
    <p class='ocr_par' dir='ltr' id='par_1_11' title="bbox 184 1404 800 1592">
     <span class='ocr_line' id='line_1_26' title="bbox 279 1404 576 1448; baseline 0.003 -11"><span class='ocrx_word' id='word_1_199' title='bbox 279 1404 384 1448; x_wconf 84' lang='lat' dir='ltr'>[Mss.</span> <span class='ocrx_word' id='word_1_200' title='bbox 411 1404 576 1438; x_wconf 85' lang='lat' dir='ltr'>ABGPS.</span> 
     </span>
     <span class='ocr_line' id='line_1_27' title="bbox 184 1460 800 1504; baseline 0.003 -12"><span class='ocrx_word' id='word_1_201' title='bbox 184 1463 355 1504; x_wconf 78' lang='lat' dir='ltr'>proferret</span> <span class='ocrx_word' id='word_1_202' title='bbox 380 1461 478 1502; x_wconf 89' lang='lat' dir='ltr'>(sup.</span> <span class='ocrx_word' id='word_1_203' title='bbox 503 1460 585 1492; x_wconf 82' lang='lat' dir='ltr'>add.</span> <span class='ocrx_word' id='word_1_204' title='bbox 611 1462 730 1499; x_wconf 80' lang='lat' dir='ltr'>modo)</span> <span class='ocrx_word' id='word_1_205' title='bbox 758 1461 800 1494; x_wconf 89' lang='lat' dir='ltr'>G.</span> 
     </span>
     <span class='ocr_line' id='line_1_28' title="bbox 187 1506 588 1547; baseline -0.005 -9"><span class='ocrx_word' id='word_1_206' title='bbox 187 1522 230 1529; x_wconf 89' lang='lat'>—</span> <span class='ocrx_word' id='word_1_207' title='bbox 270 1506 313 1538; x_wconf 85' lang='lat' dir='ltr'>ab</span> <span class='ocrx_word' id='word_1_208' title='bbox 336 1506 398 1537; x_wconf 88' lang='lat' dir='ltr'>illo</span> <span class='ocrx_word' id='word_1_209' title='bbox 421 1506 485 1537; x_wconf 82' lang='lat' dir='ltr'>sibi</span> <span class='ocrx_word' id='word_1_210' title='bbox 507 1516 588 1547; x_wconf 80' lang='lat' dir='ltr'>v-g.</span> 
     </span>
     <span class='ocr_line' id='line_1_29' title="bbox 188 1550 689 1592; baseline 0 -11"><span class='ocrx_word' id='word_1_211' title='bbox 188 1555 269 1582; x_wconf 84' lang='lat' dir='ltr'>tum</span> <span class='ocrx_word' id='word_1_212' title='bbox 295 1550 339 1581; x_wconf 88' lang='lat' dir='ltr'>H.</span> <span class='ocrx_word' id='word_1_213' title='bbox 374 1567 419 1573; x_wconf 94' lang='lat'><strong>—</strong></span> <span class='ocrx_word' id='word_1_214' title='bbox 459 1550 589 1582; x_wconf 83' lang='lat' dir='ltr'>leviter</span> <span class='ocrx_word' id='word_1_215' title='bbox 613 1561 689 1592; x_wconf 80' lang='lat' dir='ltr'>v—g.</span> 
     </span>
    </p>
   </div>
   <div class='ocr_carea' id='block_1_12' title="bbox 1112 1172 1256 1184">
    <p class='ocr_par' dir='ltr' id='par_1_12' title="bbox 1112 1172 1256 1184">
     <span class='ocr_line' id='line_1_30' title="bbox 1112 1172 1256 1184; baseline 0 -4"><span class='ocrx_word' id='word_1_216' title='bbox 1112 1172 1256 1184; x_wconf 18' lang='lat' dir='ltr'>“me-</span> 
     </span>
    </p>
   </div>
   <div class='ocr_carea' id='block_1_13' title="bbox 1175 1295 1730 1337">
    <p class='ocr_par' dir='ltr' id='par_1_13' title="bbox 1175 1295 1730 1337">
     <span class='ocr_line' id='line_1_31' title="bbox 1175 1295 1730 1337; baseline -0.002 -1"><span class='ocrx_word' id='word_1_217' title='bbox 1175 1295 1334 1337; x_wconf 87' lang='lat' dir='ltr'>Vettius</span> <span class='ocrx_word' id='word_1_218' title='bbox 1369 1308 1461 1335; x_wconf 89' lang='lat' dir='ltr'>cum</span> <span class='ocrx_word' id='word_1_219' title='bbox 1493 1308 1730 1336; x_wconf 89' lang='lat' dir='ltr'>monumen-</span> 
     </span>
    </p>
   </div>
   <div class='ocr_carea' id='block_1_14' title="bbox 936 1460 1729 1505">
    <p class='ocr_par' dir='ltr' id='par_1_14' title="bbox 936 1460 1729 1505">
     <span class='ocr_line' id='line_1_32' title="bbox 936 1460 1729 1505; baseline -0.001 -12"><span class='ocrx_word' id='word_1_220' title='bbox 936 1463 967 1493; x_wconf 83' lang='lat'>4.</span> <span class='ocrx_word' id='word_1_221' title='bbox 1003 1462 1188 1505; x_wconf 83' lang='lat' dir='ltr'>pacuvius</span> <span class='ocrx_word' id='word_1_222' title='bbox 1211 1461 1370 1494; x_wconf 85' lang='lat' dir='ltr'>Sv3-bP.</span> <span class='ocrx_word' id='word_1_223' title='bbox 1417 1460 1496 1493; x_wconf 70' lang='lat' dir='ltr'>Vid.</span> <span class='ocrx_word' id='word_1_224' title='bbox 1521 1460 1555 1501; x_wconf 89' lang='lat' dir='ltr'>I,</span> <span class='ocrx_word' id='word_1_225' title='bbox 1587 1463 1647 1502; x_wconf 84' lang='lat'>12,</span> <span class='ocrx_word' id='word_1_226' title='bbox 1674 1463 1729 1493; x_wconf 85' lang='lat'>35.</span> 
     </span>
    </p>
   </div>
   <div class='ocr_carea' id='block_1_15' title="bbox 724 1506 1467 1594">
    <p class='ocr_par' dir='ltr' id='par_1_15' title="bbox 724 1506 1467 1594">
     <span class='ocr_line' id='line_1_33' title="bbox 724 1506 1334 1548; baseline 0 -10"><span class='ocrx_word' id='word_1_227' title='bbox 724 1509 757 1538; x_wconf 85' lang='lat'>5.</span> <span class='ocrx_word' id='word_1_228' title='bbox 803 1506 928 1539; x_wconf 81' lang='lat' dir='ltr'>minus</span> <span class='ocrx_word' id='word_1_229' title='bbox 953 1508 1078 1539; x_wconf 85' lang='lat' dir='ltr'>videas</span> <span class='ocrx_word' id='word_1_230' title='bbox 1112 1508 1209 1548; x_wconf 88' lang='lat' dir='ltr'>(sup.</span> <span class='ocrx_word' id='word_1_231' title='bbox 1235 1510 1270 1545; x_wconf 85' lang='lat' dir='ltr'>r)</span> <span class='ocrx_word' id='word_1_232' title='bbox 1296 1506 1334 1538; x_wconf 86' lang='grc' dir='ltr'>Λ.</span> 
     </span>
     <span class='ocr_line' id='line_1_34' title="bbox 826 1549 1467 1594; baseline -0.005 -11"><span class='ocrx_word' id='word_1_233' title='bbox 826 1554 858 1583; x_wconf 83' lang='grc'>8.</span> <span class='ocrx_word' id='word_1_234' title='bbox 907 1553 1050 1594; x_wconf 77' lang='lat' dir='ltr'>Corrige</span> <span class='ocrx_word' id='word_1_235' title='bbox 1072 1562 1123 1583; x_wconf 85' lang='lat' dir='ltr'>me</span> <span class='ocrx_word' id='word_1_236' title='bbox 1148 1553 1238 1592; x_wconf 90' lang='lat' dir='ltr'>(om.</span> <span class='ocrx_word' id='word_1_237' title='bbox 1263 1552 1317 1588; x_wconf 84' lang='lat' dir='ltr'>in)</span> <span class='ocrx_word' id='word_1_238' title='bbox 1344 1549 1467 1581; x_wconf 84' lang='lat' dir='ltr'>Ble.</span> 
     </span>
    </p>
   </div>
   <div class='ocr_carea' id='block_1_16' title="bbox 1471 1507 1732 1582">
    <p class='ocr_par' dir='ltr' id='par_1_16' title="bbox 1471 1507 1732 1582">
     <span class='ocr_line' id='line_1_35' title="bbox 1471 1507 1729 1547; baseline -0.004 -9"><span class='ocrx_word' id='word_1_239' title='bbox 1471 1509 1503 1539; x_wconf 77' lang='lat'>7.</span> <span class='ocrx_word' id='word_1_240' title='bbox 1549 1507 1729 1547; x_wconf 83' lang='lat' dir='ltr'>deforma-</span> 
     </span>
     <span class='ocr_line' id='line_1_36' title="bbox 1601 1553 1732 1582; baseline -0.008 0"><span class='ocrx_word' id='word_1_241' title='bbox 1601 1553 1632 1582; x_wconf 88' lang='grc'>9.</span> <span class='ocrx_word' id='word_1_242' title='bbox 1673 1561 1732 1582; x_wconf 68' lang='lat' dir='ltr'>ex-</span> 
     </span>
    </p>
   </div>
   <div class='ocr_carea' id='block_1_17' title="bbox 185 1593 1731 1636">
    <p class='ocr_par' dir='ltr' id='par_1_17' title="bbox 185 1593 1731 1636">
     <span class='ocr_line' id='line_1_37' title="bbox 185 1593 1731 1636; baseline 0 -11"><span class='ocrx_word' id='word_1_243' title='bbox 185 1595 415 1636; x_wconf 83' lang='lat' dir='ltr'>pectationem</span> <span class='ocrx_word' id='word_1_244' title='bbox 441 1594 502 1625; x_wconf 84' lang='lat' dir='ltr'>diu</span> <span class='ocrx_word' id='word_1_245' title='bbox 531 1595 643 1636; x_wconf 80' lang='lat' dir='ltr'>operis</span> <span class='ocrx_word' id='word_1_246' title='bbox 668 1594 711 1626; x_wconf 87' lang='lat' dir='ltr'>G.</span> <span class='ocrx_word' id='word_1_247' title='bbox 729 1612 773 1618; x_wconf 95' lang='lat'><strong>—</strong></span> <span class='ocrx_word' id='word_1_248' title='bbox 804 1601 951 1628; x_wconf 85' lang='lat' dir='ltr'>vocatus</span> <span class='ocrx_word' id='word_1_249' title='bbox 974 1597 1016 1627; x_wconf 93' lang='lat' dir='ltr'>G.</span> <span class='ocrx_word' id='word_1_250' title='bbox 1043 1613 1085 1619; x_wconf 92' lang='lat'>—·</span> <span class='ocrx_word' id='word_1_251' title='bbox 1110 1600 1331 1628; x_wconf 79' lang='lat' dir='ltr'>accusasset</span> <span class='ocrx_word' id='word_1_252' title='bbox 1353 1595 1457 1636; x_wconf 83' lang='lat' dir='ltr'>v-gb.</span> <span class='ocrx_word' id='word_1_253' title='bbox 1490 1593 1636 1636; x_wconf 71' lang='lat' dir='ltr'>„Leges</span> <span class='ocrx_word' id='word_1_254' title='bbox 1659 1594 1731 1625; x_wconf 80' lang='lat' dir='ltr'>lin-</span> 
     </span>
    </p>
   </div>
   <div class='ocr_carea' id='block_1_18' title="bbox 188 1638 1069 1681">
    <p class='ocr_par' dir='ltr' id='par_1_18' title="bbox 188 1638 1069 1681">
     <span class='ocr_line' id='line_1_38' title="bbox 188 1638 1069 1681; baseline 0.002 -11"><span class='ocrx_word' id='word_1_255' title='bbox 188 1649 284 1681; x_wconf 84' lang='lat' dir='ltr'>guae</span> <span class='ocrx_word' id='word_1_256' title='bbox 307 1638 561 1670; x_wconf 83' lang='lat' dir='ltr'>commendant</span> <span class='ocrx_word' id='word_1_257' title='bbox 581 1639 675 1670; x_wconf 87' lang='lat' dir='ltr'>hanc</span> <span class='ocrx_word' id='word_1_258' title='bbox 698 1639 934 1672; x_wconf 76' lang='lat' dir='ltr'>lectionem.“</span> <span class='ocrx_word' id='word_1_259' title='bbox 957 1641 1069 1672; x_wconf 85' lang='lat' dir='ltr'>Zeun-</span> 
     </span>
    </p>
   </div>
   <div class='ocr_carea' id='block_1_19' title="bbox 177 1737 926 2976">
    <p class='ocr_par' dir='ltr' id='par_1_19' title="bbox 187 1737 924 1814">
     <span class='ocr_line' id='line_1_39' title="bbox 187 1737 924 1779; baseline 0.005 -11"><span class='ocrx_word' id='word_1_260' title='bbox 187 1737 447 1779; x_wconf 73' lang='lat' dir='ltr'>reprehendit,</span> <span class='ocrx_word' id='word_1_261' title='bbox 491 1737 584 1779; x_wconf 89' lang='lat' dir='ltr'>quod</span> <span class='ocrx_word' id='word_1_262' title='bbox 609 1738 707 1771; x_wconf 84' lang='lat' dir='ltr'>ultra</span> <span class='ocrx_word' id='word_1_263' title='bbox 732 1739 924 1772; x_wconf 72' lang='lat' dir='ltr'>veritatem</span> 
     </span>
     <span class='ocr_line' id='line_1_40' title="bbox 187 1783 535 1814; baseline 0.003 -1"><span class='ocrx_word' id='word_1_264' title='bbox 187 1793 263 1813; x_wconf 88' lang='lat' dir='ltr'>rem</span> <span class='ocrx_word' id='word_1_265' title='bbox 289 1783 535 1814; x_wconf 82' lang='lat' dir='ltr'>exornaverit.</span> 
     </span>
    </p>

    <p class='ocr_par' dir='ltr' id='par_1_20' title="bbox 184 1827 926 2399">
     <span class='ocr_line' id='line_1_41' title="bbox 230 1827 926 1870; baseline 0.004 -13"><span class='ocrx_word' id='word_1_266' title='bbox 230 1828 265 1858; x_wconf 88' lang='lat'>3.</span> <span class='ocrx_word' id='word_1_267' title='bbox 312 1832 345 1859; x_wconf 85' lang='lat' dir='ltr'>tc</span> <span class='ocrx_word' id='word_1_268' title='bbox 368 1837 477 1859; x_wconf 83' lang='lat' dir='ltr'>assem</span> <span class='ocrx_word' id='word_1_269' title='bbox 506 1827 688 1869; x_wconf 76' lang='lat' dir='ltr'>elephanto</span> <span class='ocrx_word' id='word_1_270' title='bbox 711 1827 807 1870; x_wconf 87' lang='lat' dir='ltr'>dare]</span> <span class='ocrx_word' id='word_1_271' title='bbox 834 1827 926 1867; x_wconf 83' lang='lat' dir='ltr'>„Est</span> 
     </span>
     <span class='ocr_line' id='line_1_42' title="bbox 187 1871 925 1914; baseline 0 -11"><span class='ocrx_word' id='word_1_272' title='bbox 187 1871 281 1912; x_wconf 84' lang='lat' dir='ltr'>apud</span> <span class='ocrx_word' id='word_1_273' title='bbox 310 1871 523 1903; x_wconf 76' lang='lat' dir='ltr'>Suetonium</span> <span class='ocrx_word' id='word_1_274' title='bbox 548 1872 713 1913; x_wconf 74' lang='lat' dir='ltr'>Augusto</span> <span class='ocrx_word' id='word_1_275' title='bbox 747 1883 826 1914; x_wconf 89' lang='lat' dir='ltr'>cap.</span> <span class='ocrx_word' id='word_1_276' title='bbox 857 1875 925 1913; x_wconf 77' lang='lat'>53.,</span> 
     </span>
     <span class='ocr_line' id='line_1_43' title="bbox 191 1914 926 1960; baseline 0.004 -14"><span class='ocrx_word' id='word_1_277' title='bbox 191 1914 253 1946; x_wconf 87' lang='lat' dir='ltr'>ubi</span> <span class='ocrx_word' id='word_1_278' title='bbox 288 1919 407 1947; x_wconf 85' lang='lat' dir='ltr'>tamen</span> <span class='ocrx_word' id='word_1_279' title='bbox 435 1926 503 1947; x_wconf 91' lang='lat' dir='ltr'>non</span> <span class='ocrx_word' id='word_1_280' title='bbox 536 1927 647 1948; x_wconf 83' lang='lat' dir='ltr'>assem</span> <span class='ocrx_word' id='word_1_281' title='bbox 676 1916 738 1948; x_wconf 87' lang='lat' dir='ltr'>sed</span> <span class='ocrx_word' id='word_1_282' title='bbox 773 1918 926 1960; x_wconf 80' lang='lat' dir='ltr'>stipem</span> 
     </span>
     <span class='ocr_line' id='line_1_44' title="bbox 186 1960 925 2003; baseline 0.003 -12"><span class='ocrx_word' id='word_1_283' title='bbox 186 1960 369 2001; x_wconf 82' lang='lat' dir='ltr'>elephanto</span> <span class='ocrx_word' id='word_1_284' title='bbox 395 1961 577 2003; x_wconf 78' lang='lat' dir='ltr'>porrigere</span> <span class='ocrx_word' id='word_1_285' title='bbox 601 1960 757 2003; x_wconf 77' lang='lat' dir='ltr'>legitur,</span> <span class='ocrx_word' id='word_1_286' title='bbox 795 1967 832 1993; x_wconf 87' lang='lat' dir='ltr'>et</span> <span class='ocrx_word' id='word_1_287' title='bbox 863 1972 925 1993; x_wconf 84' lang='lat' dir='ltr'>ex—</span> 
     </span>
     <span class='ocr_line' id='line_1_45' title="bbox 186 2004 924 2046; baseline 0.003 -12"><span class='ocrx_word' id='word_1_288' title='bbox 186 2004 302 2046; x_wconf 81' lang='lat' dir='ltr'>plicat</span> <span class='ocrx_word' id='word_1_289' title='bbox 327 2005 512 2035; x_wconf 85' lang='lat' dir='ltr'>luculente</span> <span class='ocrx_word' id='word_1_290' title='bbox 536 2005 663 2036; x_wconf 77' lang='lat' dir='ltr'>leacus</span> <span class='ocrx_word' id='word_1_291' title='bbox 688 2004 924 2037; x_wconf 83' lang='lat' dir='ltr'>casaubonus</span> 
     </span>
     <span class='ocr_line' id='line_1_46' title="bbox 187 2048 924 2081; baseline 0.001 -2"><span class='ocrx_word' id='word_1_292' title='bbox 187 2059 229 2079; x_wconf 82' lang='lat' dir='ltr'>ex</span> <span class='ocrx_word' id='word_1_293' title='bbox 255 2048 398 2079; x_wconf 86' lang='lat' dir='ltr'>Aeliani</span> <span class='ocrx_word' id='word_1_294' title='bbox 433 2048 592 2080; x_wconf 85' lang='lat' dir='ltr'>historia</span> <span class='ocrx_word' id='word_1_295' title='bbox 627 2049 671 2080; x_wconf 77' lang='lat' dir='ltr'>(le</span> <span class='ocrx_word' id='word_1_296' title='bbox 702 2049 924 2081; x_wconf 80' lang='lat' dir='ltr'>animalibus</span> 
     </span>
     <span class='ocr_line' id='line_1_47' title="bbox 185 2089 925 2134; baseline 0.003 -12"><span class='ocrx_word' id='word_1_297' title='bbox 185 2091 259 2133; x_wconf 59' lang='grc' dir='ltr'>ΠΙ,</span> <span class='ocrx_word' id='word_1_298' title='bbox 285 2092 351 2133; x_wconf 88' lang='grc'><strong>10.]</strong></span> <span class='ocrx_word' id='word_1_299' title='bbox 373 2096 408 2124; x_wconf 85' lang='lat' dir='ltr'>et</span> <span class='ocrx_word' id='word_1_300' title='bbox 434 2093 513 2123; x_wconf 90' lang='lat' dir='ltr'>loco</span> <span class='ocrx_word' id='word_1_301' title='bbox 537 2093 668 2125; x_wconf 84' lang='lat' dir='ltr'>Galeni</span> <span class='ocrx_word' id='word_1_302' title='bbox 688 2093 808 2134; x_wconf 84' lang='lat' dir='ltr'>[initio</span> <span class='ocrx_word' id='word_1_303' title='bbox 830 2089 925 2124; x_wconf 77' lang='grc' dir='ltr'><strong><em>ἐπω-</em></strong></span> 
     </span>
     <span class='ocr_line' id='line_1_48' title="bbox 185 2135 922 2179; baseline 0.004 -13"><span class='ocrx_word' id='word_1_304' title='bbox 185 2135 253 2167; x_wconf 77' lang='grc' dir='ltr'>ὂοῦ</span> <span class='ocrx_word' id='word_1_305' title='bbox 285 2137 342 2167; x_wconf 90' lang='lat' dir='ltr'>vel</span> <span class='ocrx_word' id='word_1_306' title='bbox 376 2136 551 2178; x_wconf 84' lang='lat' dir='ltr'>postremi</span> <span class='ocrx_word' id='word_1_307' title='bbox 580 2137 665 2169; x_wconf 82' lang='lat' dir='ltr'>libri</span> <span class='ocrx_word' id='word_1_308' title='bbox 691 2139 732 2169; x_wconf 83' lang='lat' dir='ltr'>de</span> <span class='ocrx_word' id='word_1_309' title='bbox 752 2149 816 2169; x_wconf 87' lang='lat' dir='ltr'>usn</span> <span class='ocrx_word' id='word_1_310' title='bbox 836 2148 922 2179; x_wconf 82' lang='lat' dir='ltr'>par-</span> 
     </span>
     <span class='ocr_line' id='line_1_49' title="bbox 185 2180 921 2223; baseline 0.003 -13"><span class='ocrx_word' id='word_1_311' title='bbox 185 2180 307 2222; x_wconf 80' lang='lat' dir='ltr'>tinm],</span> <span class='ocrx_word' id='word_1_312' title='bbox 348 2192 413 2212; x_wconf 89' lang='lat' dir='ltr'>cur</span> <span class='ocrx_word' id='word_1_313' title='bbox 453 2181 548 2213; x_wconf 82' lang='lat' dir='ltr'>assis</span> <span class='ocrx_word' id='word_1_314' title='bbox 587 2192 650 2213; x_wconf 90' lang='lat' dir='ltr'>seu</span> <span class='ocrx_word' id='word_1_315' title='bbox 691 2181 806 2223; x_wconf 84' lang='lat' dir='ltr'>stipes</span> <span class='ocrx_word' id='word_1_316' title='bbox 845 2182 921 2213; x_wconf 87' lang='lat' dir='ltr'>ele-</span> 
     </span>
     <span class='ocr_line' id='line_1_50' title="bbox 185 2223 921 2265; baseline 0.005 -11"><span class='ocrx_word' id='word_1_317' title='bbox 185 2223 323 2264; x_wconf 84' lang='lat' dir='ltr'>phanto</span> <span class='ocrx_word' id='word_1_318' title='bbox 345 2225 463 2263; x_wconf 83' lang='lat' dir='ltr'>detur,</span> <span class='ocrx_word' id='word_1_319' title='bbox 486 2225 671 2265; x_wconf 87' lang='lat' dir='ltr'>nimirum,</span> <span class='ocrx_word' id='word_1_320' title='bbox 695 2230 734 2258; x_wconf 87' lang='lat' dir='ltr'>ut</span> <span class='ocrx_word' id='word_1_321' title='bbox 758 2237 837 2257; x_wconf 88' lang='lat' dir='ltr'>eam</span> <span class='ocrx_word' id='word_1_322' title='bbox 860 2236 921 2258; x_wconf 88' lang='lat' dir='ltr'>ac-</span> 
     </span>
     <span class='ocr_line' id='line_1_51' title="bbox 184 2269 919 2311; baseline 0.004 -12"><span class='ocrx_word' id='word_1_323' title='bbox 184 2272 327 2309; x_wconf 80' lang='lat' dir='ltr'>ceptam</span> <span class='ocrx_word' id='word_1_324' title='bbox 358 2269 510 2309; x_wconf 84' lang='lat' dir='ltr'>elcphas</span> <span class='ocrx_word' id='word_1_325' title='bbox 547 2270 763 2311; x_wconf 84' lang='lat' dir='ltr'>proboscide</span> <span class='ocrx_word' id='word_1_326' title='bbox 800 2270 919 2302; x_wconf 87' lang='lat' dir='ltr'>inses-</span> 
     </span>
     <span class='ocr_line' id='line_1_52' title="bbox 187 2312 919 2355; baseline 0.004 -12"><span class='ocrx_word' id='word_1_327' title='bbox 187 2312 263 2344; x_wconf 83' lang='lat' dir='ltr'>sori</span> <span class='ocrx_word' id='word_1_328' title='bbox 290 2324 355 2345; x_wconf 89' lang='lat' dir='ltr'>suo</span> <span class='ocrx_word' id='word_1_329' title='bbox 383 2314 585 2355; x_wconf 78' lang='lat' dir='ltr'>porrigat.“</span> <span class='ocrx_word' id='word_1_330' title='bbox 611 2315 725 2346; x_wconf 74' lang='lat' dir='ltr'>Poivr.</span> <span class='ocrx_word' id='word_1_331' title='bbox 757 2333 797 2337; x_wconf 97' lang='lat'><strong>—</strong></span> <span class='ocrx_word' id='word_1_332' title='bbox 828 2314 919 2346; x_wconf 85' lang='lat' dir='ltr'>Sue-</span> 
     </span>
     <span class='ocr_line' id='line_1_53' title="bbox 185 2356 918 2399; baseline 0.004 -12"><span class='ocrx_word' id='word_1_333' title='bbox 185 2356 324 2389; x_wconf 83' lang='lat' dir='ltr'>tonium</span> <span class='ocrx_word' id='word_1_334' title='bbox 351 2358 517 2399; x_wconf 88' lang='lat' dir='ltr'>sequitur</span> <span class='ocrx_word' id='word_1_335' title='bbox 542 2359 589 2390; x_wconf 82' lang='lat' dir='ltr'>lo.</span> <span class='ocrx_word' id='word_1_336' title='bbox 614 2358 761 2390; x_wconf 83' lang='lat' dir='ltr'>Saresb.</span> <span class='ocrx_word' id='word_1_337' title='bbox 780 2359 848 2395; x_wconf 77' lang='lat' dir='ltr'>Ill,</span> <span class='ocrx_word' id='word_1_338' title='bbox 869 2361 918 2391; x_wconf 73' lang='lat'>14.</span> 
     </span>
    </p>

    <p class='ocr_par' dir='ltr' id='par_1_21' title="bbox 178 2402 919 2833">
     <span class='ocr_line' id='line_1_54' title="bbox 226 2402 918 2445; baseline 0.004 -13"><span class='ocrx_word' id='word_1_339' title='bbox 226 2403 259 2433; x_wconf 85' lang='lat'>4.</span> <span class='ocrx_word' id='word_1_340' title='bbox 307 2402 540 2445; x_wconf 74' lang='lat' dir='ltr'>congiarium]</span> <span class='ocrx_word' id='word_1_341' title='bbox 573 2402 627 2434; x_wconf 80' lang='lat' dir='ltr'>Cf.</span> <span class='ocrx_word' id='word_1_342' title='bbox 652 2402 800 2436; x_wconf 77' lang='lat' dir='ltr'>Sueten.</span> <span class='ocrx_word' id='word_1_343' title='bbox 826 2403 918 2445; x_wconf 80' lang='lat' dir='ltr'>Aug.</span> 
     </span>
     <span class='ocr_line' id='line_1_55' title="bbox 181 2446 919 2490; baseline 0.004 -14"><span class='ocrx_word' id='word_1_344' title='bbox 181 2446 237 2477; x_wconf 79' lang='lat'>41.</span> <span class='ocrx_word' id='word_1_345' title='bbox 267 2446 511 2489; x_wconf 76' lang='lat' dir='ltr'>Congiaria</span> <span class='ocrx_word' id='word_1_346' title='bbox 537 2448 696 2490; x_wconf 83' lang='lat' dir='ltr'>populo</span> <span class='ocrx_word' id='word_1_347' title='bbox 715 2450 919 2490; x_wconf 85' lang='lat' dir='ltr'>frequen-</span> 
     </span>
     <span class='ocr_line' id='line_1_56' title="bbox 180 2490 919 2533; baseline 0.004 -13"><span class='ocrx_word' id='word_1_348' title='bbox 180 2493 244 2521; x_wconf 84' lang='lat' dir='ltr'>ter</span> <span class='ocrx_word' id='word_1_349' title='bbox 277 2490 414 2531; x_wconf 74' lang='lat' dir='ltr'>dedit,</span> <span class='ocrx_word' id='word_1_350' title='bbox 452 2491 510 2523; x_wconf 85' lang='lat' dir='ltr'>sed</span> <span class='ocrx_word' id='word_1_351' title='bbox 543 2492 700 2523; x_wconf 82' lang='lat' dir='ltr'>diversae</span> <span class='ocrx_word' id='word_1_352' title='bbox 727 2494 804 2533; x_wconf 84' lang='lat' dir='ltr'>fere</span> <span class='ocrx_word' id='word_1_353' title='bbox 825 2503 919 2524; x_wconf 87' lang='lat' dir='ltr'>sum-</span> 
     </span>
     <span class='ocr_line' id='line_1_57' title="bbox 180 2535 918 2579; baseline 0.005 -15"><span class='ocrx_word' id='word_1_354' title='bbox 180 2544 274 2565; x_wconf 85' lang='lat' dir='ltr'>mae:</span> <span class='ocrx_word' id='word_1_355' title='bbox 309 2535 409 2567; x_wconf 86' lang='lat' dir='ltr'>modo</span> <span class='ocrx_word' id='word_1_356' title='bbox 435 2536 700 2579; x_wconf 82' lang='lat' dir='ltr'>quadragenos,</span> <span class='ocrx_word' id='word_1_357' title='bbox 728 2537 827 2568; x_wconf 85' lang='lat' dir='ltr'>modo</span> <span class='ocrx_word' id='word_1_358' title='bbox 855 2536 918 2568; x_wconf 85' lang='lat' dir='ltr'>tri-</span> 
     </span>
     <span class='ocr_line' id='line_1_58' title="bbox 179 2581 916 2623; baseline 0.005 -15"><span class='ocrx_word' id='word_1_359' title='bbox 179 2588 298 2616; x_wconf 83' lang='lat' dir='ltr'>cenos,</span> <span class='ocrx_word' id='word_1_360' title='bbox 335 2591 593 2622; x_wconf 81' lang='lat' dir='ltr'>nonnumquam</span> <span class='ocrx_word' id='word_1_361' title='bbox 631 2581 777 2612; x_wconf 83' lang='lat' dir='ltr'>ducenos</span> <span class='ocrx_word' id='word_1_362' title='bbox 815 2581 916 2623; x_wconf 84' lang='lat' dir='ltr'>quin-</span> 
     </span>
     <span class='ocr_line' id='line_1_59' title="bbox 180 2624 915 2666; baseline 0.004 -13"><span class='ocrx_word' id='word_1_363' title='bbox 180 2632 426 2665; x_wconf 77' lang='lat' dir='ltr'>quagenosque</span> <span class='ocrx_word' id='word_1_364' title='bbox 459 2635 625 2656; x_wconf 79' lang='lat' dir='ltr'>nummos·</span> <span class='ocrx_word' id='word_1_365' title='bbox 674 2624 830 2666; x_wconf 83' lang='lat' dir='ltr'>Quintil.</span> <span class='ocrx_word' id='word_1_366' title='bbox 860 2625 915 2665; x_wconf 76' lang='lat' dir='ltr'>vl,</span> 
     </span>
     <span class='ocr_line' id='line_1_60' title="bbox 179 2667 916 2707; baseline 0.005 -10"><span class='ocrx_word' id='word_1_367' title='bbox 179 2667 219 2705; x_wconf 84' lang='lat'>3,</span> <span class='ocrx_word' id='word_1_368' title='bbox 247 2669 303 2698; x_wconf 81' lang='lat'>52.</span> <span class='ocrx_word' id='word_1_369' title='bbox 348 2668 476 2700; x_wconf 83' lang='lat' dir='ltr'>Fabius</span> <span class='ocrx_word' id='word_1_370' title='bbox 515 2669 707 2707; x_wconf 65' lang='lat' dir='ltr'>Maximus,</span> <span class='ocrx_word' id='word_1_371' title='bbox 753 2670 916 2702; x_wconf 80' lang='lat' dir='ltr'>incusans</span> 
     </span>
     <span class='ocr_line' id='line_1_61' title="bbox 179 2711 916 2756; baseline 0.008 -16"><span class='ocrx_word' id='word_1_372' title='bbox 179 2711 372 2752; x_wconf 75' lang='lat' dir='ltr'>Augusti</span> <span class='ocrx_word' id='word_1_373' title='bbox 423 2713 758 2756; x_wconf 75' lang='lat' dir='ltr'>congiariorum</span> <span class='ocrx_word' id='word_1_374' title='bbox 806 2724 916 2756; x_wconf 83' lang='lat' dir='ltr'>quae</span> 
     </span>
     <span class='ocr_line' id='line_1_62' title="bbox 178 2756 916 2803; baseline 0.008 -19"><span class='ocrx_word' id='word_1_375' title='bbox 178 2756 332 2803; x_wconf 78' lang='lat' dir='ltr'>amicis</span> <span class='ocrx_word' id='word_1_376' title='bbox 355 2756 574 2789; x_wconf 80' lang='lat' dir='ltr'>dabantur</span> <span class='ocrx_word' id='word_1_377' title='bbox 597 2759 835 2801; x_wconf 74' lang='lat' dir='ltr'>exiguitatem,</span> <span class='ocrx_word' id='word_1_378' title='bbox 856 2758 916 2790; x_wconf 85' lang='lat' dir='ltr'>he—</span> 
     </span>
     <span class='ocr_line' id='line_1_63' title="bbox 178 2800 550 2833; baseline 0.019 -7"><span class='ocrx_word' id='word_1_379' title='bbox 178 2800 329 2830; x_wconf 74' lang='lat' dir='ltr'>minaria</span> <span class='ocrx_word' id='word_1_380' title='bbox 354 2811 425 2832; x_wconf 86' lang='lat' dir='ltr'>esse</span> <span class='ocrx_word' id='word_1_381' title='bbox 452 2801 550 2833; x_wconf 69' lang='lat' dir='ltr'>dixit.</span> 
     </span>
    </p>

    <p class='ocr_par' dir='ltr' id='par_1_22' title="bbox 177 2843 914 2976">
     <span class='ocr_line' id='line_1_64' title="bbox 223 2843 913 2886; baseline 0.003 -12"><span class='ocrx_word' id='word_1_382' title='bbox 223 2843 255 2871; x_wconf 81' lang='lat'>5·</span> <span class='ocrx_word' id='word_1_383' title='bbox 309 2844 492 2886; x_wconf 85' lang='lat' dir='ltr'>salarium]</span> <span class='ocrx_word' id='word_1_384' title='bbox 540 2844 594 2876; x_wconf 78' lang='lat' dir='ltr'>Cf.</span> <span class='ocrx_word' id='word_1_385' title='bbox 640 2843 736 2877; x_wconf 79' lang='lat' dir='ltr'>Ptin.</span> <span class='ocrx_word' id='word_1_386' title='bbox 780 2844 824 2876; x_wconf 89' lang='lat' dir='ltr'>N.</span> <span class='ocrx_word' id='word_1_387' title='bbox 867 2844 913 2876; x_wconf 86' lang='lat' dir='ltr'>H.</span> 
     </span>
     <span class='ocr_line' id='line_1_65' title="bbox 178 2881 914 2934; baseline 0.005 -18"><span class='ocrx_word' id='word_1_388' title='bbox 178 2881 315 2934; x_wconf 46' lang='lat' dir='ltr'>Xssxl,</span> <span class='ocrx_word' id='word_1_389' title='bbox 353 2891 372 2918; x_wconf 76' lang='lat'><em>7</em></span> <span class='ocrx_word' id='word_1_390' title='bbox 410 2899 438 2919; x_wconf 88' lang='lat' dir='ltr'>s.</span> <span class='ocrx_word' id='word_1_391' title='bbox 472 2891 526 2920; x_wconf 83' lang='lat'>41.</span> <span class='ocrx_word' id='word_1_392' title='bbox 565 2890 586 2929; x_wconf 82' lang='lat'><strong>§</strong></span> <span class='ocrx_word' id='word_1_393' title='bbox 623 2892 679 2921; x_wconf 79' lang='lat'>89.</span> <span class='ocrx_word' id='word_1_394' title='bbox 720 2889 914 2922; x_wconf 80' lang='lat' dir='ltr'>Honoribus</span> 
     </span>
     <span class='ocr_line' id='line_1_66' title="bbox 177 2931 914 2976; baseline 0.005 -16"><span class='ocrx_word' id='word_1_395' title='bbox 177 2932 281 2961; x_wconf 68' lang='lat' dir='ltr'>ctiam</span> <span class='ocrx_word' id='word_1_396' title='bbox 310 2931 524 2974; x_wconf 80' lang='lat' dir='ltr'>militiaeque</span> <span class='ocrx_word' id='word_1_397' title='bbox 554 2933 784 2976; x_wconf 80' lang='lat' dir='ltr'>interponitur</span> <span class='ocrx_word' id='word_1_398' title='bbox 818 2932 914 2974; x_wconf 80' lang='lat' dir='ltr'>(sal)</span> 
     </span>
    </p>
   </div>
   <div class='ocr_carea' id='block_1_20' title="bbox 1209 1639 1730 1671">
    <p class='ocr_par' dir='ltr' id='par_1_23' title="bbox 1209 1639 1730 1671">
     <span class='ocr_line' id='line_1_67' title="bbox 1209 1639 1730 1671; baseline -0.002 0"><span class='ocrx_word' id='word_1_399' title='bbox 1209 1642 1260 1671; x_wconf 91' lang='lat'>10.</span> <span class='ocrx_word' id='word_1_400' title='bbox 1304 1640 1470 1671; x_wconf 68' lang='lat' dir='ltr'>I&#39;etetius</span> <span class='ocrx_word' id='word_1_401' title='bbox 1491 1639 1534 1670; x_wconf 93' lang='lat' dir='ltr'>G.</span> <span class='ocrx_word' id='word_1_402' title='bbox 1584 1639 1730 1671; x_wconf 79' lang='lat' dir='ltr'>lectius</span> 
     </span>
    </p>
   </div>
   <div class='ocr_carea' id='block_1_21' title="bbox 981 1737 1728 2973">
    <p class='ocr_par' dir='ltr' id='par_1_24' title="bbox 992 1737 1728 2001">
     <span class='ocr_line' id='line_1_68' title="bbox 993 1737 1726 1780; baseline -0.001 -10"><span class='ocrx_word' id='word_1_403' title='bbox 993 1738 1183 1770; x_wconf 84' lang='lat' dir='ltr'>salariis</span> <span class='ocrx_word' id='word_1_404' title='bbox 1209 1738 1289 1771; x_wconf 83' lang='lat' dir='ltr'>inde</span> <span class='ocrx_word' id='word_1_405' title='bbox 1317 1738 1429 1770; x_wconf 87' lang='lat' dir='ltr'>dictis.</span> <span class='ocrx_word' id='word_1_406' title='bbox 1464 1737 1609 1779; x_wconf 83' lang='lat' dir='ltr'>Ulpian.</span> <span class='ocrx_word' id='word_1_407' title='bbox 1642 1737 1726 1780; x_wconf 77' lang='lat' dir='ltr'>Dig.</span> 
     </span>
     <span class='ocr_line' id='line_1_69' title="bbox 993 1783 1728 1825; baseline -0.001 -11"><span class='ocrx_word' id='word_1_408' title='bbox 993 1783 1041 1823; x_wconf 88' lang='lat' dir='ltr'>ll,</span> <span class='ocrx_word' id='word_1_409' title='bbox 1065 1786 1116 1822; x_wconf 79' lang='lat'>15,</span> <span class='ocrx_word' id='word_1_410' title='bbox 1134 1786 1168 1824; x_wconf 72' lang='grc' dir='ltr'>Β,</span> <span class='ocrx_word' id='word_1_411' title='bbox 1191 1783 1207 1824; x_wconf 86' lang='lat'><strong>§</strong></span> <span class='ocrx_word' id='word_1_412' title='bbox 1227 1785 1281 1814; x_wconf 80' lang='lat'>23.</span> <span class='ocrx_word' id='word_1_413' title='bbox 1312 1783 1352 1814; x_wconf 79' lang='lat' dir='ltr'>Si</span> <span class='ocrx_word' id='word_1_414' title='bbox 1377 1783 1411 1814; x_wconf 88' lang='lat' dir='ltr'>in</span> <span class='ocrx_word' id='word_1_415' title='bbox 1437 1794 1545 1813; x_wconf 85' lang='lat' dir='ltr'>annos</span> <span class='ocrx_word' id='word_1_416' title='bbox 1568 1783 1728 1825; x_wconf 79' lang='lat' dir='ltr'>singulos</span> 
     </span>
     <span class='ocr_line' id='line_1_70' title="bbox 992 1827 1728 1870; baseline -0.001 -11"><span class='ocrx_word' id='word_1_417' title='bbox 992 1833 1085 1859; x_wconf 87' lang='lat' dir='ltr'>certa</span> <span class='ocrx_word' id='word_1_418' title='bbox 1115 1829 1294 1870; x_wconf 72' lang='lat' dir='ltr'>quantitas</span> <span class='ocrx_word' id='word_1_419' title='bbox 1324 1827 1433 1859; x_wconf 88' lang='lat' dir='ltr'>alicui</span> <span class='ocrx_word' id='word_1_420' title='bbox 1459 1827 1572 1867; x_wconf 86' lang='lat' dir='ltr'>fuerit</span> <span class='ocrx_word' id='word_1_421' title='bbox 1607 1827 1728 1859; x_wconf 83' lang='lat' dir='ltr'>relicta</span> 
     </span>
     <span class='ocr_line' id='line_1_71' title="bbox 993 1872 1727 1904; baseline -0.001 0"><span class='ocrx_word' id='word_1_422' title='bbox 993 1872 1125 1904; x_wconf 81' lang='lat' dir='ltr'>homini</span> <span class='ocrx_word' id='word_1_423' title='bbox 1152 1872 1355 1904; x_wconf 77' lang='lat' dir='ltr'>honestioris</span> <span class='ocrx_word' id='word_1_424' title='bbox 1387 1872 1454 1904; x_wconf 83' lang='lat' dir='ltr'>loci</span> <span class='ocrx_word' id='word_1_425' title='bbox 1484 1872 1590 1903; x_wconf 88' lang='lat' dir='ltr'>veluti</span> <span class='ocrx_word' id='word_1_426' title='bbox 1616 1872 1727 1903; x_wconf 83' lang='lat' dir='ltr'>sala-</span> 
     </span>
     <span class='ocr_line' id='line_1_72' title="bbox 993 1916 1726 1958; baseline -0.001 -10"><span class='ocrx_word' id='word_1_427' title='bbox 993 1917 1100 1948; x_wconf 84' lang='lat' dir='ltr'>rium</span> <span class='ocrx_word' id='word_1_428' title='bbox 1136 1927 1300 1948; x_wconf 85' lang='lat' dir='ltr'>annuum.</span> <span class='ocrx_word' id='word_1_429' title='bbox 1349 1916 1400 1948; x_wconf 85' lang='lat' dir='ltr'>De</span> <span class='ocrx_word' id='word_1_430' title='bbox 1432 1926 1471 1947; x_wconf 84' lang='lat' dir='ltr'>re</span> <span class='ocrx_word' id='word_1_431' title='bbox 1495 1917 1539 1947; x_wconf 77' lang='lat' dir='ltr'>ab</span> <span class='ocrx_word' id='word_1_432' title='bbox 1564 1916 1726 1958; x_wconf 79' lang='lat' dir='ltr'>Augusto</span> 
     </span>
     <span class='ocr_line' id='line_1_73' title="bbox 993 1960 1659 2001; baseline -0.002 -9"><span class='ocrx_word' id='word_1_433' title='bbox 993 1960 1165 1993; x_wconf 84' lang='lat' dir='ltr'>instituta</span> <span class='ocrx_word' id='word_1_434' title='bbox 1192 1961 1262 1992; x_wconf 88' lang='lat' dir='ltr'>vid.</span> <span class='ocrx_word' id='word_1_435' title='bbox 1288 1960 1355 1992; x_wconf 91' lang='lat' dir='ltr'>Dio</span> <span class='ocrx_word' id='word_1_436' title='bbox 1380 1960 1480 1992; x_wconf 85' lang='lat' dir='ltr'>Cass.</span> <span class='ocrx_word' id='word_1_437' title='bbox 1503 1960 1582 2001; x_wconf 85' lang='lat' dir='ltr'>LH,</span> <span class='ocrx_word' id='word_1_438' title='bbox 1603 1962 1659 1991; x_wconf 82' lang='lat'>23.</span> 
     </span>
    </p>

    <p class='ocr_par' dir='ltr' id='par_1_25' title="bbox 990 2003 1726 2090">
     <span class='ocr_line' id='line_1_74' title="bbox 1035 2003 1726 2047; baseline -0.001 -11"><span class='ocrx_word' id='word_1_439' title='bbox 1035 2007 1068 2036; x_wconf 88' lang='lat'>6.</span> <span class='ocrx_word' id='word_1_440' title='bbox 1116 2016 1168 2037; x_wconf 83' lang='lat' dir='ltr'>me</span> <span class='ocrx_word' id='word_1_441' title='bbox 1197 2005 1262 2037; x_wconf 88' lang='lat' dir='ltr'>tibi</span> <span class='ocrx_word' id='word_1_442' title='bbox 1293 2004 1521 2047; x_wconf 82' lang='lat' dir='ltr'>displicuisse]</span> <span class='ocrx_word' id='word_1_443' title='bbox 1555 2003 1578 2035; x_wconf 83' lang='lat' dir='ltr'>i.</span> <span class='ocrx_word' id='word_1_444' title='bbox 1607 2015 1637 2035; x_wconf 86' lang='lat' dir='ltr'>e.</span> <span class='ocrx_word' id='word_1_445' title='bbox 1664 2014 1726 2043; x_wconf 88' lang='lat' dir='ltr'>„es</span> 
     </span>
     <span class='ocr_line' id='line_1_75' title="bbox 990 2048 1667 2090; baseline -0.003 -10"><span class='ocrx_word' id='word_1_446' title='bbox 990 2048 1086 2081; x_wconf 63' lang='lat' dir='ltr'>hatte</span> <span class='ocrx_word' id='word_1_447' title='bbox 1110 2050 1165 2080; x_wconf 80' lang='lat' dir='ltr'>‹lir</span> <span class='ocrx_word' id='word_1_448' title='bbox 1190 2049 1284 2080; x_wconf 82' lang='lat' dir='ltr'>nicht</span> <span class='ocrx_word' id='word_1_449' title='bbox 1307 2049 1360 2080; x_wconf 80' lang='lat' dir='ltr'>bei</span> <span class='ocrx_word' id='word_1_450' title='bbox 1379 2049 1446 2080; x_wconf 85' lang='lat' dir='ltr'>mir</span> <span class='ocrx_word' id='word_1_451' title='bbox 1466 2048 1667 2090; x_wconf 73' lang='lat' dir='ltr'>gesallen.“</span> 
     </span>
    </p>

    <p class='ocr_par' dir='ltr' id='par_1_26' title="bbox 984 2092 1725 2445">
     <span class='ocr_line' id='line_1_76' title="bbox 1034 2092 1725 2134; baseline -0.001 -10"><span class='ocrx_word' id='word_1_452' title='bbox 1034 2096 1066 2124; x_wconf 82' lang='lat'>8.</span> <span class='ocrx_word' id='word_1_453' title='bbox 1119 2093 1245 2134; x_wconf 86' lang='lat' dir='ltr'>Galba]</span> <span class='ocrx_word' id='word_1_454' title='bbox 1273 2092 1323 2123; x_wconf 86' lang='lat' dir='ltr'>Ad</span> <span class='ocrx_word' id='word_1_455' title='bbox 1351 2093 1503 2124; x_wconf 87' lang='lat' dir='ltr'>eundem</span> <span class='ocrx_word' id='word_1_456' title='bbox 1530 2092 1625 2124; x_wconf 84' lang='lat' dir='ltr'>redit</span> <span class='ocrx_word' id='word_1_457' title='bbox 1646 2092 1725 2123; x_wconf 83' lang='lat' dir='ltr'>Ma-</span> 
     </span>
     <span class='ocr_line' id='line_1_77' title="bbox 991 2135 1725 2178; baseline -0.001 -10"><span class='ocrx_word' id='word_1_458' title='bbox 991 2135 1137 2168; x_wconf 88' lang='lat' dir='ltr'>crobius</span> <span class='ocrx_word' id='word_1_459' title='bbox 1176 2136 1273 2168; x_wconf 76' lang='lat' dir='ltr'>infra</span> <span class='ocrx_word' id='word_1_460' title='bbox 1308 2147 1338 2167; x_wconf 90' lang='lat' dir='ltr'>c.</span> <span class='ocrx_word' id='word_1_461' title='bbox 1370 2139 1402 2167; x_wconf 87' lang='grc'>6.</span> <span class='ocrx_word' id='word_1_462' title='bbox 1440 2138 1459 2176; x_wconf 66' lang='lat'>§²</span> <span class='ocrx_word' id='word_1_463' title='bbox 1490 2138 1510 2166; x_wconf 83' lang='lat'><strong>3</strong></span> <span class='ocrx_word' id='word_1_464' title='bbox 1536 2148 1589 2178; x_wconf 86' lang='lat' dir='ltr'>sq.</span> <span class='ocrx_word' id='word_1_465' title='bbox 1638 2135 1725 2167; x_wconf 86' lang='lat' dir='ltr'>Fuit</span> 
     </span>
     <span class='ocr_line' id='line_1_78' title="bbox 990 2180 1724 2223; baseline 0 -12"><span class='ocrx_word' id='word_1_466' title='bbox 990 2185 1095 2221; x_wconf 85' lang='lat' dir='ltr'>pater</span> <span class='ocrx_word' id='word_1_467' title='bbox 1125 2180 1359 2223; x_wconf 86' lang='lat' dir='ltr'>imperatoris</span> <span class='ocrx_word' id='word_1_468' title='bbox 1387 2181 1546 2220; x_wconf 84' lang='lat' dir='ltr'>Galbae,</span> <span class='ocrx_word' id='word_1_469' title='bbox 1587 2180 1630 2211; x_wconf 88' lang='lat' dir='ltr'>de</span> <span class='ocrx_word' id='word_1_470' title='bbox 1653 2191 1724 2222; x_wconf 87' lang='lat' dir='ltr'>quo</span> 
     </span>
     <span class='ocr_line' id='line_1_79' title="bbox 990 2224 1723 2266; baseline -0.003 -9"><span class='ocrx_word' id='word_1_471' title='bbox 990 2225 1187 2257; x_wconf 79' lang='lat' dir='ltr'>Suetonius</span> <span class='ocrx_word' id='word_1_472' title='bbox 1213 2225 1320 2256; x_wconf 80' lang='lat' dir='ltr'>Gall).</span> <span class='ocrx_word' id='word_1_473' title='bbox 1344 2227 1396 2256; x_wconf 85' lang='lat'>3.:</span> <span class='ocrx_word' id='word_1_474' title='bbox 1436 2225 1556 2265; x_wconf 85' lang='lat' dir='ltr'>Pater,</span> <span class='ocrx_word' id='word_1_475' title='bbox 1591 2224 1723 2266; x_wconf 85' lang='lat' dir='ltr'>inquit,</span> 
     </span>
     <span class='ocr_line' id='line_1_80' title="bbox 988 2270 1723 2310; baseline -0.001 -9"><span class='ocrx_word' id='word_1_476' title='bbox 988 2270 1169 2301; x_wconf 76' lang='lat' dir='ltr'>consulatu</span> <span class='ocrx_word' id='word_1_477' title='bbox 1195 2271 1359 2310; x_wconf 83' lang='lat' dir='ltr'>functus,</span> <span class='ocrx_word' id='word_1_478' title='bbox 1398 2280 1500 2310; x_wconf 84' lang='lat' dir='ltr'>quam</span> <span class='ocrx_word' id='word_1_479' title='bbox 1532 2270 1624 2301; x_wconf 81' lang='lat' dir='ltr'>brevi</span> <span class='ocrx_word' id='word_1_480' title='bbox 1649 2280 1723 2300; x_wconf 87' lang='lat' dir='ltr'>cor-</span> 
     </span>
     <span class='ocr_line' id='line_1_81' title="bbox 984 2314 1723 2356; baseline 0.001 -12"><span class='ocrx_word' id='word_1_481' title='bbox 984 2325 1068 2356; x_wconf 85' lang='lat' dir='ltr'>pore</span> <span class='ocrx_word' id='word_1_482' title='bbox 1093 2319 1197 2355; x_wconf 84' lang='lat' dir='ltr'>atque</span> <span class='ocrx_word' id='word_1_483' title='bbox 1220 2314 1323 2345; x_wconf 85' lang='lat' dir='ltr'>etiam</span> <span class='ocrx_word' id='word_1_484' title='bbox 1349 2314 1523 2356; x_wconf 82' lang='lat' dir='ltr'>gibber,</span> <span class='ocrx_word' id='word_1_485' title='bbox 1549 2314 1723 2345; x_wconf 83' lang='lat' dir='ltr'>modicae-</span> 
     </span>
     <span class='ocr_line' id='line_1_82' title="bbox 987 2358 1722 2400; baseline 0 -11"><span class='ocrx_word' id='word_1_486' title='bbox 987 2369 1050 2400; x_wconf 81' lang='lat' dir='ltr'>que</span> <span class='ocrx_word' id='word_1_487' title='bbox 1074 2358 1109 2389; x_wconf 90' lang='lat' dir='ltr'>in</span> <span class='ocrx_word' id='word_1_488' title='bbox 1132 2358 1275 2389; x_wconf 87' lang='lat' dir='ltr'>dicendo</span> <span class='ocrx_word' id='word_1_489' title='bbox 1294 2358 1495 2399; x_wconf 72' lang='lat' dir='ltr'>facultatis,</span> <span class='ocrx_word' id='word_1_490' title='bbox 1517 2369 1643 2390; x_wconf 85' lang='lat' dir='ltr'>causas</span> <span class='ocrx_word' id='word_1_491' title='bbox 1668 2358 1722 2389; x_wconf 86' lang='lat' dir='ltr'>in·-</span> 
     </span>
     <span class='ocr_line' id='line_1_83' title="bbox 986 2402 1304 2445; baseline 0.003 -12"><span class='ocrx_word' id='word_1_492' title='bbox 986 2403 1118 2434; x_wconf 81' lang='lat' dir='ltr'>‹Iustrie</span> <span class='ocrx_word' id='word_1_493' title='bbox 1138 2402 1304 2445; x_wconf 82' lang='lat' dir='ltr'>agitavit.</span> 
     </span>
    </p>

    <p class='ocr_par' dir='ltr' id='par_1_27' title="bbox 985 2445 1719 2577">
     <span class='ocr_line' id='line_1_84' title="bbox 1030 2445 1719 2489; baseline -0.001 -12"><span class='ocrx_word' id='word_1_494' title='bbox 1030 2447 1204 2489; x_wconf 84' lang='lat' dir='ltr'>corrigere</span> <span class='ocrx_word' id='word_1_495' title='bbox 1223 2458 1291 2478; x_wconf 84' lang='lat' dir='ltr'>non</span> <span class='ocrx_word' id='word_1_496' title='bbox 1311 2445 1464 2488; x_wconf 86' lang='lat' dir='ltr'>possum]</span> <span class='ocrx_word' id='word_1_497' title='bbox 1486 2445 1525 2477; x_wconf 89' lang='lat' dir='ltr'>In</span> <span class='ocrx_word' id='word_1_498' title='bbox 1548 2456 1589 2477; x_wconf 85' lang='lat' dir='ltr'>eo</span> <span class='ocrx_word' id='word_1_499' title='bbox 1612 2445 1719 2481; x_wconf 81' lang='lat' dir='ltr'>ludit,</span> 
     </span>
     <span class='ocr_line' id='line_1_85' title="bbox 986 2489 1717 2533; baseline -0.003 -11"><span class='ocrx_word' id='word_1_500' title='bbox 986 2491 1078 2531; x_wconf 89' lang='lat' dir='ltr'>quod</span> <span class='ocrx_word' id='word_1_501' title='bbox 1114 2491 1288 2533; x_wconf 78' lang='lat' dir='ltr'>corrigere</span> <span class='ocrx_word' id='word_1_502' title='bbox 1319 2495 1355 2522; x_wconf 85' lang='lat' dir='ltr'>et</span> <span class='ocrx_word' id='word_1_503' title='bbox 1388 2490 1430 2521; x_wconf 86' lang='lat' dir='ltr'>ad</span> <span class='ocrx_word' id='word_1_504' title='bbox 1464 2489 1576 2522; x_wconf 85' lang='lat' dir='ltr'>animi</span> <span class='ocrx_word' id='word_1_505' title='bbox 1605 2493 1641 2520; x_wconf 81' lang='lat' dir='ltr'>et</span> <span class='ocrx_word' id='word_1_506' title='bbox 1672 2489 1717 2521; x_wconf 84' lang='lat' dir='ltr'>ad</span> 
     </span>
     <span class='ocr_line' id='line_1_86' title="bbox 985 2535 1462 2577; baseline -0.004 -11"><span class='ocrx_word' id='word_1_507' title='bbox 985 2535 1151 2577; x_wconf 86' lang='lat' dir='ltr'>corporis</span> <span class='ocrx_word' id='word_1_508' title='bbox 1177 2535 1268 2567; x_wconf 78' lang='lat' dir='ltr'>vitia</span> <span class='ocrx_word' id='word_1_509' title='bbox 1294 2535 1462 2566; x_wconf 80' lang='lat' dir='ltr'>refertur.</span> 
     </span>
    </p>

    <p class='ocr_par' dir='ltr' id='par_1_28' title="bbox 981 2577 1718 2973">
     <span class='ocr_line' id='line_1_87' title="bbox 1026 2577 1717 2617; baseline -0.006 -6"><span class='ocrx_word' id='word_1_510' title='bbox 1026 2582 1059 2611; x_wconf 89' lang='grc'>9.</span> <span class='ocrx_word' id='word_1_511' title='bbox 1113 2580 1241 2611; x_wconf 75' lang='lat' dir='ltr'>Vellem</span> <span class='ocrx_word' id='word_1_512' title='bbox 1278 2579 1417 2610; x_wconf 84' lang='lat' dir='ltr'>Cassius</span> <span class='ocrx_word' id='word_1_513' title='bbox 1449 2582 1480 2609; x_wconf 81' lang='lat' dir='ltr'>et</span> <span class='ocrx_word' id='word_1_514' title='bbox 1515 2587 1626 2609; x_wconf 85' lang='lat' dir='ltr'>meum</span> <span class='ocrx_word' id='word_1_515' title='bbox 1656 2577 1717 2617; x_wconf 90' lang='lat' dir='ltr'>fo-</span> 
     </span>
     <span class='ocr_line' id='line_1_88' title="bbox 984 2621 1718 2664; baseline -0.005 -9"><span class='ocrx_word' id='word_1_516' title='bbox 984 2634 1058 2655; x_wconf 83' lang='lat' dir='ltr'>rum</span> <span class='ocrx_word' id='word_1_517' title='bbox 1095 2623 1243 2664; x_wconf 88' lang='lat' dir='ltr'>accuset]</span> <span class='ocrx_word' id='word_1_518' title='bbox 1289 2621 1365 2654; x_wconf 88' lang='lat' dir='ltr'>Non</span> <span class='ocrx_word' id='word_1_519' title='bbox 1409 2625 1481 2652; x_wconf 87' lang='lat' dir='ltr'>tam</span> <span class='ocrx_word' id='word_1_520' title='bbox 1522 2624 1718 2652; x_wconf 83' lang='lat' dir='ltr'>accusasset</span> 
     </span>
     <span class='ocr_line' id='line_1_89' title="bbox 983 2664 1717 2709; baseline -0.004 -11"><span class='ocrx_word' id='word_1_521' title='bbox 983 2666 1276 2709; x_wconf 81' lang='lat' dir='ltr'>exspectaveris,</span> <span class='ocrx_word' id='word_1_522' title='bbox 1304 2665 1396 2707; x_wconf 86' lang='lat' dir='ltr'>quod</span> <span class='ocrx_word' id='word_1_523' title='bbox 1423 2665 1560 2696; x_wconf 85' lang='lat' dir='ltr'>habent</span> <span class='ocrx_word' id='word_1_524' title='bbox 1584 2664 1717 2696; x_wconf 83' lang='lat' dir='ltr'>editio-</span> 
     </span>
     <span class='ocr_line' id='line_1_90' title="bbox 984 2709 1715 2751; baseline -0.005 -8"><span class='ocrx_word' id='word_1_525' title='bbox 984 2723 1049 2744; x_wconf 86' lang='lat' dir='ltr'>nes</span> <span class='ocrx_word' id='word_1_526' title='bbox 1076 2714 1217 2742; x_wconf 87' lang='lat' dir='ltr'>veteres</span> <span class='ocrx_word' id='word_1_527' title='bbox 1246 2721 1325 2741; x_wconf 89' lang='lat' dir='ltr'>cum</span> <span class='ocrx_word' id='word_1_528' title='bbox 1354 2709 1570 2751; x_wconf 84' lang='lat' dir='ltr'>Bipontina,</span> <span class='ocrx_word' id='word_1_529' title='bbox 1608 2719 1715 2750; x_wconf 85' lang='lat' dir='ltr'>quam</span> 
     </span>
     <span class='ocr_line' id='line_1_91' title="bbox 983 2753 1715 2795; baseline -0.004 -7"><span class='ocrx_word' id='word_1_530' title='bbox 983 2760 1171 2788; x_wconf 83' lang='lat' dir='ltr'>accusaret.</span> <span class='ocrx_word' id='word_1_531' title='bbox 1220 2753 1342 2785; x_wconf 79' lang='lat' dir='ltr'>voluit</span> <span class='ocrx_word' id='word_1_532' title='bbox 1377 2758 1497 2785; x_wconf 88' lang='lat' dir='ltr'>autem</span> <span class='ocrx_word' id='word_1_533' title='bbox 1527 2754 1715 2795; x_wconf 79' lang='lat' dir='ltr'>Augustus</span> 
     </span>
     <span class='ocr_line' id='line_1_92' title="bbox 983 2797 1717 2839; baseline -0.004 -8"><span class='ocrx_word' id='word_1_534' title='bbox 983 2803 1021 2832; x_wconf 85' lang='lat' dir='ltr'>ut</span> <span class='ocrx_word' id='word_1_535' title='bbox 1043 2799 1298 2831; x_wconf 84' lang='lat' dir='ltr'>absolveretur</span> <span class='ocrx_word' id='word_1_536' title='bbox 1319 2798 1450 2830; x_wconf 84' lang='lat' dir='ltr'>forum.</span> <span class='ocrx_word' id='word_1_537' title='bbox 1474 2797 1499 2829; x_wconf 85' lang='lat' dir='ltr'>i.</span> <span class='ocrx_word' id='word_1_538' title='bbox 1519 2808 1548 2828; x_wconf 89' lang='lat' dir='ltr'>e.</span> <span class='ocrx_word' id='word_1_539' title='bbox 1572 2802 1610 2829; x_wconf 85' lang='lat' dir='ltr'>ut</span> <span class='ocrx_word' id='word_1_540' title='bbox 1634 2808 1717 2839; x_wconf 92' lang='lat' dir='ltr'>per-</span> 
     </span>
     <span class='ocr_line' id='line_1_93' title="bbox 982 2842 1716 2874; baseline -0.001 0"><span class='ocrx_word' id='word_1_541' title='bbox 982 2843 1165 2874; x_wconf 86' lang='lat' dir='ltr'>ficeretur.</span> <span class='ocrx_word' id='word_1_542' title='bbox 1205 2842 1257 2874; x_wconf 81' lang='lat' dir='ltr'>Cf.</span> <span class='ocrx_word' id='word_1_543' title='bbox 1284 2842 1431 2874; x_wconf 80' lang='lat' dir='ltr'>Sucton.</span> <span class='ocrx_word' id='word_1_544' title='bbox 1451 2842 1530 2874; x_wconf 76' lang='lat' dir='ltr'>Oct.</span> <span class='ocrx_word' id='word_1_545' title='bbox 1550 2843 1606 2873; x_wconf 72' lang='lat'>29.</span> <span class='ocrx_word' id='word_1_546' title='bbox 1635 2842 1716 2874; x_wconf 84' lang='lat' dir='ltr'>Fori</span> 
     </span>
     <span class='ocr_line' id='line_1_94' title="bbox 983 2886 1714 2925; baseline -0.003 -5"><span class='ocrx_word' id='word_1_547' title='bbox 983 2887 1180 2921; x_wconf 73' lang='lat' dir='ltr'>exstruendi</span> <span class='ocrx_word' id='word_1_548' title='bbox 1219 2897 1325 2919; x_wconf 87' lang='lat' dir='ltr'>causa</span> <span class='ocrx_word' id='word_1_549' title='bbox 1361 2887 1431 2925; x_wconf 77' lang='lat' dir='ltr'>fnit</span> <span class='ocrx_word' id='word_1_550' title='bbox 1470 2886 1643 2918; x_wconf 81' lang='lat' dir='ltr'>hominum</span> <span class='ocrx_word' id='word_1_551' title='bbox 1682 2890 1714 2918; x_wconf 84' lang='lat' dir='ltr'>et</span> 
     </span>
     <span class='ocr_line' id='line_1_95' title="bbox 981 2930 1713 2973; baseline -0.001 -9"><span class='ocrx_word' id='word_1_552' title='bbox 981 2932 1188 2966; x_wconf 78' lang='lat' dir='ltr'>iudiciorum</span> <span class='ocrx_word' id='word_1_553' title='bbox 1207 2931 1404 2973; x_wconf 84' lang='lat' dir='ltr'>multitudo,</span> <span class='ocrx_word' id='word_1_554' title='bbox 1419 2941 1507 2973; x_wconf 84' lang='lat' dir='ltr'>quae</span> <span class='ocrx_word' id='word_1_555' title='bbox 1530 2930 1713 2964; x_wconf 83' lang='lat' dir='ltr'>videbatur</span> 
     </span>
    </p>
   </div>
  </div>
 </body>
</html>
