<?xml version="1.0" encoding="UTF-8"?>
<!DOCTYPE html PUBLIC "-//W3C//DTD XHTML 1.0 Transitional//EN"
    "http://www.w3.org/TR/xhtml1/DTD/xhtml1-transitional.dtd">
<html xmlns="http://www.w3.org/1999/xhtml" xml:lang="en" lang="en">
 <head>
  <title>
</title>
<meta http-equiv="Content-Type" content="text/html;charset=utf-8" />
  <meta name='ocr-system' content='tesseract 3.04.00' />
  <meta name='ocr-capabilities' content='ocr_page ocr_carea ocr_par ocr_line ocrx_word'/>
</head>
<body>
  <div class='ocr_page' id='page_1' title='image "./operaquaesupersu02macruoft/operaquaesupersu02macruoft_0342.png"; bbox 0 0 1845 3131; ppageno 0'>
   <div class='ocr_carea' id='block_1_1' title="bbox 103 123 1715 1079">
    <p class='ocr_par' dir='ltr' id='par_1_1' title="bbox 103 123 1715 1079">
     <span class='ocr_line' id='line_1_1' title="bbox 171 123 1710 180; baseline 0.001 -13"><span class='ocrx_word' id='word_1_1' title='bbox 171 125 279 180; x_wconf 91' lang='lat' dir='ltr'>quod</span> <span class='ocrx_word' id='word_1_2' title='bbox 311 138 474 180; x_wconf 88' lang='lat' dir='ltr'>porcum</span> <span class='ocrx_word' id='word_1_3' title='bbox 505 123 721 164; x_wconf 84' lang='lat' dir='ltr'>Troianum</span> <span class='ocrx_word' id='word_1_4' title='bbox 755 123 900 164; x_wconf 82' lang='lat' dir='ltr'>mensis</span> <span class='ocrx_word' id='word_1_5' title='bbox 930 124 1122 173; x_wconf 84' lang='lat' dir='ltr'>inferant,</span> <span class='ocrx_word' id='word_1_6' title='bbox 1157 139 1275 179; x_wconf 88' lang='lat' dir='ltr'>quem</span> <span class='ocrx_word' id='word_1_7' title='bbox 1307 127 1361 168; x_wconf 85' lang='lat' dir='ltr'>illi</span> <span class='ocrx_word' id='word_1_8' title='bbox 1388 127 1478 168; x_wconf 86' lang='lat' dir='ltr'>ideo</span> <span class='ocrx_word' id='word_1_9' title='bbox 1512 127 1567 168; x_wconf 86' lang='lat' dir='ltr'>sic</span> <span class='ocrx_word' id='word_1_10' title='bbox 1595 140 1710 168; x_wconf 83' lang='lat' dir='ltr'>voea-</span> 
     </span>
     <span class='ocr_line' id='line_1_2' title="bbox 171 178 1712 235; baseline 0.001 -13"><span class='ocrx_word' id='word_1_11' title='bbox 171 183 285 230; x_wconf 86' lang='lat' dir='ltr'>bant,</span> <span class='ocrx_word' id='word_1_12' title='bbox 325 180 436 235; x_wconf 83' lang='lat' dir='ltr'>quasi</span> <span class='ocrx_word' id='word_1_13' title='bbox 467 179 551 219; x_wconf 90' lang='lat' dir='ltr'>aliis</span> <span class='ocrx_word' id='word_1_14' title='bbox 591 178 752 219; x_wconf 84' lang='lat' dir='ltr'>inclusis</span> <span class='ocrx_word' id='word_1_15' title='bbox 795 179 1032 220; x_wconf 80' lang='lat' dir='ltr'>animalibus</span> <span class='ocrx_word' id='word_1_16' title='bbox 1068 181 1297 234; x_wconf 83' lang='lat' dir='ltr'>gravidum,</span> <span class='ocrx_word' id='word_1_17' title='bbox 1342 189 1387 224; x_wconf 88' lang='lat' dir='ltr'>ut</span> <span class='ocrx_word' id='word_1_18' title='bbox 1426 184 1488 224; x_wconf 83' lang='lat' dir='ltr'>illc</span> <span class='ocrx_word' id='word_1_19' title='bbox 1516 183 1712 224; x_wconf 87' lang='lat' dir='ltr'>Troianus</span> 
     </span>
     <span class='ocr_line' id='line_1_3' title="bbox 108 234 1710 293; baseline 0.001 -14"><span class='ocrx_word' id='word_1_20' title='bbox 108 240 158 279; x_wconf 77' lang='lat'>14</span> <span class='ocrx_word' id='word_1_21' title='bbox 171 252 298 292; x_wconf 88' lang='lat' dir='ltr'>equus</span> <span class='ocrx_word' id='word_1_22' title='bbox 327 236 511 290; x_wconf 80' lang='lat' dir='ltr'>gravidus</span> <span class='ocrx_word' id='word_1_23' title='bbox 541 235 702 276; x_wconf 86' lang='lat' dir='ltr'>armatis</span> <span class='ocrx_word' id='word_1_24' title='bbox 733 234 818 276; x_wconf 83' lang='lat' dir='ltr'>fuit.</span> <span class='ocrx_word' id='word_1_25' title='bbox 889 236 1084 290; x_wconf 80' lang='lat' dir='ltr'>Exigebat</span> <span class='ocrx_word' id='word_1_26' title='bbox 1113 237 1188 278; x_wconf 92' lang='lat' dir='ltr'>hoc</span> <span class='ocrx_word' id='word_1_27' title='bbox 1218 252 1381 292; x_wconf 90' lang='lat' dir='ltr'>quoque</span> <span class='ocrx_word' id='word_1_28' title='bbox 1412 240 1476 280; x_wconf 90' lang='lat' dir='ltr'>illa</span> <span class='ocrx_word' id='word_1_29' title='bbox 1507 240 1621 293; x_wconf 81' lang='lat' dir='ltr'>gulae</span> <span class='ocrx_word' id='word_1_30' title='bbox 1652 240 1710 280; x_wconf 90' lang='lat' dir='ltr'>in-</span> 
     </span>
     <span class='ocr_line' id='line_1_4' title="bbox 172 292 1714 350; baseline 0.001 -16"><span class='ocrx_word' id='word_1_31' title='bbox 172 292 453 347; x_wconf 78' lang='lat' dir='ltr'>temperantia,</span> <span class='ocrx_word' id='word_1_32' title='bbox 494 296 540 331; x_wconf 85' lang='lat' dir='ltr'>ut</span> <span class='ocrx_word' id='word_1_33' title='bbox 579 297 617 332; x_wconf 87' lang='lat' dir='ltr'>et</span> <span class='ocrx_word' id='word_1_34' title='bbox 660 292 812 346; x_wconf 84' lang='lat' dir='ltr'>lepores</span> <span class='ocrx_word' id='word_1_35' title='bbox 850 293 1125 345; x_wconf 75' lang='lat' dir='ltr'>saginarentur</span> <span class='ocrx_word' id='word_1_36' title='bbox 1161 299 1261 334; x_wconf 88' lang='lat' dir='ltr'>teste</span> <span class='ocrx_word' id='word_1_37' title='bbox 1300 296 1499 345; x_wconf 84' lang='lat' dir='ltr'>Varrone,</span> <span class='ocrx_word' id='word_1_38' title='bbox 1551 296 1618 350; x_wconf 89' lang='lat' dir='ltr'>qui</span> <span class='ocrx_word' id='word_1_39' title='bbox 1665 296 1714 336; x_wconf 79' lang='lat' dir='ltr'>(le</span> 
     </span>
     <span class='ocr_line' id='line_1_5' title="bbox 172 347 1715 404; baseline 0.001 -14"><span class='ocrx_word' id='word_1_40' title='bbox 172 349 414 403; x_wconf 79' lang='lat' dir='ltr'>agricultura</span> <span class='ocrx_word' id='word_1_41' title='bbox 445 347 545 388; x_wconf 85' lang='lat' dir='ltr'>libro</span> <span class='ocrx_word' id='word_1_42' title='bbox 573 348 710 397; x_wconf 82' lang='lat' dir='ltr'>tertio,</span> <span class='ocrx_word' id='word_1_43' title='bbox 741 362 830 388; x_wconf 85' lang='lat' dir='ltr'>cum</span> <span class='ocrx_word' id='word_1_44' title='bbox 860 348 909 389; x_wconf 86' lang='lat' dir='ltr'>de</span> <span class='ocrx_word' id='word_1_45' title='bbox 937 349 1138 403; x_wconf 87' lang='lat' dir='ltr'>leporibus</span> <span class='ocrx_word' id='word_1_46' title='bbox 1165 350 1414 404; x_wconf 84' lang='lat' dir='ltr'>loqueretur,</span> <span class='ocrx_word' id='word_1_47' title='bbox 1445 352 1499 392; x_wconf 87' lang='lat' dir='ltr'>sic</span> <span class='ocrx_word' id='word_1_48' title='bbox 1530 353 1600 392; x_wconf 87' lang='lat' dir='ltr'>ait:</span> <span class='ocrx_word' id='word_1_49' title='bbox 1630 353 1715 392; x_wconf 89' lang='lat' dir='ltr'>Hoc</span> 
     </span>
     <span class='ocr_line' id='line_1_6' title="bbox 170 405 1712 462; baseline 0.001 -16"><span class='ocrx_word' id='word_1_50' title='bbox 170 420 320 461; x_wconf 78' lang='lat' dir='ltr'>quoque</span> <span class='ocrx_word' id='word_1_51' title='bbox 350 418 478 460; x_wconf 80' lang='lat' dir='ltr'>nuper</span> <span class='ocrx_word' id='word_1_52' title='bbox 509 405 745 452; x_wconf 78' lang='lat' dir='ltr'>institutum,</span> <span class='ocrx_word' id='word_1_53' title='bbox 789 413 833 445; x_wconf 79' lang='lat' dir='ltr'>ut</span> <span class='ocrx_word' id='word_1_54' title='bbox 857 408 1153 458; x_wconf 72' lang='lat' dir='ltr'>saqinarentur,</span> <span class='ocrx_word' id='word_1_55' title='bbox 1189 421 1275 447; x_wconf 80' lang='lat' dir='ltr'>enm</span> <span class='ocrx_word' id='word_1_56' title='bbox 1310 416 1485 462; x_wconf 66' lang='lat' dir='ltr'>exceptos</span> <span class='ocrx_word' id='word_1_57' title='bbox 1515 423 1533 447; x_wconf 84' lang='lat' dir='ltr'>e</span> <span class='ocrx_word' id='word_1_58' title='bbox 1561 408 1712 462; x_wconf 75' lang='lat' dir='ltr'>lepora-</span> 
     </span>
     <span class='ocr_line' id='line_1_7' title="bbox 106 461 1712 518; baseline 0.001 -16"><span class='ocrx_word' id='word_1_59' title='bbox 106 462 154 502; x_wconf 87' lang='lat'>15</span> <span class='ocrx_word' id='word_1_60' title='bbox 170 464 229 502; x_wconf 83' lang='lat' dir='ltr'>rio</span> <span class='ocrx_word' id='word_1_61' title='bbox 258 461 427 502; x_wconf 81' lang='lat' dir='ltr'>condant</span> <span class='ocrx_word' id='word_1_62' title='bbox 453 463 494 501; x_wconf 76' lang='lat' dir='ltr'>in</span> <span class='ocrx_word' id='word_1_63' title='bbox 525 463 668 508; x_wconf 82' lang='lat' dir='ltr'>caveis,</span> <span class='ocrx_word' id='word_1_64' title='bbox 710 469 743 501; x_wconf 84' lang='lat' dir='ltr'>et</span> <span class='ocrx_word' id='word_1_65' title='bbox 769 461 850 501; x_wconf 83' lang='lat' dir='ltr'>loeo</span> <span class='ocrx_word' id='word_1_66' title='bbox 881 462 1009 502; x_wconf 74' lang='lat' dir='ltr'>clauso</span> <span class='ocrx_word' id='word_1_67' title='bbox 1043 463 1195 516; x_wconf 74' lang='lat' dir='ltr'>faciant</span> <span class='ocrx_word' id='word_1_68' title='bbox 1219 463 1401 518; x_wconf 72' lang='lat' dir='ltr'>pinques.</span> <span class='ocrx_word' id='word_1_69' title='bbox 1470 463 1509 503; x_wconf 89' lang='lat' dir='ltr'>Si</span> <span class='ocrx_word' id='word_1_70' title='bbox 1542 464 1604 503; x_wconf 92' lang='lat' dir='ltr'>cui</span> <span class='ocrx_word' id='word_1_71' title='bbox 1636 462 1712 503; x_wconf 89' lang='lat' dir='ltr'>hoc</span> 
     </span>
     <span class='ocr_line' id='line_1_8' title="bbox 171 516 1715 572; baseline 0 -14"><span class='ocrx_word' id='word_1_72' title='bbox 171 517 316 559; x_wconf 88' lang='lat' dir='ltr'>mirum</span> <span class='ocrx_word' id='word_1_73' title='bbox 349 518 523 565; x_wconf 86' lang='lat' dir='ltr'>videtur,</span> <span class='ocrx_word' id='word_1_74' title='bbox 551 517 658 571; x_wconf 90' lang='lat' dir='ltr'>quod</span> <span class='ocrx_word' id='word_1_75' title='bbox 688 516 742 557; x_wconf 82' lang='lat' dir='ltr'>ait</span> <span class='ocrx_word' id='word_1_76' title='bbox 774 517 901 557; x_wconf 73' lang='lat' dir='ltr'>Varro</span> <span class='ocrx_word' id='word_1_77' title='bbox 931 518 1085 571; x_wconf 85' lang='lat' dir='ltr'>lepores</span> <span class='ocrx_word' id='word_1_78' title='bbox 1117 524 1245 559; x_wconf 85' lang='lat' dir='ltr'>aetate</span> <span class='ocrx_word' id='word_1_79' title='bbox 1274 518 1335 558; x_wconf 90' lang='lat' dir='ltr'>illa</span> <span class='ocrx_word' id='word_1_80' title='bbox 1366 519 1503 559; x_wconf 84' lang='lat' dir='ltr'>solitos</span> <span class='ocrx_word' id='word_1_81' title='bbox 1533 518 1715 572; x_wconf 80' lang='lat' dir='ltr'>saginari,</span> 
     </span>
     <span class='ocr_line' id='line_1_9' title="bbox 167 572 1712 628; baseline 0 -13"><span class='ocrx_word' id='word_1_82' title='bbox 167 573 351 628; x_wconf 85' lang='lat' dir='ltr'>accipiat,</span> <span class='ocrx_word' id='word_1_83' title='bbox 387 573 492 614; x_wconf 85' lang='lat' dir='ltr'>aliud</span> <span class='ocrx_word' id='word_1_84' title='bbox 523 573 630 627; x_wconf 84' lang='lat' dir='ltr'>quod</span> <span class='ocrx_word' id='word_1_85' title='bbox 663 572 812 613; x_wconf 86' lang='lat' dir='ltr'>maiore</span> <span class='ocrx_word' id='word_1_86' title='bbox 840 573 1116 614; x_wconf 78' lang='lat' dir='ltr'>ammiratione</span> <span class='ocrx_word' id='word_1_87' title='bbox 1147 574 1196 614; x_wconf 90' lang='lat' dir='ltr'>sit</span> <span class='ocrx_word' id='word_1_88' title='bbox 1227 574 1408 627; x_wconf 80' lang='lat' dir='ltr'>(lignum,</span> <span class='ocrx_word' id='word_1_89' title='bbox 1438 575 1617 615; x_wconf 78' lang='lat' dir='ltr'>cochleas</span> <span class='ocrx_word' id='word_1_90' title='bbox 1651 588 1712 615; x_wconf 89' lang='lat' dir='ltr'>sa-</span> 
     </span>
     <span class='ocr_line' id='line_1_10' title="bbox 103 629 1711 685; baseline -0.001 -13"><span class='ocrx_word' id='word_1_91' title='bbox 103 630 360 684; x_wconf 73' lang='lat' dir='ltr'>{3611ginatas‚</span> <span class='ocrx_word' id='word_1_92' title='bbox 390 629 496 684; x_wconf 89' lang='lat' dir='ltr'>quod</span> <span class='ocrx_word' id='word_1_93' title='bbox 531 629 633 669; x_wconf 86' lang='lat' dir='ltr'>idem</span> <span class='ocrx_word' id='word_1_94' title='bbox 662 629 789 669; x_wconf 79' lang='lat' dir='ltr'>Varro</span> <span class='ocrx_word' id='word_1_95' title='bbox 826 629 863 668; x_wconf 93' lang='lat' dir='ltr'>in</span> <span class='ocrx_word' id='word_1_96' title='bbox 892 630 1030 670; x_wconf 86' lang='lat' dir='ltr'>eodem</span> <span class='ocrx_word' id='word_1_97' title='bbox 1059 630 1159 671; x_wconf 86' lang='lat' dir='ltr'>libro</span> <span class='ocrx_word' id='word_1_98' title='bbox 1189 630 1319 671; x_wconf 85' lang='lat' dir='ltr'>refert.</span> <span class='ocrx_word' id='word_1_99' title='bbox 1372 631 1502 671; x_wconf 85' lang='lat' dir='ltr'>Verba</span> <span class='ocrx_word' id='word_1_100' title='bbox 1533 630 1615 685; x_wconf 88' lang='lat' dir='ltr'>ipsa</span> <span class='ocrx_word' id='word_1_101' title='bbox 1644 630 1711 684; x_wconf 91' lang='lat' dir='ltr'>qui</span> 
     </span>
     <span class='ocr_line' id='line_1_11' title="bbox 103 685 1711 741; baseline 0 -14"><span class='ocrx_word' id='word_1_102' title='bbox 103 687 154 727; x_wconf 83' lang='lat'>16</span> <span class='ocrx_word' id='word_1_103' title='bbox 170 687 275 727; x_wconf 82' lang='lat' dir='ltr'>volet</span> <span class='ocrx_word' id='word_1_104' title='bbox 302 686 445 739; x_wconf 77' lang='lat' dir='ltr'>legere,</span> <span class='ocrx_word' id='word_1_105' title='bbox 470 685 538 725; x_wconf 83' lang='lat' dir='ltr'>ubi</span> <span class='ocrx_word' id='word_1_106' title='bbox 568 698 759 739; x_wconf 85' lang='lat' dir='ltr'>quaerere</span> <span class='ocrx_word' id='word_1_107' title='bbox 786 685 929 726; x_wconf 82' lang='lat' dir='ltr'>debeat</span> <span class='ocrx_word' id='word_1_108' title='bbox 952 686 1131 727; x_wconf 54' lang='lat' dir='ltr'>indicari.</span> <span class='ocrx_word' id='word_1_109' title='bbox 1195 687 1337 741; x_wconf 81' lang='lat' dir='ltr'>Neque</span> <span class='ocrx_word' id='word_1_110' title='bbox 1366 700 1439 740; x_wconf 78' lang='lat' dir='ltr'>ego</span> <span class='ocrx_word' id='word_1_111' title='bbox 1468 701 1573 727; x_wconf 87' lang='lat' dir='ltr'>nunc</span> <span class='ocrx_word' id='word_1_112' title='bbox 1611 687 1711 727; x_wconf 85' lang='lat' dir='ltr'>anti-</span> 
     </span>
     <span class='ocr_line' id='line_1_12' title="bbox 169 740 1709 797; baseline 0.001 -15"><span class='ocrx_word' id='word_1_113' title='bbox 169 741 312 796; x_wconf 82' lang='lat' dir='ltr'>quitati</span> <span class='ocrx_word' id='word_1_114' title='bbox 341 756 412 782; x_wconf 88' lang='lat' dir='ltr'>nos</span> <span class='ocrx_word' id='word_1_115' title='bbox 443 740 721 795; x_wconf 86' lang='lat' dir='ltr'>praeferendos</span> <span class='ocrx_word' id='word_1_116' title='bbox 762 741 821 781; x_wconf 82' lang='lat' dir='ltr'>vel</span> <span class='ocrx_word' id='word_1_117' title='bbox 859 742 1135 795; x_wconf 84' lang='lat' dir='ltr'>conparandos</span> <span class='ocrx_word' id='word_1_118' title='bbox 1167 742 1274 792; x_wconf 88' lang='lat' dir='ltr'>dico,</span> <span class='ocrx_word' id='word_1_119' title='bbox 1314 743 1381 783; x_wconf 87' lang='lat' dir='ltr'>sed</span> <span class='ocrx_word' id='word_1_120' title='bbox 1413 743 1600 797; x_wconf 80' lang='lat' dir='ltr'>respondi</span> <span class='ocrx_word' id='word_1_121' title='bbox 1639 743 1709 783; x_wconf 91' lang='lat' dir='ltr'>ob-</span> 
     </span>
     <span class='ocr_line' id='line_1_13' title="bbox 166 796 1709 852; baseline 0.001 -14"><span class='ocrx_word' id='word_1_122' title='bbox 166 797 337 852; x_wconf 80' lang='lat' dir='ltr'>iurganti</span> <span class='ocrx_word' id='word_1_123' title='bbox 369 798 502 845; x_wconf 87' lang='lat' dir='ltr'>Horo,</span> <span class='ocrx_word' id='word_1_124' title='bbox 527 796 734 844; x_wconf 47' lang='lat' dir='ltr'>adseren&amp;</span> <span class='ocrx_word' id='word_1_125' title='bbox 765 796 823 836; x_wconf 87' lang='lat' dir='ltr'>uti</span> <span class='ocrx_word' id='word_1_126' title='bbox 851 810 912 836; x_wconf 86' lang='lat' dir='ltr'>res</span> <span class='ocrx_word' id='word_1_127' title='bbox 946 798 1085 847; x_wconf 85' lang='lat' dir='ltr'>hahet,</span> <span class='ocrx_word' id='word_1_128' title='bbox 1119 798 1308 838; x_wconf 85' lang='lat' dir='ltr'>maiorem</span> <span class='ocrx_word' id='word_1_129' title='bbox 1340 799 1414 839; x_wconf 88' lang='lat' dir='ltr'>illis</span> <span class='ocrx_word' id='word_1_130' title='bbox 1444 799 1587 839; x_wconf 86' lang='lat' dir='ltr'>seculis</span> <span class='ocrx_word' id='word_1_131' title='bbox 1614 799 1709 839; x_wconf 87' lang='lat' dir='ltr'>deli-</span> 
     </span>
     <span class='ocr_line' id='line_1_14' title="bbox 165 852 962 906; baseline -0.003 -12"><span class='ocrx_word' id='word_1_132' title='bbox 165 854 316 895; x_wconf 88' lang='lat' dir='ltr'>ciarum</span> <span class='ocrx_word' id='word_1_133' title='bbox 344 867 479 894; x_wconf 91' lang='lat' dir='ltr'>curam</span> <span class='ocrx_word' id='word_1_134' title='bbox 509 852 630 893; x_wconf 85' lang='lat' dir='ltr'>fuisse</span> <span class='ocrx_word' id='word_1_135' title='bbox 660 866 779 906; x_wconf 90' lang='lat' dir='ltr'>quam</span> <span class='ocrx_word' id='word_1_136' title='bbox 812 858 962 893; x_wconf 85' lang='lat' dir='ltr'>nostro.</span> 
     </span>
     <span class='ocr_line' id='line_1_15' title="bbox 281 909 1706 964; baseline 0.001 -14"><span class='ocrx_word' id='word_1_137' title='bbox 281 911 392 950; x_wconf 79' lang='lat' dir='ltr'><strong>XIV.</strong></span> <span class='ocrx_word' id='word_1_138' title='bbox 455 909 634 950; x_wconf 85' lang='lat' dir='ltr'>Subiecit</span> <span class='ocrx_word' id='word_1_139' title='bbox 662 909 807 948; x_wconf 86' lang='lat' dir='ltr'>Furius</span> <span class='ocrx_word' id='word_1_140' title='bbox 825 909 1009 956; x_wconf 78' lang='lat' dir='ltr'>Albinus,</span> <span class='ocrx_word' id='word_1_141' title='bbox 1043 909 1291 963; x_wconf 81' lang='lat' dir='ltr'>antiquitatis</span> <span class='ocrx_word' id='word_1_142' title='bbox 1319 924 1397 950; x_wconf 91' lang='lat' dir='ltr'>non</span> <span class='ocrx_word' id='word_1_143' title='bbox 1430 910 1560 951; x_wconf 89' lang='lat' dir='ltr'>minus</span> <span class='ocrx_word' id='word_1_144' title='bbox 1588 924 1706 964; x_wconf 88' lang='lat' dir='ltr'>quam</span> 
     </span>
     <span class='ocr_line' id='line_1_16' title="bbox 166 965 1709 1020; baseline 0 -13"><span class='ocrx_word' id='word_1_145' title='bbox 166 966 335 1008; x_wconf 84' lang='lat' dir='ltr'>Caecina</span> <span class='ocrx_word' id='word_1_146' title='bbox 362 965 529 1020; x_wconf 86' lang='lat' dir='ltr'>peritus:</span> <span class='ocrx_word' id='word_1_147' title='bbox 556 966 685 1006; x_wconf 88' lang='lat' dir='ltr'>Miror</span> <span class='ocrx_word' id='word_1_148' title='bbox 714 970 765 1013; x_wconf 82' lang='lat' dir='ltr'>te,</span> <span class='ocrx_word' id='word_1_149' title='bbox 794 965 935 1018; x_wconf 74' lang='lat' dir='ltr'>inquit,</span> <span class='ocrx_word' id='word_1_150' title='bbox 959 966 1115 1014; x_wconf 84' lang='lat' dir='ltr'>Albine,</span> <span class='ocrx_word' id='word_1_151' title='bbox 1136 980 1216 1006; x_wconf 95' lang='lat' dir='ltr'>non</span> <span class='ocrx_word' id='word_1_152' title='bbox 1243 966 1424 1006; x_wconf 84' lang='lat' dir='ltr'>retulisse</span> <span class='ocrx_word' id='word_1_153' title='bbox 1456 972 1602 1020; x_wconf 87' lang='lat' dir='ltr'>quanta</span> <span class='ocrx_word' id='word_1_154' title='bbox 1635 966 1709 1007; x_wconf 89' lang='lat' dir='ltr'>illis</span> 
     </span>
     <span class='ocr_line' id='line_1_17' title="bbox 167 1021 1710 1079; baseline -0.001 -15"><span class='ocrx_word' id='word_1_155' title='bbox 167 1022 371 1064; x_wconf 85' lang='lat' dir='ltr'>affluentia</span> <span class='ocrx_word' id='word_1_156' title='bbox 400 1022 641 1064; x_wconf 88' lang='lat' dir='ltr'>marinarum</span> <span class='ocrx_word' id='word_1_157' title='bbox 672 1021 877 1078; x_wconf 84' lang='lat' dir='ltr'>procurari</span> <span class='ocrx_word' id='word_1_158' title='bbox 912 1022 1026 1064; x_wconf 77' lang='lat' dir='ltr'>solita</span> <span class='ocrx_word' id='word_1_159' title='bbox 1062 1021 1180 1063; x_wconf 87' lang='lat' dir='ltr'>suerit</span> <span class='ocrx_word' id='word_1_160' title='bbox 1205 1022 1421 1079; x_wconf 84' lang='lat' dir='ltr'>copiarum,</span> <span class='ocrx_word' id='word_1_161' title='bbox 1442 1023 1555 1064; x_wconf 84' lang='lat' dir='ltr'>cuius</span> <span class='ocrx_word' id='word_1_162' title='bbox 1582 1023 1710 1064; x_wconf 88' lang='lat' dir='ltr'>relatu</span> 
     </span>
    </p>
   </div>
   <div class='ocr_carea' id='block_1_2' title="bbox 252 1152 549 1194">
    <p class='ocr_par' dir='ltr' id='par_1_2' title="bbox 252 1152 549 1194">
     <span class='ocr_line' id='line_1_18' title="bbox 252 1152 549 1194; baseline 0.003 -11"><span class='ocrx_word' id='word_1_163' title='bbox 252 1152 356 1194; x_wconf 62' lang='lat' dir='ltr'>[aies.</span> <span class='ocrx_word' id='word_1_164' title='bbox 382 1152 549 1184; x_wconf 80' lang='lat' dir='ltr'><strong>ABGPS.</strong></span> 
     </span>
    </p>
   </div>
   <div class='ocr_carea' id='block_1_3' title="bbox 159 1207 1705 1696">
    <p class='ocr_par' dir='ltr' id='par_1_3' title="bbox 159 1207 1705 1696">
     <span class='ocr_line' id='line_1_19' title="bbox 161 1207 1704 1251; baseline 0.002 -13"><span class='ocrx_word' id='word_1_165' title='bbox 161 1218 241 1238; x_wconf 86' lang='lat' dir='ltr'>men</span> <span class='ocrx_word' id='word_1_166' title='bbox 274 1207 397 1239; x_wconf 85' lang='lat' dir='ltr'>nescio</span> <span class='ocrx_word' id='word_1_167' title='bbox 426 1207 464 1239; x_wconf 82' lang='lat' dir='ltr'><strong>L.</strong></span> <span class='ocrx_word' id='word_1_168' title='bbox 497 1207 662 1240; x_wconf 82' lang='lat' dir='ltr'>Cincium</span> <span class='ocrx_word' id='word_1_169' title='bbox 696 1208 936 1247; x_wconf 75' lang='lat' dir='ltr'>Alimentum,</span> <span class='ocrx_word' id='word_1_170' title='bbox 973 1207 1077 1240; x_wconf 61' lang='lat' dir='ltr'>(euius</span> <span class='ocrx_word' id='word_1_171' title='bbox 1106 1208 1241 1240; x_wconf 84' lang='lat' dir='ltr'>mentio</span> <span class='ocrx_word' id='word_1_172' title='bbox 1274 1209 1367 1250; x_wconf 80' lang='lat' dir='ltr'>apud</span> <span class='ocrx_word' id='word_1_173' title='bbox 1394 1208 1601 1251; x_wconf 71' lang='lat' dir='ltr'>Agellhun,</span> <span class='ocrx_word' id='word_1_174' title='bbox 1639 1209 1704 1241; x_wconf 73' lang='lat' dir='ltr'>Fc-</span> 
     </span>
     <span class='ocr_line' id='line_1_20' title="bbox 161 1252 1705 1295; baseline 0.001 -12"><span class='ocrx_word' id='word_1_175' title='bbox 161 1256 276 1292; x_wconf 85' lang='lat' dir='ltr'>stum,</span> <span class='ocrx_word' id='word_1_176' title='bbox 315 1252 458 1284; x_wconf 77' lang='lat' dir='ltr'>Livium</span> <span class='ocrx_word' id='word_1_177' title='bbox 490 1252 644 1284; x_wconf 68' lang='lat' dir='ltr'>Nonium</span> <span class='ocrx_word' id='word_1_178' title='bbox 676 1258 711 1285; x_wconf 83' lang='lat' dir='ltr'>et</span> <span class='ocrx_word' id='word_1_179' title='bbox 740 1254 829 1285; x_wconf 81' lang='lat' dir='ltr'>alibi</span> <span class='ocrx_word' id='word_1_180' title='bbox 864 1253 957 1295; x_wconf 83' lang='lat' dir='ltr'>apud</span> <span class='ocrx_word' id='word_1_181' title='bbox 989 1253 1084 1284; x_wconf 86' lang='lat' dir='ltr'>huuc</span> <span class='ocrx_word' id='word_1_182' title='bbox 1115 1253 1233 1294; x_wconf 80' lang='lat' dir='ltr'>ipsum</span> <span class='ocrx_word' id='word_1_183' title='bbox 1264 1253 1529 1285; x_wconf 71' lang='lat' dir='ltr'>Macrobiunn.“</span> <span class='ocrx_word' id='word_1_184' title='bbox 1567 1254 1705 1285; x_wconf 85' lang='lat' dir='ltr'>Meurs.</span> 
     </span>
     <span class='ocr_line' id='line_1_21' title="bbox 160 1296 1705 1338; baseline 0.001 -10"><span class='ocrx_word' id='word_1_185' title='bbox 160 1296 353 1328; x_wconf 87' lang='lat' dir='ltr'>Consentit</span> <span class='ocrx_word' id='word_1_186' title='bbox 374 1298 415 1328; x_wconf 82' lang='lat' dir='ltr'><strong>R.</strong></span> <span class='ocrx_word' id='word_1_187' title='bbox 439 1297 594 1329; x_wconf 82' lang='lat' dir='ltr'>Merkel.</span> <span class='ocrx_word' id='word_1_188' title='bbox 622 1298 665 1328; x_wconf 82' lang='lat' dir='ltr'>ad</span> <span class='ocrx_word' id='word_1_189' title='bbox 691 1297 795 1329; x_wconf 84' lang='lat' dir='ltr'>Ovid.</span> <span class='ocrx_word' id='word_1_190' title='bbox 821 1298 918 1329; x_wconf 85' lang='lat' dir='ltr'>Fast.</span> <span class='ocrx_word' id='word_1_191' title='bbox 944 1310 975 1338; x_wconf 85' lang='lat' dir='ltr'><strong>p.</strong></span> <span class='ocrx_word' id='word_1_192' title='bbox 1001 1309 1103 1329; x_wconf 68' lang='lat' dir='ltr'><strong>mcxv.</strong></span> <span class='ocrx_word' id='word_1_193' title='bbox 1130 1302 1165 1329; x_wconf 75' lang='lat' dir='ltr'>et</span> <span class='ocrx_word' id='word_1_194' title='bbox 1190 1299 1235 1329; x_wconf 82' lang='lat' dir='ltr'><strong>M.</strong></span> <span class='ocrx_word' id='word_1_195' title='bbox 1262 1299 1386 1329; x_wconf 71' lang='lat' dir='ltr'>Hertz.</span> <span class='ocrx_word' id='word_1_196' title='bbox 1416 1298 1459 1329; x_wconf 85' lang='lat' dir='ltr'>de</span> <span class='ocrx_word' id='word_1_197' title='bbox 1480 1297 1605 1330; x_wconf 86' lang='lat' dir='ltr'>Lu‹:iis</span> <span class='ocrx_word' id='word_1_198' title='bbox 1621 1298 1705 1330; x_wconf 86' lang='lat' dir='ltr'>Cin-</span> 
     </span>
     <span class='ocr_line' id='line_1_22' title="bbox 161 1341 1703 1384; baseline 0.001 -12"><span class='ocrx_word' id='word_1_199' title='bbox 161 1341 229 1373; x_wconf 83' lang='lat' dir='ltr'>ciis</span> <span class='ocrx_word' id='word_1_200' title='bbox 252 1353 281 1383; x_wconf 85' lang='lat' dir='ltr'>p.</span> <span class='ocrx_word' id='word_1_201' title='bbox 308 1344 362 1373; x_wconf 85' lang='lat'><strong>35.</strong></span> <span class='ocrx_word' id='word_1_202' title='bbox 403 1343 572 1380; x_wconf 81' lang='lat' dir='ltr'>„Cincius</span> <span class='ocrx_word' id='word_1_203' title='bbox 597 1343 740 1374; x_wconf 83' lang='lat' dir='ltr'>librarii</span> <span class='ocrx_word' id='word_1_204' title='bbox 767 1344 871 1384; x_wconf 81' lang='lat' dir='ltr'>lapsu</span> <span class='ocrx_word' id='word_1_205' title='bbox 896 1342 1072 1383; x_wconf 81' lang='lat' dir='ltr'>scriptum</span> <span class='ocrx_word' id='word_1_206' title='bbox 1099 1354 1162 1383; x_wconf 80' lang='lat' dir='ltr'>pro</span> <span class='ocrx_word' id='word_1_207' title='bbox 1193 1345 1227 1374; x_wconf 81' lang='lat' dir='ltr'><strong>C.</strong></span> <span class='ocrx_word' id='word_1_208' title='bbox 1259 1344 1407 1374; x_wconf 60' lang='lat' dir='ltr'>&#39;1&#39;idusf‘</span> <span class='ocrx_word' id='word_1_209' title='bbox 1453 1343 1635 1374; x_wconf 74' lang='lat' dir='ltr'>Dueliner.</span> <span class='ocrx_word' id='word_1_210' title='bbox 1660 1343 1703 1374; x_wconf 86' lang='lat' dir='ltr'>ad</span> 
     </span>
     <span class='ocr_line' id='line_1_23' title="bbox 162 1386 1702 1429; baseline 0.001 -12"><span class='ocrx_word' id='word_1_211' title='bbox 162 1386 303 1427; x_wconf 72' lang='lat' dir='ltr'>Meyer-i</span> <span class='ocrx_word' id='word_1_212' title='bbox 342 1392 434 1418; x_wconf 82' lang='lat' dir='ltr'>orat.</span> <span class='ocrx_word' id='word_1_213' title='bbox 474 1387 576 1417; x_wconf 79' lang='lat' dir='ltr'>Rom.</span> <span class='ocrx_word' id='word_1_214' title='bbox 611 1387 743 1429; x_wconf 81' lang='lat' dir='ltr'>fragm.</span> <span class='ocrx_word' id='word_1_215' title='bbox 783 1399 813 1428; x_wconf 87' lang='lat' dir='ltr'><strong>p.</strong></span> <span class='ocrx_word' id='word_1_216' title='bbox 850 1389 924 1418; x_wconf 74' lang='lat'><strong>⁶274.</strong></span> <span class='ocrx_word' id='word_1_217' title='bbox 984 1388 1102 1418; x_wconf 81' lang='lat' dir='ltr'>tutius</span> <span class='ocrx_word' id='word_1_218' title='bbox 1137 1387 1209 1417; x_wconf 63' lang='lat'><strong>313.</strong></span> <span class='ocrx_word' id='word_1_219' title='bbox 1257 1388 1349 1418; x_wconf 81' lang='lat' dir='ltr'>titus</span> <span class='ocrx_word' id='word_1_220' title='bbox 1387 1387 1444 1417; x_wconf 85' lang='lat'><strong>1’5.</strong></span> <span class='ocrx_word' id='word_1_221' title='bbox 1496 1389 1609 1419; x_wconf 80' lang='lat' dir='ltr'>citius</span> <span class='ocrx_word' id='word_1_222' title='bbox 1639 1387 1702 1419; x_wconf 87' lang='lat' dir='ltr'><strong>P6.</strong></span> 
     </span>
     <span class='ocr_line' id='line_1_24' title="bbox 161 1431 1705 1472; baseline 0.001 -10"><span class='ocrx_word' id='word_1_223' title='bbox 161 1431 258 1462; x_wconf 82' lang='lat' dir='ltr'>atius</span> <span class='ocrx_word' id='word_1_224' title='bbox 287 1432 368 1462; x_wconf 72' lang='lat'><strong>912.</strong></span> <span class='ocrx_word' id='word_1_225' title='bbox 415 1431 558 1462; x_wconf 82' lang='lat' dir='ltr'>cintius</span> <span class='ocrx_word' id='word_1_226' title='bbox 590 1431 657 1461; x_wconf 78' lang='lat' dir='ltr'>Ml,</span> <span class='ocrx_word' id='word_1_227' title='bbox 703 1432 849 1463; x_wconf 82' lang='lat' dir='ltr'>cincias</span> <span class='ocrx_word' id='word_1_228' title='bbox 872 1433 920 1462; x_wconf 71' lang='lat' dir='ltr'>Pr</span> <span class='ocrx_word' id='word_1_229' title='bbox 946 1431 1035 1463; x_wconf 79' lang='lat' dir='ltr'>Edd.</span> <span class='ocrx_word' id='word_1_230' title='bbox 1068 1449 1110 1454; x_wconf 93' lang='lat'><em>-</em></span> <span class='ocrx_word' id='word_1_231' title='bbox 1141 1431 1277 1462; x_wconf 79' lang='lat' dir='ltr'>obiecit</span> <span class='ocrx_word' id='word_1_232' title='bbox 1304 1431 1497 1472; x_wconf 78' lang='lat' dir='ltr'><strong>pz-hPSR.</strong></span> <span class='ocrx_word' id='word_1_233' title='bbox 1532 1448 1572 1455; x_wconf 90' lang='lat'>—</span> <span class='ocrx_word' id='word_1_234' title='bbox 1602 1433 1705 1463; x_wconf 82' lang='lat' dir='ltr'>insc-</span> 
     </span>
     <span class='ocr_line' id='line_1_25' title="bbox 159 1474 1704 1517; baseline 0.001 -12"><span class='ocrx_word' id='word_1_235' title='bbox 159 1479 239 1506; x_wconf 82' lang='lat' dir='ltr'>rant</span> <span class='ocrx_word' id='word_1_236' title='bbox 266 1474 301 1506; x_wconf 88' lang='lat' dir='ltr'>S.</span> <span class='ocrx_word' id='word_1_237' title='bbox 444 1477 492 1505; x_wconf 69' lang='lat'>14.</span> <span class='ocrx_word' id='word_1_238' title='bbox 530 1480 565 1507; x_wconf 81' lang='lat' dir='ltr'>ut</span> <span class='ocrx_word' id='word_1_239' title='bbox 592 1477 679 1516; x_wconf 83' lang='lat' dir='ltr'>(om.</span> <span class='ocrx_word' id='word_1_240' title='bbox 703 1480 752 1514; x_wconf 75' lang='lat' dir='ltr'>et.)</span> <span class='ocrx_word' id='word_1_241' title='bbox 779 1487 856 1517; x_wconf 75' lang='lat' dir='ltr'><strong>v—g.</strong></span> <span class='ocrx_word' id='word_1_242' title='bbox 883 1494 921 1498; x_wconf 97' lang='lat'><strong>—</strong></span> <span class='ocrx_word' id='word_1_243' title='bbox 946 1481 1030 1507; x_wconf 73' lang='lat' dir='ltr'>teste</span> <span class='ocrx_word' id='word_1_244' title='bbox 1053 1477 1205 1507; x_wconf 60' lang='lat' dir='ltr'>Varrone</span> <span class='ocrx_word' id='word_1_245' title='bbox 1227 1499 1234 1506; x_wconf 89' lang='lat'><strong>.</strong></span> <span class='ocrx_word' id='word_1_246' title='bbox 1251 1501 1279 1506; x_wconf 91' lang='lat'>..</span> <span class='ocrx_word' id='word_1_247' title='bbox 1304 1477 1342 1515; x_wconf 60' lang='grc' dir='ltr'>(ἓ</span> <span class='ocrx_word' id='word_1_248' title='bbox 1373 1477 1440 1512; x_wconf 82' lang='lat'><strong>15.)</strong></span> <span class='ocrx_word' id='word_1_249' title='bbox 1461 1476 1493 1506; x_wconf 84' lang='lat' dir='ltr'>in</span> <span class='ocrx_word' id='word_1_250' title='bbox 1521 1477 1594 1507; x_wconf 83' lang='lat' dir='ltr'>eod.</span> <span class='ocrx_word' id='word_1_251' title='bbox 1619 1477 1704 1508; x_wconf 86' lang='lat' dir='ltr'>libro</span> 
     </span>
     <span class='ocr_line' id='line_1_26' title="bbox 159 1518 1702 1562; baseline 0.001 -12"><span class='ocrx_word' id='word_1_252' title='bbox 159 1520 278 1561; x_wconf 77' lang='lat' dir='ltr'>refert]</span> <span class='ocrx_word' id='word_1_253' title='bbox 314 1519 364 1550; x_wconf 83' lang='lat'>10.</span> <span class='ocrx_word' id='word_1_254' title='bbox 399 1518 546 1550; x_wconf 69' lang='lat' dir='ltr'>saresb.</span> <span class='ocrx_word' id='word_1_255' title='bbox 585 1520 607 1551; x_wconf 92' lang='grc' dir='ltr'><strong>Ι.</strong></span> <span class='ocrx_word' id='word_1_256' title='bbox 643 1532 670 1550; x_wconf 73' lang='grc' dir='ltr'>ο,</span> <span class='ocrx_word' id='word_1_257' title='bbox 714 1539 755 1544; x_wconf 78' lang='lat'>--</span> <span class='ocrx_word' id='word_1_258' title='bbox 792 1523 839 1552; x_wconf 85' lang='lat' dir='ltr'>sic</span> <span class='ocrx_word' id='word_1_259' title='bbox 873 1521 922 1552; x_wconf 84' lang='lat' dir='ltr'>ait</span> <span class='ocrx_word' id='word_1_260' title='bbox 956 1521 1037 1551; x_wconf 84' lang='lat' dir='ltr'>add.</span> <span class='ocrx_word' id='word_1_261' title='bbox 1069 1531 1088 1551; x_wconf 87' lang='lat' dir='ltr'>a</span> <span class='ocrx_word' id='word_1_262' title='bbox 1122 1531 1182 1551; x_wconf 80' lang='lat' dir='ltr'>sec</span> <span class='ocrx_word' id='word_1_263' title='bbox 1219 1531 1262 1550; x_wconf 82' lang='lat' dir='ltr'>in.</span> <span class='ocrx_word' id='word_1_264' title='bbox 1292 1519 1331 1550; x_wconf 83' lang='grc' dir='ltr'><strong>Β.</strong></span> <span class='ocrx_word' id='word_1_265' title='bbox 1371 1539 1410 1542; x_wconf 87' lang='lat'>——</span> <span class='ocrx_word' id='word_1_266' title='bbox 1451 1520 1522 1551; x_wconf 86' lang='lat' dir='ltr'>Hoc</span> <span class='ocrx_word' id='word_1_267' title='bbox 1557 1521 1702 1562; x_wconf 78' lang='lat' dir='ltr'>quoquc]</span> 
     </span>
     <span class='ocr_line' id='line_1_27' title="bbox 159 1563 1704 1605; baseline 0.001 -12"><span class='ocrx_word' id='word_1_268' title='bbox 159 1563 301 1603; x_wconf 76' lang='lat' dir='ltr'>„Verba</span> <span class='ocrx_word' id='word_1_269' title='bbox 330 1568 414 1595; x_wconf 88' lang='lat' dir='ltr'>sunt</span> <span class='ocrx_word' id='word_1_270' title='bbox 439 1564 610 1596; x_wconf 70' lang='lat' dir='ltr'>varronis</span> <span class='ocrx_word' id='word_1_271' title='bbox 644 1565 706 1596; x_wconf 83' lang='lat' dir='ltr'>lib.</span> <span class='ocrx_word' id='word_1_272' title='bbox 732 1565 795 1596; x_wconf 80' lang='lat'>111.</span> <span class='ocrx_word' id='word_1_273' title='bbox 834 1576 912 1605; x_wconf 83' lang='lat' dir='ltr'>cap.</span> <span class='ocrx_word' id='word_1_274' title='bbox 941 1567 991 1595; x_wconf 79' lang='lat'><strong>12.</strong></span> <span class='ocrx_word' id='word_1_275' title='bbox 1017 1565 1060 1595; x_wconf 86' lang='lat' dir='ltr'>(le</span> <span class='ocrx_word' id='word_1_276' title='bbox 1087 1565 1127 1595; x_wconf 76' lang='lat' dir='ltr'><strong>R.</strong></span> <span class='ocrx_word' id='word_1_277' title='bbox 1153 1564 1214 1603; x_wconf 68' lang='lat' dir='ltr'>R,</span> <span class='ocrx_word' id='word_1_278' title='bbox 1249 1575 1341 1605; x_wconf 81' lang='lat' dir='ltr'>quae</span> <span class='ocrx_word' id='word_1_279' title='bbox 1368 1569 1486 1595; x_wconf 70' lang='lat' dir='ltr'>tanuen</span> <span class='ocrx_word' id='word_1_280' title='bbox 1512 1565 1622 1605; x_wconf 85' lang='lat' dir='ltr'>paulo</span> <span class='ocrx_word' id='word_1_281' title='bbox 1646 1576 1704 1595; x_wconf 78' lang='lat' dir='ltr'>ne-</span> 
     </span>
     <span class='ocr_line' id='line_1_28' title="bbox 159 1607 1704 1650; baseline 0.001 -11"><span class='ocrx_word' id='word_1_282' title='bbox 159 1608 238 1639; x_wconf 84' lang='lat' dir='ltr'>cius</span> <span class='ocrx_word' id='word_1_283' title='bbox 272 1619 378 1650; x_wconf 78' lang='lat' dir='ltr'>quain</span> <span class='ocrx_word' id='word_1_284' title='bbox 414 1609 622 1640; x_wconf 71' lang='lat' dir='ltr'>Macrobius</span> <span class='ocrx_word' id='word_1_285' title='bbox 665 1609 776 1640; x_wconf 79' lang='lat' dir='ltr'>refert</span> <span class='ocrx_word' id='word_1_286' title='bbox 804 1608 1089 1641; x_wconf 82' lang='lat' dir='ltr'>Salisberiensis</span> <span class='ocrx_word' id='word_1_287' title='bbox 1122 1607 1295 1640; x_wconf 70' lang='lat' dir='ltr'>Polion-at.</span> <span class='ocrx_word' id='word_1_288' title='bbox 1333 1609 1355 1639; x_wconf 89' lang='lat' dir='ltr'>l.</span> <span class='ocrx_word' id='word_1_289' title='bbox 1390 1620 1419 1640; x_wconf 69' lang='lat'>‹⁸-</span> <span class='ocrx_word' id='word_1_290' title='bbox 1471 1608 1589 1650; x_wconf 70' lang='lat' dir='ltr'>Lego:</span> <span class='ocrx_word' id='word_1_291' title='bbox 1632 1610 1704 1641; x_wconf 86' lang='lat' dir='ltr'>Hos</span> 
     </span>
     <span class='ocr_line' id='line_1_29' title="bbox 159 1654 1702 1696; baseline 0.001 -13"><span class='ocrx_word' id='word_1_292' title='bbox 159 1664 291 1694; x_wconf 81' lang='lat' dir='ltr'>qnoque</span> <span class='ocrx_word' id='word_1_293' title='bbox 311 1664 344 1684; x_wconf 83' lang='lat' dir='ltr'>n.</span> <span class='ocrx_word' id='word_1_294' title='bbox 372 1654 392 1684; x_wconf 86' lang='lat' dir='ltr'>i.</span> <span class='ocrx_word' id='word_1_295' title='bbox 417 1659 475 1685; x_wconf 84' lang='lat' dir='ltr'>cst</span> <span class='ocrx_word' id='word_1_296' title='bbox 502 1659 539 1686; x_wconf 83' lang='lat' dir='ltr'>nt</span> <span class='ocrx_word' id='word_1_297' title='bbox 563 1654 770 1695; x_wconf 78' lang='lat' dir='ltr'>saginarent</span> <span class='ocrx_word' id='word_1_298' title='bbox 789 1655 1001 1696; x_wconf 79' lang='lat' dir='ltr'>pleraque</span> <span class='ocrx_word' id='word_1_299' title='bbox 1028 1665 1100 1685; x_wconf 84' lang='lat' dir='ltr'>cum</span> <span class='ocrx_word' id='word_1_300' title='bbox 1128 1658 1281 1694; x_wconf 61' lang='lat' dir='ltr'>exceptos</span> <span class='ocrx_word' id='word_1_301' title='bbox 1308 1665 1325 1684; x_wconf 85' lang='lat' dir='ltr'>c</span> <span class='ocrx_word' id='word_1_302' title='bbox 1351 1654 1521 1696; x_wconf 80' lang='lat' dir='ltr'>leporario</span> <span class='ocrx_word' id='word_1_303' title='bbox 1545 1654 1702 1685; x_wconf 77' lang='lat' dir='ltr'>conclu-</span> 
     </span>
    </p>
   </div>
   <div class='ocr_carea' id='block_1_4' title="bbox 156 1696 1702 1972">
    <p class='ocr_par' dir='ltr' id='par_1_4' title="bbox 156 1696 1702 1920">
     <span class='ocr_line' id='line_1_30' title="bbox 158 1696 1700 1739; baseline 0.001 -11"><span class='ocrx_word' id='word_1_304' title='bbox 158 1698 242 1728; x_wconf 85' lang='lat' dir='ltr'>dant</span> <span class='ocrx_word' id='word_1_305' title='bbox 268 1696 290 1728; x_wconf 89' lang='lat' dir='ltr'>i.</span> <span class='ocrx_word' id='word_1_306' title='bbox 314 1698 369 1727; x_wconf 81' lang='lat' dir='ltr'>c.“</span> <span class='ocrx_word' id='word_1_307' title='bbox 399 1697 538 1729; x_wconf 84' lang='lat' dir='ltr'>Meurs.</span> <span class='ocrx_word' id='word_1_308' title='bbox 581 1698 643 1729; x_wconf 83' lang='lat' dir='ltr'>Sic</span> <span class='ocrx_word' id='word_1_309' title='bbox 669 1699 779 1729; x_wconf 67' lang='lat' dir='ltr'>Varro</span> <span class='ocrx_word' id='word_1_310' title='bbox 804 1698 826 1729; x_wconf 92' lang='lat' dir='ltr'>l.</span> <span class='ocrx_word' id='word_1_311' title='bbox 852 1710 880 1729; x_wconf 84' lang='lat' dir='ltr'>c.</span> <span class='ocrx_word' id='word_1_312' title='bbox 929 1717 960 1721; x_wconf 91' lang='lat'>—</span> <span class='ocrx_word' id='word_1_313' title='bbox 1002 1709 1017 1729; x_wconf 88' lang='lat' dir='ltr'>e</span> <span class='ocrx_word' id='word_1_314' title='bbox 1047 1698 1241 1739; x_wconf 82' lang='lat' dir='ltr'>[operario</span> <span class='ocrx_word' id='word_1_315' title='bbox 1267 1698 1327 1729; x_wconf 72' lang='lat' dir='ltr'>Pr.</span> <span class='ocrx_word' id='word_1_316' title='bbox 1395 1699 1444 1729; x_wconf 86' lang='lat' dir='ltr'>de</span> <span class='ocrx_word' id='word_1_317' title='bbox 1472 1699 1635 1739; x_wconf 76' lang='lat' dir='ltr'>parariis</span> <span class='ocrx_word' id='word_1_318' title='bbox 1660 1698 1700 1730; x_wconf 89' lang='lat' dir='ltr'>P.</span> 
     </span>
     <span class='ocr_line' id='line_1_31' title="bbox 157 1741 1702 1785; baseline 0.001 -13"><span class='ocrx_word' id='word_1_319' title='bbox 157 1753 178 1772; x_wconf 91' lang='lat' dir='ltr'>a</span> <span class='ocrx_word' id='word_1_320' title='bbox 205 1742 374 1783; x_wconf 81' lang='lat' dir='ltr'>leporario</span> <span class='ocrx_word' id='word_1_321' title='bbox 393 1741 437 1772; x_wconf 90' lang='lat' dir='ltr'><strong>G.</strong></span> <span class='ocrx_word' id='word_1_322' title='bbox 468 1761 498 1764; x_wconf 91' lang='lat'><em>-</em></span> <span class='ocrx_word' id='word_1_323' title='bbox 530 1744 678 1774; x_wconf 80' lang='lat' dir='ltr'>condant</span> <span class='ocrx_word' id='word_1_324' title='bbox 703 1744 804 1774; x_wconf 77' lang='lat' dir='ltr'>s-bP.</span> <span class='ocrx_word' id='word_1_325' title='bbox 856 1755 905 1785; x_wconf 81' lang='lat' dir='ltr'>qu</span> <span class='ocrx_word' id='word_1_326' title='bbox 921 1743 1050 1774; x_wconf 86' lang='lat' dir='ltr'>ondam</span> <span class='ocrx_word' id='word_1_327' title='bbox 1081 1745 1104 1772; x_wconf 79' lang='lat' dir='ltr'><strong>A</strong></span> <span class='ocrx_word' id='word_1_328' title='bbox 1132 1752 1150 1773; x_wconf 81' lang='lat' dir='ltr'>a</span> <span class='ocrx_word' id='word_1_329' title='bbox 1176 1753 1246 1773; x_wconf 82' lang='lat' dir='ltr'>sec.</span> <span class='ocrx_word' id='word_1_330' title='bbox 1268 1753 1333 1781; x_wconf 79' lang='lat' dir='ltr'>m.3</span> <span class='ocrx_word' id='word_1_331' title='bbox 1359 1741 1559 1773; x_wconf 46' lang='lat' dir='ltr'>BGvaliR.</span> <span class='ocrx_word' id='word_1_332' title='bbox 1607 1755 1702 1785; x_wconf 82' lang='lat' dir='ltr'>quo-</span> 
     </span>
     <span class='ocr_line' id='line_1_32' title="bbox 158 1786 1700 1830; baseline 0.001 -14"><span class='ocrx_word' id='word_1_333' title='bbox 158 1786 244 1817; x_wconf 88' lang='lat' dir='ltr'>dam</span> <span class='ocrx_word' id='word_1_334' title='bbox 271 1786 296 1817; x_wconf 88' lang='grc' dir='ltr'>Α</span> <span class='ocrx_word' id='word_1_335' title='bbox 323 1796 343 1817; x_wconf 86' lang='lat' dir='ltr'>a</span> <span class='ocrx_word' id='word_1_336' title='bbox 368 1798 399 1828; x_wconf 87' lang='lat' dir='ltr'><strong>p.</strong></span> <span class='ocrx_word' id='word_1_337' title='bbox 428 1797 474 1816; x_wconf 88' lang='lat' dir='ltr'>m.</span> <span class='ocrx_word' id='word_1_338' title='bbox 527 1788 683 1828; x_wconf 85' lang='lat' dir='ltr'>qnidam</span> <span class='ocrx_word' id='word_1_339' title='bbox 710 1790 831 1830; x_wconf 77' lang='lat' dir='ltr'>v3c—g.</span> <span class='ocrx_word' id='word_1_340' title='bbox 882 1787 1113 1818; x_wconf 77' lang='lat' dir='ltr'>concludant</span> <span class='ocrx_word' id='word_1_341' title='bbox 1143 1787 1252 1817; x_wconf 67' lang='lat' dir='ltr'>Varro</span> <span class='ocrx_word' id='word_1_342' title='bbox 1281 1787 1303 1818; x_wconf 94' lang='lat' dir='ltr'>l.</span> <span class='ocrx_word' id='word_1_343' title='bbox 1331 1799 1359 1818; x_wconf 79' lang='lat' dir='ltr'>e.</span> <span class='ocrx_word' id='word_1_344' title='bbox 1398 1805 1437 1810; x_wconf 90' lang='lat'>—</span> <span class='ocrx_word' id='word_1_345' title='bbox 1472 1787 1614 1826; x_wconf 86' lang='lat' dir='ltr'>faciam</span> <span class='ocrx_word' id='word_1_346' title='bbox 1640 1787 1700 1818; x_wconf 82' lang='lat' dir='ltr'>AB</span> 
     </span>
     <span class='ocr_line' id='line_1_33' title="bbox 157 1829 1702 1873; baseline 0.002 -12"><span class='ocrx_word' id='word_1_347' title='bbox 157 1829 263 1862; x_wconf 37' lang='lat' dir='ltr'><strong>GSR..</strong></span> <span class='ocrx_word' id='word_1_348' title='bbox 407 1833 457 1862; x_wconf 79' lang='lat'><strong>15.</strong></span> <span class='ocrx_word' id='word_1_349' title='bbox 493 1831 594 1863; x_wconf 83' lang='lat' dir='ltr'>illud</span> <span class='ocrx_word' id='word_1_350' title='bbox 619 1832 708 1862; x_wconf 76' lang='lat' dir='ltr'>Edd.</span> <span class='ocrx_word' id='word_1_351' title='bbox 731 1832 771 1863; x_wconf 92' lang='lat' dir='ltr'>P.</span> <span class='ocrx_word' id='word_1_352' title='bbox 800 1849 840 1854; x_wconf 90' lang='lat'>—-</span> <span class='ocrx_word' id='word_1_353' title='bbox 866 1832 898 1863; x_wconf 85' lang='lat' dir='ltr'>in</span> <span class='ocrx_word' id='word_1_354' title='bbox 929 1832 1043 1863; x_wconf 85' lang='lat' dir='ltr'>eodem</span> <span class='ocrx_word' id='word_1_355' title='bbox 1070 1831 1170 1872; x_wconf 86' lang='lat' dir='ltr'>libro]</span> <span class='ocrx_word' id='word_1_356' title='bbox 1199 1842 1278 1872; x_wconf 81' lang='lat' dir='ltr'>cap.</span> <span class='ocrx_word' id='word_1_357' title='bbox 1307 1834 1356 1863; x_wconf 72' lang='lat'>14.</span> <span class='ocrx_word' id='word_1_358' title='bbox 1383 1849 1422 1854; x_wconf 90' lang='lat'>—-</span> <span class='ocrx_word' id='word_1_359' title='bbox 1449 1831 1569 1864; x_wconf 81' lang='lat' dir='ltr'>debeat</span> <span class='ocrx_word' id='word_1_360' title='bbox 1594 1843 1702 1873; x_wconf 81' lang='lat' dir='ltr'>qnae-</span> 
     </span>
     <span class='ocr_line' id='line_1_34' title="bbox 156 1874 992 1920; baseline 0.002 -15"><span class='ocrx_word' id='word_1_361' title='bbox 156 1885 229 1906; x_wconf 85' lang='lat' dir='ltr'>rere</span> <span class='ocrx_word' id='word_1_362' title='bbox 249 1874 358 1917; x_wconf 74' lang='lat' dir='ltr'><strong>Sv-g.</strong></span> <span class='ocrx_word' id='word_1_363' title='bbox 497 1878 548 1907; x_wconf 84' lang='lat'><strong>16.</strong></span> <span class='ocrx_word' id='word_1_364' title='bbox 593 1877 710 1918; x_wconf 56' lang='lat' dir='ltr'>Aeque</span> <span class='ocrx_word' id='word_1_365' title='bbox 736 1887 800 1920; x_wconf 80' lang='lat' dir='ltr'>ego</span> <span class='ocrx_word' id='word_1_366' title='bbox 825 1877 928 1908; x_wconf 83' lang='lat' dir='ltr'>enim</span> <span class='ocrx_word' id='word_1_367' title='bbox 956 1876 992 1907; x_wconf 85' lang='lat' dir='ltr'><strong>S.</strong></span> 
     </span>
    </p>

    <p class='ocr_par' dir='ltr' id='par_1_5' title="bbox 246 1928 1701 1972">
     <span class='ocr_line' id='line_1_35' title="bbox 246 1928 1701 1972; baseline 0.002 -12"><span class='ocrx_word' id='word_1_368' title='bbox 246 1928 337 1960; x_wconf 82' lang='lat' dir='ltr'><strong>xlv.</strong></span> <span class='ocrx_word' id='word_1_369' title='bbox 393 1931 503 1971; x_wconf 82' lang='lat' dir='ltr'>Caput</span> <span class='ocrx_word' id='word_1_370' title='bbox 530 1931 628 1962; x_wconf 72' lang='lat' dir='ltr'><strong>XIV.</strong></span> <span class='ocrx_word' id='word_1_371' title='bbox 653 1931 738 1971; x_wconf 82' lang='lat' dir='ltr'>(p-l)</span> <span class='ocrx_word' id='word_1_372' title='bbox 769 1932 839 1962; x_wconf 83' lang='lat' dir='ltr'>Lib.</span> <span class='ocrx_word' id='word_1_373' title='bbox 869 1931 916 1962; x_wconf 87' lang='grc' dir='ltr'>ΙΙ.</span> <span class='ocrx_word' id='word_1_374' title='bbox 948 1932 1030 1972; x_wconf 84' lang='lat' dir='ltr'>Cap.</span> <span class='ocrx_word' id='word_1_375' title='bbox 1063 1930 1132 1967; x_wconf 68' lang='lat' dir='ltr'><strong>Y).</strong></span> <span class='ocrx_word' id='word_1_376' title='bbox 1180 1930 1348 1961; x_wconf 79' lang='lat' dir='ltr'>Saltandi</span> <span class='ocrx_word' id='word_1_377' title='bbox 1372 1930 1603 1972; x_wconf 80' lang='lat' dir='ltr'>cantandique</span> <span class='ocrx_word' id='word_1_378' title='bbox 1627 1935 1701 1963; x_wconf 82' lang='lat' dir='ltr'>stn-</span> 
     </span>
    </p>
   </div>
   <div class='ocr_carea' id='block_1_5' title="bbox 155 1973 1702 2095">
    <p class='ocr_par' dir='ltr' id='par_1_6' title="bbox 155 1973 1702 2095">
     <span class='ocr_line' id='line_1_36' title="bbox 155 1973 1702 2017; baseline 0.001 -13"><span class='ocrx_word' id='word_1_379' title='bbox 155 1973 251 2005; x_wconf 83' lang='lat' dir='ltr'>dium</span> <span class='ocrx_word' id='word_1_380' title='bbox 285 1980 388 2015; x_wconf 80' lang='lat' dir='ltr'>atquc</span> <span class='ocrx_word' id='word_1_381' title='bbox 419 1975 505 2006; x_wconf 79' lang='lat' dir='ltr'>adeo</span> <span class='ocrx_word' id='word_1_382' title='bbox 545 1986 585 2006; x_wconf 83' lang='lat' dir='ltr'>ne</span> <span class='ocrx_word' id='word_1_383' title='bbox 620 1975 835 2006; x_wconf 73' lang='lat' dir='ltr'>histrioniam</span> <span class='ocrx_word' id='word_1_384' title='bbox 873 1975 1007 2017; x_wconf 82' lang='lat' dir='ltr'>quidem</span> <span class='ocrx_word' id='word_1_385' title='bbox 1044 1975 1139 2016; x_wconf 79' lang='lat' dir='ltr'>apud</span> <span class='ocrx_word' id='word_1_386' title='bbox 1169 1975 1370 2006; x_wconf 81' lang='lat' dir='ltr'>vetustiores</span> <span class='ocrx_word' id='word_1_387' title='bbox 1406 1974 1578 2006; x_wconf 74' lang='lat' dir='ltr'>Romanos</span> <span class='ocrx_word' id='word_1_388' title='bbox 1612 1976 1702 2007; x_wconf 85' lang='lat' dir='ltr'>inter</span> 
     </span>
     <span class='ocr_line' id='line_1_37' title="bbox 156 2018 1701 2060; baseline 0.002 -12"><span class='ocrx_word' id='word_1_389' title='bbox 156 2018 272 2060; x_wconf 80' lang='lat' dir='ltr'>turpia</span> <span class='ocrx_word' id='word_1_390' title='bbox 295 2019 508 2049; x_wconf 70' lang='lat' dir='ltr'>nominatum</span> <span class='ocrx_word' id='word_1_391' title='bbox 530 2020 653 2059; x_wconf 85' lang='lat' dir='ltr'>fnisse.</span> <span class='ocrx_word' id='word_1_392' title='bbox 680 2019 781 2050; x_wconf 81' lang='lat' dir='ltr'>cli-b.</span> <span class='ocrx_word' id='word_1_393' title='bbox 924 2021 951 2049; x_wconf 66' lang='lat' dir='ltr'>l⁴</span> <span class='ocrx_word' id='word_1_394' title='bbox 993 2020 1117 2050; x_wconf 83' lang='lat' dir='ltr'>Albine</span> <span class='ocrx_word' id='word_1_395' title='bbox 1142 2029 1198 2049; x_wconf 84' lang='lat' dir='ltr'>om</span> <span class='ocrx_word' id='word_1_396' title='bbox 1241 2019 1329 2049; x_wconf 80' lang='lat' dir='ltr'><strong>Edd.</strong></span> <span class='ocrx_word' id='word_1_397' title='bbox 1380 2019 1494 2050; x_wconf 83' lang='lat' dir='ltr'>albine</span> <span class='ocrx_word' id='word_1_398' title='bbox 1525 2020 1701 2051; x_wconf 79' lang='lat' dir='ltr'>cecinna</span> 
     </span>
     <span class='ocr_line' id='line_1_38' title="bbox 156 2060 1700 2095; baseline 0.001 -2"><span class='ocrx_word' id='word_1_399' title='bbox 156 2060 192 2093; x_wconf 77' lang='lat' dir='ltr'>S,</span> <span class='ocrx_word' id='word_1_400' title='bbox 223 2080 255 2084; x_wconf 98' lang='lat'><strong>—</strong></span> <span class='ocrx_word' id='word_1_401' title='bbox 290 2074 357 2093; x_wconf 85' lang='lat' dir='ltr'>non</span> <span class='ocrx_word' id='word_1_402' title='bbox 384 2063 465 2094; x_wconf 85' lang='lat' dir='ltr'>add.</span> <span class='ocrx_word' id='word_1_403' title='bbox 490 2073 510 2094; x_wconf 86' lang='lat' dir='ltr'>a</span> <span class='ocrx_word' id='word_1_404' title='bbox 534 2074 604 2094; x_wconf 86' lang='lat' dir='ltr'>sec.</span> <span class='ocrx_word' id='word_1_405' title='bbox 633 2074 677 2094; x_wconf 78' lang='lat' dir='ltr'>ni.</span> <span class='ocrx_word' id='word_1_406' title='bbox 706 2063 746 2094; x_wconf 85' lang='lat' dir='ltr'><strong>B.</strong></span> <span class='ocrx_word' id='word_1_407' title='bbox 785 2081 816 2084; x_wconf 97' lang='lat'><strong>—</strong></span> <span class='ocrx_word' id='word_1_408' title='bbox 863 2063 960 2095; x_wconf 81' lang='lat' dir='ltr'>caius</span> <span class='ocrx_word' id='word_1_409' title='bbox 991 2064 1176 2094; x_wconf 61' lang='lat' dir='ltr'>relaxata</span> <span class='ocrx_word' id='word_1_410' title='bbox 1198 2063 1238 2093; x_wconf 89' lang='lat' dir='ltr'>P.</span> <span class='ocrx_word' id='word_1_411' title='bbox 1272 2080 1315 2086; x_wconf 88' lang='lat'>—-</span> <span class='ocrx_word' id='word_1_412' title='bbox 1352 2063 1446 2094; x_wconf 81' lang='lat' dir='ltr'>lecta</span> <span class='ocrx_word' id='word_1_413' title='bbox 1474 2063 1530 2093; x_wconf 88' lang='lat' dir='ltr'><strong>zb.</strong></span> <span class='ocrx_word' id='word_1_414' title='bbox 1667 2067 1700 2095; x_wconf 83' lang='lat'><strong>2.</strong></span> 
     </span>
    </p>
   </div>
   <div class='ocr_carea' id='block_1_6' title="bbox 154 2170 1698 2511">
    <p class='ocr_par' dir='ltr' id='par_1_7' title="bbox 154 2170 1698 2511">
     <span class='ocr_line' id='line_1_39' title="bbox 199 2170 1696 2214; baseline 0.001 -12"><span class='ocrx_word' id='word_1_415' title='bbox 199 2181 337 2213; x_wconf 76' lang='lat' dir='ltr'>porcum</span> <span class='ocrx_word' id='word_1_416' title='bbox 359 2172 558 2214; x_wconf 81' lang='lat' dir='ltr'>Troianum]</span> <span class='ocrx_word' id='word_1_417' title='bbox 574 2173 814 2204; x_wconf 72' lang='lat' dir='ltr'>includebant</span> <span class='ocrx_word' id='word_1_418' title='bbox 835 2173 891 2204; x_wconf 77' lang='lat' dir='ltr'>vel</span> <span class='ocrx_word' id='word_1_419' title='bbox 1009 2173 1059 2201; x_wconf 82' lang='lat' dir='ltr'>lG.</span> <span class='ocrx_word' id='word_1_420' title='bbox 1109 2171 1310 2214; x_wconf 64' lang='lat' dir='ltr'>obiurgauit?</span> <span class='ocrx_word' id='word_1_421' title='bbox 1332 2171 1441 2212; x_wconf 86' lang='lat' dir='ltr'>Horo]</span> <span class='ocrx_word' id='word_1_422' title='bbox 1468 2170 1556 2202; x_wconf 81' lang='lat' dir='ltr'>Eius</span> <span class='ocrx_word' id='word_1_423' title='bbox 1584 2172 1696 2204; x_wconf 80' lang='lat' dir='ltr'>verba</span> 
     </span>
     <span class='ocr_line' id='line_1_40' title="bbox 156 2214 1697 2249; baseline 0.001 -3"><span class='ocrx_word' id='word_1_424' title='bbox 156 2224 242 2246; x_wconf 84' lang='lat' dir='ltr'>aves</span> <span class='ocrx_word' id='word_1_425' title='bbox 268 2215 382 2247; x_wconf 77' lang='lat' dir='ltr'>vivas.</span> <span class='ocrx_word' id='word_1_426' title='bbox 414 2216 467 2247; x_wconf 78' lang='lat' dir='ltr'><strong>Cf.</strong></span> <span class='ocrx_word' id='word_1_427' title='bbox 489 2218 702 2249; x_wconf 78' lang='lat' dir='ltr'>Petron.40.</span> <span class='ocrx_word' id='word_1_428' title='bbox 737 2218 892 2249; x_wconf 79' lang='lat' dir='ltr'>Becker.</span> <span class='ocrx_word' id='word_1_429' title='bbox 963 2214 1239 2247; x_wconf 73' lang='lat' dir='ltr'>interciderunt.</span> <span class='ocrx_word' id='word_1_430' title='bbox 1291 2215 1360 2247; x_wconf 85' lang='lat' dir='ltr'>Sed</span> <span class='ocrx_word' id='word_1_431' title='bbox 1394 2216 1490 2247; x_wconf 78' lang='lat' dir='ltr'>cadit</span> <span class='ocrx_word' id='word_1_432' title='bbox 1520 2215 1604 2247; x_wconf 84' lang='lat' dir='ltr'>talis</span> <span class='ocrx_word' id='word_1_433' title='bbox 1633 2217 1697 2248; x_wconf 85' lang='lat' dir='ltr'>ob-</span> 
     </span>
     <span class='ocr_line' id='line_1_41' title="bbox 157 2259 1698 2302; baseline 0.001 -12"><span class='ocrx_word' id='word_1_434' title='bbox 157 2259 257 2291; x_wconf 79' lang='lat' dir='ltr'>Gall.</span> <span class='ocrx_word' id='word_1_435' title='bbox 288 2260 334 2300; x_wconf 70' lang='lat' dir='ltr'>ll,</span> <span class='ocrx_word' id='word_1_436' title='bbox 358 2272 390 2302; x_wconf 88' lang='lat' dir='ltr'>p.</span> <span class='ocrx_word' id='word_1_437' title='bbox 417 2264 488 2291; x_wconf 77' lang='lat'><strong>188.</strong></span> <span class='ocrx_word' id='word_1_438' title='bbox 960 2259 1122 2301; x_wconf 78' lang='lat' dir='ltr'>iurgatio</span> <span class='ocrx_word' id='word_1_439' title='bbox 1151 2260 1184 2291; x_wconf 91' lang='lat' dir='ltr'>in</span> <span class='ocrx_word' id='word_1_440' title='bbox 1214 2271 1312 2295; x_wconf 73' lang='lat' dir='ltr'>eum,</span> <span class='ocrx_word' id='word_1_441' title='bbox 1355 2270 1459 2300; x_wconf 85' lang='lat' dir='ltr'>quem</span> <span class='ocrx_word' id='word_1_442' title='bbox 1488 2260 1698 2293; x_wconf 84' lang='lat' dir='ltr'>Macrobius</span> 
     </span>
     <span class='ocr_line' id='line_1_42' title="bbox 199 2304 1698 2347; baseline 0.002 -13"><span class='ocrx_word' id='word_1_443' title='bbox 199 2304 290 2346; x_wconf 84' lang='lat' dir='ltr'>ideo]</span> <span class='ocrx_word' id='word_1_444' title='bbox 318 2305 421 2337; x_wconf 82' lang='lat' dir='ltr'>Hanc</span> <span class='ocrx_word' id='word_1_445' title='bbox 448 2304 665 2346; x_wconf 78' lang='lat' dir='ltr'>particulam</span> <span class='ocrx_word' id='word_1_446' title='bbox 694 2305 798 2347; x_wconf 82' lang='lat' dir='ltr'>sequi</span> <span class='ocrx_word' id='word_1_447' title='bbox 831 2307 891 2337; x_wconf 81' lang='lat' dir='ltr'>(le-</span> <span class='ocrx_word' id='word_1_448' title='bbox 960 2304 1132 2336; x_wconf 75' lang='lat' dir='ltr'>statuerit</span> <span class='ocrx_word' id='word_1_449' title='bbox 1169 2316 1249 2336; x_wconf 89' lang='lat' dir='ltr'>esse</span> <span class='ocrx_word' id='word_1_450' title='bbox 1287 2304 1549 2346; x_wconf 82' lang='lat' dir='ltr'>philosophum</span> <span class='ocrx_word' id='word_1_451' title='bbox 1586 2304 1698 2347; x_wconf 82' lang='lat' dir='ltr'>Cyni-</span> 
     </span>
     <span class='ocr_line' id='line_1_43' title="bbox 154 2347 1696 2392; baseline 0.002 -14"><span class='ocrx_word' id='word_1_452' title='bbox 154 2347 265 2379; x_wconf 72' lang='lat' dir='ltr'>beliat</span> <span class='ocrx_word' id='word_1_453' title='bbox 291 2360 359 2380; x_wconf 87' lang='lat' dir='ltr'>una</span> <span class='ocrx_word' id='word_1_454' title='bbox 384 2361 402 2381; x_wconf 81' lang='lat' dir='ltr'>e</span> <span class='ocrx_word' id='word_1_455' title='bbox 427 2349 619 2391; x_wconf 79' lang='lat' dir='ltr'>particulis</span> <span class='ocrx_word' id='word_1_456' title='bbox 652 2351 759 2392; x_wconf 77' lang='lat' dir='ltr'>qnod,</span> <span class='ocrx_word' id='word_1_457' title='bbox 796 2351 890 2392; x_wconf 79' lang='lat' dir='ltr'>qnia,</span> <span class='ocrx_word' id='word_1_458' title='bbox 1411 2361 1444 2391; x_wconf 90' lang='lat' dir='ltr'>p.</span> <span class='ocrx_word' id='word_1_459' title='bbox 1480 2360 1554 2381; x_wconf 75' lang='lat' dir='ltr'>Jux-</span> <span class='ocrx_word' id='word_1_460' title='bbox 1592 2355 1627 2382; x_wconf 83' lang='lat' dir='ltr'>et</span> <span class='ocrx_word' id='word_1_461' title='bbox 1664 2361 1696 2391; x_wconf 88' lang='lat' dir='ltr'>p.</span> 
     </span>
     <span class='ocr_line' id='line_1_44' title="bbox 155 2394 891 2436; baseline 0.003 -13"><span class='ocrx_word' id='word_1_462' title='bbox 155 2394 315 2433; x_wconf 82' lang='lat' dir='ltr'>quoniam</span> <span class='ocrx_word' id='word_1_463' title='bbox 343 2406 421 2425; x_wconf 82' lang='lat' dir='ltr'>cuni</span> <span class='ocrx_word' id='word_1_464' title='bbox 450 2394 701 2426; x_wconf 77' lang='lat' dir='ltr'>enuntiatione</span> <span class='ocrx_word' id='word_1_465' title='bbox 733 2394 891 2436; x_wconf 58' lang='lat' dir='ltr'>integra,</span> 
     </span>
     <span class='ocr_line' id='line_1_45' title="bbox 155 2439 889 2511; baseline 0.005 -45"><span class='ocrx_word' id='word_1_466' title='bbox 155 2447 220 2511; x_wconf 52' lang='lat' dir='ltr'>gro</span> <span class='ocrx_word' id='word_1_467' title='bbox 254 2448 322 2478; x_wconf 82' lang='lat' dir='ltr'>qna</span> <span class='ocrx_word' id='word_1_468' title='bbox 359 2439 527 2480; x_wconf 88' lang='lat' dir='ltr'>seqnitur</span> <span class='ocrx_word' id='word_1_469' title='bbox 563 2440 664 2481; x_wconf 78' lang='lat' dir='ltr'>quasi</span> <span class='ocrx_word' id='word_1_470' title='bbox 697 2462 727 2471; x_wconf 83' lang='lat'><strong>..</strong></span> <span class='ocrx_word' id='word_1_471' title='bbox 764 2440 889 2482; x_wconf 78' lang='lat' dir='ltr'>gravi-</span> 
     </span>
     <span class='ocr_line' id='line_1_46' title="bbox 182 2492 248 2511; baseline 0 0"><span class='ocrx_word' id='word_1_472' title='bbox 182 2492 248 2511; x_wconf 84' lang='lat' dir='ltr'>um.</span> 
     </span>
    </p>
   </div>
   <div class='ocr_carea' id='block_1_7' title="bbox 958 2349 1695 2523">
    <p class='ocr_par' dir='ltr' id='par_1_8' title="bbox 959 2349 1367 2434">
     <span class='ocr_line' id='line_1_47' title="bbox 962 2349 1367 2391; baseline 0 -11"><span class='ocrx_word' id='word_1_473' title='bbox 962 2360 1055 2380; x_wconf 88' lang='lat' dir='ltr'>cum.</span> <span class='ocrx_word' id='word_1_474' title='bbox 1106 2349 1161 2380; x_wconf 89' lang='lat' dir='ltr'>Cf.</span> <span class='ocrx_word' id='word_1_475' title='bbox 1201 2349 1367 2391; x_wconf 75' lang='lat' dir='ltr'>prolegg.</span> 
     </span>
     <span class='ocr_line' id='line_1_48' title="bbox 959 2404 1108 2434; baseline -0.013 -9"><span class='ocrx_word' id='word_1_476' title='bbox 959 2404 1029 2425; x_wconf 75' lang='lat' dir='ltr'>xxx</span> <span class='ocrx_word' id='word_1_477' title='bbox 1055 2404 1108 2434; x_wconf 88' lang='lat' dir='ltr'>sq.</span> 
     </span>
    </p>

    <p class='ocr_par' dir='ltr' id='par_1_9' title="bbox 958 2437 1695 2523">
     <span class='ocr_line' id='line_1_49' title="bbox 1002 2437 1695 2469; baseline 0.001 -1"><span class='ocrx_word' id='word_1_478' title='bbox 1002 2438 1165 2469; x_wconf 82' lang='lat' dir='ltr'>maiorem</span> <span class='ocrx_word' id='word_1_479' title='bbox 1211 2438 1282 2469; x_wconf 83' lang='lat' dir='ltr'>illis</span> <span class='ocrx_word' id='word_1_480' title='bbox 1329 2437 1449 2468; x_wconf 81' lang='lat' dir='ltr'>seculis</span> <span class='ocrx_word' id='word_1_481' title='bbox 1493 2437 1695 2469; x_wconf 80' lang='lat' dir='ltr'>deliciarum</span> 
     </span>
     <span class='ocr_line' id='line_1_50' title="bbox 958 2480 1695 2523; baseline -0.001 -11"><span class='ocrx_word' id='word_1_482' title='bbox 958 2493 1072 2513; x_wconf 77' lang='lat' dir='ltr'>curam</span> <span class='ocrx_word' id='word_1_483' title='bbox 1094 2480 1220 2523; x_wconf 88' lang='lat' dir='ltr'>fuisse]</span> <span class='ocrx_word' id='word_1_484' title='bbox 1246 2481 1415 2518; x_wconf 62' lang='lat' dir='ltr'>„Plinius</span> <span class='ocrx_word' id='word_1_485' title='bbox 1443 2480 1505 2512; x_wconf 86' lang='lat' dir='ltr'>lib.</span> <span class='ocrx_word' id='word_1_486' title='bbox 1534 2481 1695 2520; x_wconf 68' lang='lat' dir='ltr'>XXXVI,</span> 
     </span>
    </p>
   </div>
   <div class='ocr_carea' id='block_1_8' title="bbox 153 2526 891 2922">
    <p class='ocr_par' dir='ltr' id='par_1_10' title="bbox 153 2526 891 2922">
     <span class='ocr_line' id='line_1_51' title="bbox 202 2526 887 2569; baseline 0.001 -14"><span class='ocrx_word' id='word_1_487' title='bbox 202 2527 251 2555; x_wconf 84' lang='lat'>15.</span> <span class='ocrx_word' id='word_1_488' title='bbox 302 2527 457 2558; x_wconf 82' lang='lat' dir='ltr'>cochleas</span> <span class='ocrx_word' id='word_1_489' title='bbox 480 2526 677 2569; x_wconf 75' lang='lat' dir='ltr'>saginatas]</span> <span class='ocrx_word' id='word_1_490' title='bbox 710 2526 764 2558; x_wconf 84' lang='lat' dir='ltr'><strong>Cf.</strong></span> <span class='ocrx_word' id='word_1_491' title='bbox 791 2526 887 2558; x_wconf 84' lang='lat' dir='ltr'>Plin.</span> 
     </span>
     <span class='ocr_line' id='line_1_52' title="bbox 155 2566 889 2609; baseline 0.004 -10"><span class='ocrx_word' id='word_1_492' title='bbox 155 2566 196 2599; x_wconf 88' lang='lat' dir='ltr'><strong>N.</strong></span> <span class='ocrx_word' id='word_1_493' title='bbox 224 2569 269 2601; x_wconf 90' lang='lat' dir='ltr'><strong>H.</strong></span> <span class='ocrx_word' id='word_1_494' title='bbox 296 2570 363 2609; x_wconf 80' lang='lat' dir='ltr'>lx,</span> <span class='ocrx_word' id='word_1_495' title='bbox 389 2574 443 2602; x_wconf 80' lang='lat'><strong>57.</strong></span> <span class='ocrx_word' id='word_1_496' title='bbox 470 2582 497 2602; x_wconf 87' lang='lat' dir='ltr'>s.</span> <span class='ocrx_word' id='word_1_497' title='bbox 521 2574 575 2601; x_wconf 73' lang='lat'><strong>82³..</strong></span> <span class='ocrx_word' id='word_1_498' title='bbox 608 2572 889 2603; x_wconf 81' lang='lat' dir='ltr'>Cochlearum</span> 
     </span>
     <span class='ocr_line' id='line_1_53' title="bbox 155 2613 891 2657; baseline 0.005 -14"><span class='ocrx_word' id='word_1_499' title='bbox 155 2613 292 2645; x_wconf 85' lang='lat' dir='ltr'>vivaria</span> <span class='ocrx_word' id='word_1_500' title='bbox 338 2616 488 2647; x_wconf 83' lang='lat' dir='ltr'>institnit</span> <span class='ocrx_word' id='word_1_501' title='bbox 534 2616 679 2646; x_wconf 78' lang='lat' dir='ltr'>Fulvius</span> <span class='ocrx_word' id='word_1_502' title='bbox 722 2616 891 2657; x_wconf 80' lang='lat' dir='ltr'>Hirpinus</span> 
     </span>
     <span class='ocr_line' id='line_1_54' title="bbox 155 2656 890 2701; baseline 0.005 -15"><span class='ocrx_word' id='word_1_503' title='bbox 155 2656 190 2687; x_wconf 88' lang='lat' dir='ltr'>in</span> <span class='ocrx_word' id='word_1_504' title='bbox 236 2659 479 2701; x_wconf 81' lang='lat' dir='ltr'>Tarquiniensi</span> <span class='ocrx_word' id='word_1_505' title='bbox 516 2660 623 2701; x_wconf 84' lang='lat' dir='ltr'>paulo</span> <span class='ocrx_word' id='word_1_506' title='bbox 668 2665 748 2692; x_wconf 84' lang='lat' dir='ltr'>ante</span> <span class='ocrx_word' id='word_1_507' title='bbox 789 2660 890 2691; x_wconf 82' lang='lat' dir='ltr'>civile</span> 
     </span>
     <span class='ocr_line' id='line_1_55' title="bbox 154 2700 888 2746; baseline 0.005 -16"><span class='ocrx_word' id='word_1_508' title='bbox 154 2700 280 2732; x_wconf 86' lang='lat' dir='ltr'>bellum</span> <span class='ocrx_word' id='word_1_509' title='bbox 316 2704 405 2745; x_wconf 80' lang='lat' dir='ltr'>qnod</span> <span class='ocrx_word' id='word_1_510' title='bbox 446 2715 520 2736; x_wconf 86' lang='lat' dir='ltr'>cum</span> <span class='ocrx_word' id='word_1_511' title='bbox 560 2704 719 2745; x_wconf 82' lang='lat' dir='ltr'>Pompeio</span> <span class='ocrx_word' id='word_1_512' title='bbox 756 2704 888 2746; x_wconf 77' lang='lat' dir='ltr'>Magno</span> 
     </span>
     <span class='ocr_line' id='line_1_56' title="bbox 154 2748 886 2791; baseline 0.005 -16"><span class='ocrx_word' id='word_1_513' title='bbox 154 2750 289 2786; x_wconf 71' lang='lat' dir='ltr'>gestam</span> <span class='ocrx_word' id='word_1_514' title='bbox 329 2754 377 2779; x_wconf 83' lang='lat' dir='ltr'>cst</span> <span class='ocrx_word' id='word_1_515' title='bbox 501 2749 591 2788; x_wconf 81' lang='lat' dir='ltr'>Quin</span> <span class='ocrx_word' id='word_1_516' title='bbox 621 2754 651 2780; x_wconf 86' lang='lat' dir='ltr'>et</span> <span class='ocrx_word' id='word_1_517' title='bbox 685 2748 886 2791; x_wconf 80' lang='lat' dir='ltr'>saginam</span> 
     </span>
     <span class='ocr_line' id='line_1_57' title="bbox 153 2794 889 2834; baseline 0.007 -16"><span class='ocrx_word' id='word_1_518' title='bbox 153 2798 198 2819; x_wconf 88' lang='lat' dir='ltr'>ea</span> <span class='ocrx_word' id='word_1_519' title='bbox 209 2800 293 2821; x_wconf 81' lang='lat' dir='ltr'>rum</span> <span class='ocrx_word' id='word_1_520' title='bbox 319 2798 525 2824; x_wconf 84' lang='lat' dir='ltr'>commentus</span> <span class='ocrx_word' id='word_1_521' title='bbox 552 2797 612 2830; x_wconf 70' lang='lat' dir='ltr'>est,</span> <span class='ocrx_word' id='word_1_522' title='bbox 632 2803 719 2834; x_wconf 83' lang='lat' dir='ltr'>sapa</span> <span class='ocrx_word' id='word_1_523' title='bbox 743 2797 773 2824; x_wconf 85' lang='lat' dir='ltr'>et</span> <span class='ocrx_word' id='word_1_524' title='bbox 789 2794 889 2833; x_wconf 77' lang='lat' dir='ltr'>farre</span> 
     </span>
     <span class='ocr_line' id='line_1_58' title="bbox 154 2832 887 2879; baseline 0.008 -17"><span class='ocrx_word' id='word_1_525' title='bbox 154 2832 301 2875; x_wconf 81' lang='lat' dir='ltr'>aliisque</span> <span class='ocrx_word' id='word_1_526' title='bbox 324 2837 529 2877; x_wconf 83' lang='lat' dir='ltr'>generibus,</span> <span class='ocrx_word' id='word_1_527' title='bbox 559 2842 597 2868; x_wconf 84' lang='lat' dir='ltr'>ut</span> <span class='ocrx_word' id='word_1_528' title='bbox 624 2837 779 2868; x_wconf 78' lang='lat' dir='ltr'>cochleae</span> <span class='ocrx_word' id='word_1_529' title='bbox 803 2848 887 2879; x_wconf 80' lang='lat' dir='ltr'>qno-</span> 
     </span>
     <span class='ocr_line' id='line_1_59' title="bbox 155 2878 743 2922; baseline 0.007 -15"><span class='ocrx_word' id='word_1_530' title='bbox 155 2886 219 2918; x_wconf 80' lang='lat' dir='ltr'>que</span> <span class='ocrx_word' id='word_1_531' title='bbox 246 2878 360 2911; x_wconf 81' lang='lat' dir='ltr'>altiles</span> <span class='ocrx_word' id='word_1_532' title='bbox 385 2891 536 2922; x_wconf 80' lang='lat' dir='ltr'>ganeam</span> <span class='ocrx_word' id='word_1_533' title='bbox 562 2881 743 2922; x_wconf 79' lang='lat' dir='ltr'>inplerent.</span> 
     </span>
    </p>
   </div>
   <div class='ocr_carea' id='block_1_9' title="bbox 957 2525 1695 2613">
    <p class='ocr_par' dir='ltr' id='par_1_11' title="bbox 957 2525 1695 2613">
     <span class='ocr_line' id='line_1_60' title="bbox 959 2525 1695 2567; baseline 0 -11"><span class='ocrx_word' id='word_1_534' title='bbox 959 2537 988 2556; x_wconf 87' lang='lat' dir='ltr'>c.</span> <span class='ocrx_word' id='word_1_535' title='bbox 1015 2528 1042 2555; x_wconf 92' lang='lat' dir='ltr'>l.</span> <span class='ocrx_word' id='word_1_536' title='bbox 1072 2525 1114 2567; x_wconf 84' lang='lat' dir='ltr'>[s.</span> <span class='ocrx_word' id='word_1_537' title='bbox 1141 2526 1188 2567; x_wconf 82' lang='lat'>2]</span> <span class='ocrx_word' id='word_1_538' title='bbox 1222 2526 1373 2557; x_wconf 69' lang='lat' dir='ltr'>Exstant</span> <span class='ocrx_word' id='word_1_539' title='bbox 1399 2526 1574 2556; x_wconf 80' lang='lat' dir='ltr'>censoriae</span> <span class='ocrx_word' id='word_1_540' title='bbox 1599 2525 1695 2567; x_wconf 82' lang='lat' dir='ltr'>leges</span> 
     </span>
     <span class='ocr_line' id='line_1_61' title="bbox 957 2569 1694 2613; baseline -0.001 -13"><span class='ocrx_word' id='word_1_541' title='bbox 957 2570 1111 2613; x_wconf 83' lang='lat' dir='ltr'>glandia</span> <span class='ocrx_word' id='word_1_542' title='bbox 1142 2571 1175 2601; x_wconf 88' lang='lat' dir='ltr'>in</span> <span class='ocrx_word' id='word_1_543' title='bbox 1207 2570 1317 2601; x_wconf 87' lang='lat' dir='ltr'>coenis</span> <span class='ocrx_word' id='word_1_544' title='bbox 1348 2570 1525 2611; x_wconf 83' lang='lat' dir='ltr'>gliresque</span> <span class='ocrx_word' id='word_1_545' title='bbox 1554 2573 1584 2599; x_wconf 81' lang='lat' dir='ltr'>et</span> <span class='ocrx_word' id='word_1_546' title='bbox 1619 2569 1694 2600; x_wconf 85' lang='lat' dir='ltr'>alia</span> 
     </span>
    </p>
   </div>
   <div class='ocr_carea' id='block_1_10' title="bbox 956 2612 1692 2695">
    <p class='ocr_par' dir='ltr' id='par_1_12' title="bbox 956 2612 1692 2695">
     <span class='ocr_line' id='line_1_62' title="bbox 958 2612 1692 2654; baseline -0.001 -9"><span class='ocrx_word' id='word_1_547' title='bbox 958 2614 1050 2646; x_wconf 82' lang='lat' dir='ltr'>dictu</span> <span class='ocrx_word' id='word_1_548' title='bbox 1069 2614 1202 2645; x_wconf 85' lang='lat' dir='ltr'>minora</span> <span class='ocrx_word' id='word_1_549' title='bbox 1222 2614 1351 2654; x_wconf 86' lang='lat' dir='ltr'>apponi</span> <span class='ocrx_word' id='word_1_550' title='bbox 1370 2613 1561 2644; x_wconf 70' lang='lat' dir='ltr'>vetantes.‘⁴</span> <span class='ocrx_word' id='word_1_551' title='bbox 1579 2612 1692 2644; x_wconf 68' lang='lat' dir='ltr'>Pom.</span> 
     </span>
     <span class='ocr_line' id='line_1_63' title="bbox 956 2657 1690 2695; baseline 0 -7"><span class='ocrx_word' id='word_1_552' title='bbox 956 2674 998 2681; x_wconf 93' lang='lat'>—</span> <span class='ocrx_word' id='word_1_553' title='bbox 1018 2657 1071 2688; x_wconf 88' lang='lat' dir='ltr'><strong>Cf.</strong></span> <span class='ocrx_word' id='word_1_554' title='bbox 1098 2657 1185 2689; x_wconf 83' lang='lat' dir='ltr'>ibid.</span> <span class='ocrx_word' id='word_1_555' title='bbox 1213 2658 1308 2694; x_wconf 71' lang='lat' dir='ltr'>vill,</span> <span class='ocrx_word' id='word_1_556' title='bbox 1336 2659 1392 2687; x_wconf 79' lang='lat'><strong>51.</strong></span> <span class='ocrx_word' id='word_1_557' title='bbox 1419 2667 1448 2687; x_wconf 84' lang='lat' dir='ltr'>s.</span> <span class='ocrx_word' id='word_1_558' title='bbox 1475 2660 1541 2692; x_wconf 55' lang='lat'>77„</span> <span class='ocrx_word' id='word_1_559' title='bbox 1569 2657 1588 2695; x_wconf 82' lang='lat'><strong>§</strong></span> <span class='ocrx_word' id='word_1_560' title='bbox 1614 2659 1690 2688; x_wconf 81' lang='lat'><strong>209.</strong></span> 
     </span>
    </p>
   </div>
   <div class='ocr_carea' id='block_1_11' title="bbox 958 2700 1690 2741">
    <p class='ocr_par' dir='ltr' id='par_1_13' title="bbox 958 2700 1690 2741">
     <span class='ocr_line' id='line_1_64' title="bbox 958 2700 1690 2741; baseline -0.001 -8"><span class='ocrx_word' id='word_1_561' title='bbox 958 2705 993 2733; x_wconf 84' lang='lat' dir='ltr'>et</span> <span class='ocrx_word' id='word_1_562' title='bbox 1018 2704 1072 2732; x_wconf 83' lang='lat'><strong>57.</strong></span> <span class='ocrx_word' id='word_1_563' title='bbox 1089 2713 1117 2732; x_wconf 84' lang='lat' dir='ltr'>s.</span> <span class='ocrx_word' id='word_1_564' title='bbox 1134 2703 1202 2741; x_wconf 67' lang='lat'>82,</span> <span class='ocrx_word' id='word_1_565' title='bbox 1228 2702 1248 2740; x_wconf 67' lang='grc' dir='ltr'><strong>ἓ</strong></span> <span class='ocrx_word' id='word_1_566' title='bbox 1265 2703 1341 2732; x_wconf 80' lang='grc'><strong>223.</strong></span> <span class='ocrx_word' id='word_1_567' title='bbox 1368 2704 1403 2732; x_wconf 86' lang='lat' dir='ltr'>et</span> <span class='ocrx_word' id='word_1_568' title='bbox 1430 2710 1521 2741; x_wconf 85' lang='lat' dir='ltr'>quae</span> <span class='ocrx_word' id='word_1_569' title='bbox 1544 2700 1605 2731; x_wconf 74' lang='lat' dir='ltr'>hic</span> <span class='ocrx_word' id='word_1_570' title='bbox 1634 2711 1690 2732; x_wconf 84' lang='lat' dir='ltr'>se-</span> 
     </span>
    </p>
   </div>
   <div class='ocr_carea' id='block_1_12' title="bbox 957 2750 1690 2830">
    <p class='ocr_par' dir='ltr' id='par_1_14' title="bbox 957 2750 1690 2830">
     <span class='ocr_line' id='line_1_65' title="bbox 957 2750 1126 2787; baseline -0.006 -10"><span class='ocrx_word' id='word_1_571' title='bbox 957 2750 1126 2787; x_wconf 81' lang='lat' dir='ltr'>quuntur.</span> 
     </span>
     <span class='ocr_line' id='line_1_66' title="bbox 1003 2788 1690 2830; baseline 0.001 -11"><span class='ocrx_word' id='word_1_572' title='bbox 1003 2789 1101 2829; x_wconf 72' lang='lat' dir='ltr'>xlv,</span> <span class='ocrx_word' id='word_1_573' title='bbox 1136 2790 1167 2819; x_wconf 86' lang='lat'><strong>1.</strong></span> <span class='ocrx_word' id='word_1_574' title='bbox 1217 2788 1437 2830; x_wconf 82' lang='lat' dir='ltr'>antiquitatis</span> <span class='ocrx_word' id='word_1_575' title='bbox 1473 2799 1538 2820; x_wconf 86' lang='lat' dir='ltr'>non</span> <span class='ocrx_word' id='word_1_576' title='bbox 1577 2789 1690 2821; x_wconf 84' lang='lat' dir='ltr'>minus</span> 
     </span>
    </p>
   </div>
   <div class='ocr_carea' id='block_1_13' title="bbox 957 2831 1688 2919">
    <p class='ocr_par' dir='ltr' id='par_1_15' title="bbox 957 2831 1688 2919">
     <span class='ocr_line' id='line_1_67' title="bbox 957 2831 1688 2876; baseline 0 -11"><span class='ocrx_word' id='word_1_577' title='bbox 957 2844 1059 2876; x_wconf 82' lang='lat' dir='ltr'>quam</span> <span class='ocrx_word' id='word_1_578' title='bbox 1078 2832 1226 2865; x_wconf 85' lang='lat' dir='ltr'>Caecina</span> <span class='ocrx_word' id='word_1_579' title='bbox 1249 2832 1394 2875; x_wconf 75' lang='lat' dir='ltr'>peritus]</span> <span class='ocrx_word' id='word_1_580' title='bbox 1417 2831 1493 2864; x_wconf 82' lang='lat' dir='ltr'>Vid.</span> <span class='ocrx_word' id='word_1_581' title='bbox 1520 2833 1688 2875; x_wconf 82' lang='lat' dir='ltr'>prolcgg.</span> 
     </span>
     <span class='ocr_line' id='line_1_68' title="bbox 957 2887 1198 2919; baseline 0 -12"><span class='ocrx_word' id='word_1_582' title='bbox 957 2889 991 2919; x_wconf 86' lang='lat' dir='ltr'><strong>p.</strong></span> <span class='ocrx_word' id='word_1_583' title='bbox 1019 2887 1118 2909; x_wconf 79' lang='lat' dir='ltr'>xxvu</span> <span class='ocrx_word' id='word_1_584' title='bbox 1147 2887 1198 2917; x_wconf 86' lang='lat' dir='ltr'>sq.</span> 
     </span>
    </p>
   </div>
  </div>
 </body>
</html>
