1844 3168
324 59 798 101 sA'l‘tanMJolu'M
836 58 934 98 Lm.
977 60 1002 98 Ι.
1052 59 1170 99 (mv.
1216 59 1285 98 lll.
1527 60 1568 98 ΙῙ

34 173 105 213 erit
140 186 262 227 usquc
302 173 353 212 od
392 173 530 212 horam
570 173 651 212 eius
687 172 766 212 diei
798 179 957 211 sextum.
1022 170 1220 224 l’opuluin
1261 175 1391 209 auten»
1431 170 1615 209 Roma-o

35 242 127 268 mun
161 228 211 267 itu
247 229 303 268 uti
336 229 461 269 Varro
497 228 595 268 dixit
625 227 708 267 dics
746 227 923 277 singulos
952 240 1214 267 unruunerarc
1245 241 1264 265 u
1299 226 1427 266 inedia
1460 232 1577 266 nocte

32 284 80 325 ud
119 284 288 324 incdizuu
324 285 542 338 proxinuun
588 284 721 324 inultis
762 283 1005 332 urguuwntis
1037 282 1272 322 ostenditur.
1335 283 1453 322 Suc-ru
1485 289 1578 323 sunt

33 341 137 381 cuim
168 341 346 380 nomana
384 341 525 395 purtim
565 341 726 385 diurna,
772 340 844 379 ulia
883 347 1097 386 nocturno,
1144 344 1180 377 ct
1219 352 1263 377 cu
1298 351 1399 391 quae
1436 339 1577 379 diurna

33 402 127 437 sunt
163 399 215 420 *¹*
252 398 300 437 ab
339 397 434 437 horu
473 403 580 437 sextu
615 396 742 436 noctis
780 396 983 450 sequentis
1019 394 1224 435 nocturnis
1262 395 1382 433 sac-ris
1421 401 1576 448 teinpus

35 452 273 507 inpenditur.
334 454 394 493 Ad
426 453 498 493 lio«-
531 454 628 493 ritus¹
656 466 818 506 quoquc
849 458 887 491 ct
920 466 1005 491 mos
1032 449 1262 504 auspicandi
1293 450 1457 490 eundern
1489 453 1614 492 ‹ns-⁵07

33 509 348 549 observationem
383 510 511 549 ‹loc-ct.
574 511 671 550 Nan·
714 508 985 558 magistratus,
1027 506 1188 560 quaudo
1221 520 1300 545 uno
1334 506 1396 545 dic
1427 507 1482 545 cis
1511 514 1640 561 0112031

33 565 316 620 auspicandum
351 572 404 604 cst
446 572 479 604 ct
530 565 564 604 id
597 565 793 613 agendum
836 577 955 616 super
996 577 1076 616 quo
1113 562 1301 616 processit
1340 563 1574 616 auspicium,

1086 691 1174 723 Edd.
1203 690 1486 733 vicahgspdzb]

32 753 109 791 post
135 748 313 781 Kalendas
339 749 412 780 dies
438 754 537 782 ante
562 749 678 780 horam
707 748 802 780 Gell.
832 747 852 778 l.
881 759 911 778 c.
946 751 1093 778 notante
1124 746 1296 778 Meursio.
1330 765 1372 770 —-
1412 747 1484 779 cius
1510 747 1579 779 dici

33 792 177 832 ABGS,
217 794 311 835 apud
338 794 435 825 Gell.
465 794 488 825 Ι.
515 805 542 824 c.
571 794 674 824 codd.
702 792 881 834 plerique.
929 792 1087 824 eiusdem
1117 792 1186 823 dici
1212 791 1302 822 Edd.
1328 791 1406 822 Pu.
1545 794 1577 823 6.

40 838 140 869 Dies
164 849 447 870 romanorum.
488 838 657 880 Populum
675 837 712 869 Α.
738 855 782 861 -—-
808 838 880 868 aliu
906 842 1074 868 nocturna
1099 836 1184 867 les.
1210 835 1354 867 3-23123
1379 835 1474 867 Gell.
1500 836 1521 868 l.
1547 848 1575 866 c.

34 881 163 922 „Vidn
190 882 221 914 si
247 894 380 924 operae
409 887 476 921 cst,
502 883 697 914 observata
726 882 819 923 patri
844 882 905 913 lib.
931 881 991 912 ΙΙΙ.
1022 881 1109 913 obs.
1135 891 1212 922 cap.
1235 880 1295 911 2.“
1322 880 1432 912 Gron.
1477 892 1578 922 par-

35 927 108 958 tim
137 932 304 959 nocturna
330 927 474 969 v-ght'r
506 927 540 959 in
574 939 665 969 mg.;
705 927 740 957 M
768 938 787 958 a
822 937 894 957 sec.
921 936 967 957 m.
1001 931 1037 957 et
1071 925 1186 956 Gellii
1220 925 1301 956 edd.
1335 930 1443 963 vett„
1481 926 1576 956 unde

34 971 104 1003 hoc
126 973 358 1004 cmnmeudut
380 972 514 1003 Mcurs.
547 990 579 994 -
608 984 646 1003 co
671 983 758 1013 quoe
782 972 908 1002 diurna
929 975 1019 1002 sunt.
1054 970 1096 1001 ab
1120 970 1205 1001 liora
1226 969 1312 1000 31³⁸.
1335 969 1576 1011 v-g31231’25.

36 1020 67 1048 et
92 1017 143 1048 ad
166 1028 206 1048 ca
232 1028 318 1058 quae
340 1017 465 1047 diurna
489 1021 577 1048 sunt.
614 1017 655 1047 ab
681 1016 763 1047 horu
788 1016 838 1047 PG
863 1015 932 1053 (Ρί)
959 1015 1013 1046 ad
1037 1014 1171 1051 hacc).
1219 1019 1250 1046 et
1276 1025 1316 1045 ca
1338 1025 1426 1055 quae
1449 1015 1577 1046 diurna

35 1065 128 1100 sunt,
154 1061 204 1092 ab
229 1062 366 1093 initio
392 1061 484 1092 diei
509 1061 560 1092 nd
586 1061 763 1092 medium
790 1060 931 1091 noctis
955 1058 1295 1101 protenduntur:
1322 1059 1364 1090 ab
1391 1059 1476 1090 hora
1501 1060 1574 1090 s-lv.

35 1105 165 1143 „llaec
200 1106 310 1137 verba
342 1110 377 1136 et
411 1116 539 1136 sensus
576 1105 645 1136 loci
682 1110 717 1135 et
749 1104 862 1136 Gellii
897 1103 1099 1135 auctoritas
1131 1103 1382 1144 comprobant.
1430 1103 1576 1135 Etenim

36 1155 188 1190 utroque
214 1160 320 1181 sacra
347 1154 383 1180 et
408 1149 538 1181 (liurnu
562 1155 597 1180 et
623 1154 812 1188 nocturna,
838 1158 930 1190 quae
958 1153 1042 1180 ante
1067 1146 1381 1186 commemoravit,
1407 1153 1491 1179 sunt
1514 1159 1576 1180 cx—

36 1194 218 1235 plicunda.
253 1194 391 1225 Deinde
417 1194 562 1225 Gellius
588 1194 653 1233 ΙΙΙ,
679 1196 710 1224 2.
737 1194 888 1225 eandem
919 1191 1102 1234 expressit
1124 1191 1357 1231 sententiam,
1385 1203 1490 1233 quam
1516 1204 1580 1224 no-

35 1243 111 1269 ster
133 1238 210 1276 hic,
247 1239 340 1279 quod
369 1237 500 1269 mirum
528 1243 601 1278 est,
646 1249 726 1269 cuin
755 1237 880 1278 aliqua
907 1238 1099 1269 verborum
1127 1236 1380 1268 immutatione
1400 1237 1577 1278 sequitur.

36 1282 106 1314 Ille
129 1282 224 1314 euim
249 1283 320 1314 sic:
349 1283 417 1314 Sed
436 1294 475 1314 ea
501 1285 644 1320 (sacra)
665 1294 752 1325 quoe
776 1283 893 1314 inter
915 1287 1076 1314 noctem
1097 1282 1246 1322 fiunt,
1275 1282 1423 1313 diebus
1447 1282 1531 1313 aad
1544 1283 1575 1313 i-

36 1332 209 1364 cuntur,
248 1339 327 1359 non
354 1328 568 1359 noctibus.
620 1329 717 1368 Quae
743 1327 854 1370 igitur
880 1337 937 1358 sex
960 1326 1208 1369 posterioribus
1232 1327 1339 1358 noctis
1361 1325 1454 1357 horis
1468 1328 1577 1368 fiunt,

36 1382 74 1404 eo
96 1372 152 1404 die
167 1372 251 1412 fieri
273 1372 434 1403 dicuntur
462 1372 520 1413 qui
545 1373 721 1413 prosimus
747 1383 819 1404 eam
846 1376 976 1403 noctem
1007 1371 1212 1403 illucessit.‘'·
1242 1370 1353 1401 Zeun.
1399 1370 1475 1402 vm.
1504 1375 1576 1403 not.

169 1419 200 1447 7.
240 1417 403 1459 processit
435 1416 522 1448 Edd.
549 1416 655 1448 PSM.
701 1417 888 1459 praecessit
915 1415 1022 1447 ABG.
1072 1434 1101 1437 —
1146 1415 1262 1447 codem
1302 1415 1356 1447 die
1392 1416 1505 1459 egisse
1537 1415 1576 1448 Ρ.

36 1530 130 1562 ratio
156 1531 234 1563 visa
257 1535 313 1563 ost
338 1531 507 1572 Varroni,
549 1531 682 1573 quippe
706 1541 774 1572 qua

36 1575 265 1607 divideretur
285 1576 363 1608 dics
390 1577 568 1608 naturalis
591 1577 680 1615 (vid.
700 1582 774 1608 not.

37 1621 81 1651 ad
113 1622 133 1660 ἓ
171 1623 258 1661 m),
298 1621 333 1652 in
361 1621 451 1653 duas
482 1627 621 1662 partes:
662 1632 771 1662 quum

37 1665 236 1696 secundum
273 1665 369 1697 alias
408 1676 533 1697 omnes
573 1665 634 1696 hic
675 1670 774 1696 essct

38 1708 231 1740 indivisus.

82 1755 115 1784 6.
161 1753 288 1795 partim
320 1752 458 1789 diurna,
488 1753 561 1783 alio
588 1752 771 1793 nocturna]

39 1797 118 1829 vid.
148 1797 263 1828 fland.
292 1796 455 1828 Tursell.
486 1797 541 1827 lv.
571 1808 603 1838 p.
631 1798 696 1827 394
721 1808 773 1837 sq.

44 1847 81 1873 et
106 1841 151 1873 cl'.
179 1852 208 1874 c.
234 1843 289 1872 2⁴.
315 1842 335 1880 ἓ
366 1843 416 1872 19.
454 1842 570 1872 alter
602 1842 635 1872 in
666 1841 773 1872 versi-

38 1887 112 1925 bus,
144 1886 335 1918 Caecina
360 1886 394 1916 iu
420 1886 540 1916 verbis.

83 1935 114 1962 et
137 1940 177 1961 ca
195 1940 283 1972 quae
306 1930 434 1961 diurna
457 1935 537 1961 sunt
558 1929 596 1945 *¹*
621 1929 662 1960 ab
688 1929 773 1960 hora

38 1979 135 2007 sexta
160 1975 269 2006 noctis
301 1973 473 2016 sequentis
505 1974 682 2005 nocturnis
714 1984 774 2004 sa-

39 2019 105 2051 cris
135 2022 266 2061 tempus
297 2017 508 2061 inpenditur]
543 2019 667 2059 Quae,
712 2016 773 2049 ubi

39 2062 201 2095 indicawi
242 2063 430 2100 lacunam,
475 2062 650 2104 leguntur
693 2061 776 2093 inde

39 2108 85 2139 ab
111 2106 198 2139 edit.
225 2106 374 2149 Steph.,
416 2117 458 2138 ea
486 2107 664 2139 debentur
686 2106 776 2139 Car-

39 2151 152 2184 rioni:
202 2162 269 2183 nec
307 2151 535 2194 suffragatur
575 2151 688 2183 codex
735 2151 774 2190 P,

39 2207 109 2238 qno
140 2195 206 2228 ille
241 2199 298 2228 est
330 2207 429 2227 usus.
484 2195 603 2228 Sensu
638 2195 708 2227 loci
740 2200 776 2227 et

40 2239 157 2272 Gellii
198 2239 418 2272 auctoritate
460 2251 503 2272 ea
543 2239 775 2282 comprobari

39 2295 110 2316 non
145 2285 304 2317 concedo
336 2285 486 2317 Zeunio.
542 2284 632 2317 Nam
671 2295 776 2316 sacra

40 2329 171 2360 diurna
205 2339 319 2370 usque
357 2329 400 2361 ad
435 2328 594 2361 mediam
631 2332 774 2361 noctem

39 2372 208 2414 protendi
242 2383 308 2404 nec
341 2373 485 2405 Gellius
519 2372 644 2405 docuit
683 2373 775 2414 (vid.

41 2418 157 2459 app),
194 2427 259 2448 nec
293 2415 515 2448 Censorinus
549 2416 610 2458 qui
646 2417 669 2448 l.
696 2428 726 2448 c.
753 2419 773 2455 S

41 2463 62 2493 3
87 2472 159 2502 sq.:
191 2462 344 2493 Ceterum
373 2461 540 2502 Romani,
578 2460 715 2502 inquit,
754 2472 775 2492 α

39 2506 155 2537 media
178 2511 276 2537 nocte
297 2505 344 2536 ad
365 2505 514 2537 mediam
534 2510 663 2537 noctem
685 2506 775 2536 diem

42 2560 113 2582 esse
143 2550 396 2582 existimarunt.
448 2549 579 2581 Indicio
609 2554 689 2581 sunt
717 2560 774 2581 sa-

41 2604 101 2626 cra
125 2594 265 2636 publica
291 2598 322 2626 et
346 2594 506 2636 auspicia
529 2594 633 2625 ctiam
658 2594 776 2637 mogi-

42 2642 232 2678 stratuum,
268 2649 411 2680 quorum
437 2638 466 2670 si
492 2639 575 2680 quid
601 2643 682 2670 ante
706 2649 774 2669 me·

42 2682 137 2715 dium
176 2682 286 2714 noctis
330 2687 378 2714 est
424 2687 558 2723 actum,
607 2683 677 2714 dici
717 2682 776 2724 qui

40 2726 222 2769 praeteriit
245 2726 471 2767 adscribitur,
499 2727 530 2758 si
553 2727 636 2768 quid
663 2731 777 2758 autem

41 2775 119 2813 post
148 2771 297 2803 mediam
334 2775 466 2803 noctem
495 2776 528 2804 et
558 2776 640 2804 onte
668 2771 777 2803 lucem

39 2816 177 2856 factum
209 2820 276 2852 est,
320 2826 358 2848 eo
389 2815 445 2847 die
476 2820 614 2859 gestum
649 2815 778 2848 dicitur

45 2859 104 2901 qui
126 2870 200 2892 eam
221 2859 375 2902 sequitur
401 2864 543 2893 noctem.
583 2859 778 2892 Excidisse

45 2901 186 2944 aliquid
220 2908 390 2945 apparet=
431 2903 495 2936 sed
528 2904 639 2937 verba
675 2909 706 2937 ct
736 2914 777 2936 ea

45 2957 132 2988 quae
161 2948 288 2981 diurna
317 2952 396 2982 sunt
430 2949 680 2982 demonstrant
698 2948 777 2980 Ma-

101 3001 149 3040 ΙΙ.

842 1529 1006 1562 ‹ti-obium
1041 1531 1151 1572 paulo
1181 1530 1330 1563 uberius
1354 1541 1461 1572 quam
1487 1531 1576 1563 Gel-

841 1575 930 1606 lium
958 1575 1054 1606 hunc:
1078 1576 1196 1607 locum
1219 1581 1410 1616 tractasse,
1430 1581 1465 1607 et
1486 1576 1579 1608 haec

841 1620 919 1651 sere
954 1631 1035 1651 esse
1073 1620 1297 1662 supplenda:
1341 1625 1373 1652 et
1411 1631 1453 1652 ea
1489 1631 1578 1662 qnae

841 1664 969 1695 diurna
984 1668 1062 1695 sunt
1081 1666 1172 1696 suis
1196 1666 1465 1696 addicuntur
1489 1665 1578 1696 die-

840 1709 936 1738 bus.-
961 1718 1070 1749 quae
1091 1719 1163 1739 ses
1186 1709 1412 1750 prioribus
1435 1710 1578 1741 noctis

842 1751 962 1782 horis
981 1752 1109 1792 fiunt
1142 1763 1188 1783 ea
1220 1753 1462 1794 praeteriti
1487 1753 1579 1784 diei

841 1806 971 1826 sacra
1005 1801 1218 1828 nocturna
1255 1801 1373 1828 sunt.-
1414 1797 1456 1828 ab
1492 1797 1578 1829 hora

840 1844 937 1871 sexta
972 1840 1079 1871 noctis
1110 1841 1282 1882 sequentis
1314 1842 1492 1873 nocturnis
1521 1852 1575 1873 sa-

840 1884 906 1915 cris
932 1888 1063 1925 tempus
1087 1884 1298 1926 inpenditur.
1345 1885 1402 1917 lta
1428 1885 1458 1917 si
1486 1886 1580 1917 scri-

841 1933 965 1969 pserat
991 1928 1219 1967 Macrobius,
1259 1929 1435 1961 librarius
1469 1929 1578 1961 facile

842 1983 862 2004 a
902 1972 1026 2004 verbis
1063 1973 1225 2004 diurna
1267 1978 1365 2006 sunt
1404 1974 1579 2006 aberrare

844 2016 962 2057 potuit
989 2017 1031 2048 ad
1065 2023 1283 2050 nocturna
1317 2023 1440 2058 sunt,
1478 2019 1578 2051 utin

843 2061 889 2092 iis
911 2071 1004 2103 quae
1034 2061 1197 2103 proxime
1228 2066 1430 2103 sequuntur
1464 2063 1580 2096 libra-

843 2105 920 2137 rius
946 2105 1007 2147 qui
1033 2105 1185 2148 scripsit
1208 2106 1371 2139 codicem
1396 2107 1424 2139 P
1450 2117 1470 2139 a
1495 2118 1579 2140 ver-

843 2149 900 2181 bis
920 2155 1015 2192 post
1039 2152 1189 2182 mediam
1212 2157 1342 2184 noctem
1367 2151 1514 2184 transiit
1532 2152 1578 2185 ad

841 2200 936 2236 post
974 2195 1123 2236 primam
1157 2197 1296 2236 facem,
1339 2207 1383 2228 ne
1422 2196 1577 2229 afferam

841 2239 958 2270 multa
978 2239 1158 2271 eiusmodi
1181 2240 1348 2282 exempla
1363 2252 1456 2282 quae
1473 2252 1579 2282 prae.-

843 2283 928 2315 bent
961 2283 1107 2315 codices
1136 2283 1250 2316 Plinii
1288 2291 1434 2326 praeter
1468 2285 1578 2318 Bam-

842 2327 1059 2369 bergensem
1085 2339 1223 2360 omnes.
1269 2329 1434 2371 Denique
1465 2332 1579 2362 verba

841 2373 949 2404 noctis
972 2373 1144 2415 sequentis
1171 2384 1241 2405 non
1272 2384 1354 2406 esse
1379 2374 1579 2417 iungenda,

842 2416 904 2447 sed
930 2416 974 2448 ad
1001 2418 1173 2459 sequentis
1201 2429 1243 2450 ex
1270 2417 1316 2450 iis
1343 2429 1436 2460 quae
1465 2419 1577 2451 inter-

842 2459 1010 2492 ciderunt
1033 2461 1251 2494 trahendum
1279 2473 1361 2495 esse
1387 2464 1475 2505 diei,
1519 2464 1578 2496 vix

845 2508 899 2536 est
920 2505 1014 2546 quod
1041 2516 1220 2539 moneam.

886 2551 918 2579 7.
965 2561 1067 2592 super
1098 2562 1163 2592 quo
1186 2551 1349 2594 processit
1373 2549 1578 2594 auspicium]

843 2592 988 2624 Gellius
1009 2593 1176 2636 scripsit:
1213 2605 1316 2638 super
1338 2606 1404 2638 quo
1429 2595 1577 2636 auspi-

843 2643 1061 2670 caverunt.
1131 2640 1234 2680 Quae
1282 2639 1314 2671 si
1363 2638 1578 2670 Macrobius

842 2680 1066 2714 reddidisset
1090 2683 1213 2715 verbis
1238 2694 1340 2726 super
1365 2694 1430 2725 quo
1452 2693 1579 2724 prae-

844 2725 974 2758 cessit
994 2727 1198 2769 auspicium,
1224 2728 1267 2759 ad
1295 2732 1437 2768 tempus
1462 2726 1582 2768 potis·

844 2769 978 2802 simum
1004 2774 1225 2813 spectasset,
1251 2781 1334 2803 nam
1365 2781 1496 2803 sensus
1521 2782 1580 2803 es-

845 2818 919 2846 set:
945 2825 1006 2853 „es
1028 2815 1071 2847 ist
1095 2826 1257 2848 voraus
1277 2815 1509 2859 gegangen“.
1533 2816 1579 2847 At

845 2858 925 2890 eius
954 2869 1033 2891 mos
1057 2858 1222 2901 dicendi,
1262 2870 1370 2901 quem
1399 2859 1509 2903 attigi
1540 2859 1578 2892 iu

845 2903 1015 2946 prolegg.
1042 2914 1075 2944 p.
1098 2914 1209 2944 xum,
1241 2903 1390 2947 flagitat
1417 2908 1457 2937 ut
1485 2904 1578 2937 scri-

844 2948 974 2981 bamus
1001 2949 1195 2991 processit,
1227 2948 1299 2982 hoc
1330 2960 1456 2982 sensu:
1499 2947 1581 2989 „in-

1344 2996 1373 3039 2
