1871 3126
228 35 307 76 198
862 31 1135 74 MACROBII

163 148 344 188 2lturae
375 143 482 184 solis.
546 141 644 182 Nam
682 146 721 181 et
750 154 820 195 per
848 141 1024 196 singulas
1054 142 1173 183 horas
1206 147 1360 183 mutare
1395 143 1548 184 colores
1585 143 1768 184 adfirma-

165 206 322 256 1316]tur
353 204 392 240 et
425 198 603 239 hirsutus
638 196 732 237 setis
764 196 909 238 dieitur
941 212 981 238 in
1007 198 1216 239 adversum
1246 199 1500 240 nascentibus
1532 204 1668 240 eontra
1700 213 1769 239 na-

234 263 362 297 turam
407 253 586 295 omnium
627 252 877 294 animalium:
922 253 1029 294 unde
1074 253 1243 294 habetur
1282 254 1391 295 velut
1434 255 1564 309 imago
1603 255 1696 296 solis
1729 255 1770 295 in

196 312 438 353 iladversam
479 308 617 350 mundi
654 314 805 363 partem
849 309 1023 350 nitentis.
1097 309 1255 350 Gemini
1299 315 1449 359 autem,
1498 311 1567 364 qui
1611 311 1771 352 alternis

170 313 430 408 2mortibus
463 365 594 406 vivere
626 365 863 414 ereduntur,
908 365 1003 419 quid
1041 365 1147 406 aliud
1176 365 1250 406 nisi
1278 366 1399 406 solem
1427 380 1551 406 unum
1582 367 1771 407 eundem-

235 436 314 477 que
346 421 569 475 significant
592 420 713 461 modo
745 397 1048 462 descendentem
1078 421 1118 461 in
1147 421 1223 462 ima
1251 421 1389 462 mundi
1418 422 1538 462 modo
1567 422 1741 462 mundi
1732 437 1772 462 m

167 478 221 519 23
236 491 432 519 summam
466 476 712 517 altitudinem
745 478 1046 540 resurgentem?
1114 477 1267 518 Cancer
1299 477 1462 532 obliquo
1499 491 1636 531 gressu
1676 477 1773 531 quid

235 533 342 575 aliud
382 532 457 573 nisi
489 533 563 573 iter
590 533 682 573 solis
711 533 902 581 ostendit,
948 533 1015 587 qui
1045 533 1147 574 viam
1176 546 1397 587 numquam
1427 539 1575 574 rectam
1605 533 1672 574 sed
1704 546 1774 588 per

235 590 340 630 illam
371 602 527 642 semper
555 602 686 629 meare
717 589 880 630 sortitus
909 594 970 629 est

406 644 598 707 Oblcquus
619 659 696 699 qua
724 660 763 685 se
788 646 992 707 siynorum
1015 653 1174 686 verteret
1204 645 1320 686 ordo:

238 701 490 763 maximeque
521 714 559 740 1n
589 699 654 740 illo
691 700 804 753 signo
836 700 894 741 sol
924 715 963 740 1n
994 714 1113 741 eursu
1150 714 1294 754 supero
1326 699 1465 754 incipit
1499 699 1687 753 obliquus
1715 698 1774 738 in-

170 758 224 797 ⁶24
238 757 380 798 seriora
411 756 487 797 iam
520 760 664 810 petere.
722 756 784 796 De
813 757 948 797 Leone
979 755 1054 797 iam
1088 769 1206 810 supra
1238 756 1386 796 dietum
1419 761 1490 796 est.
1551 755 1674 807 Virgo
1705 768 1775 795 au-

237 818 339 861 tem,
369 825 470 866 quae
497 825 618 852 manu
647 811 807 852 aristam
838 811 971 861 refert,
1003 812 1097 865 quid
1131 811 1235 852 aliud
1266 825 1384 865 quam
1417 809 1596 864 δύναμις
1623 807 1776 864 ἡλιακὴ

239 882 342 923 quae
381 867 575 909 fructibus
615 868 752 908 curat?
806 868 859 908 Et
892 867 981 908 ideo
1014 867 1169 908 Iustitia
1200 867 1393 916 ereditur,
1436 881 1539 921 quae
1570 867 1654 907 sola
1684 865 1777 906 facit

327 994 429 1036 [Mss.
456 994 621 1028 ABGPS.

238 1050 417 1083 miraculis
440 1050 715 1082 convenientibus
741 1050 783 1082 G.
920 1053 974 1081 21.
1008 1051 1164 1082 hirsutis
1186 1054 1283 1091 (sup.
1310 1052 1350 1088 u]
1376 1047 1412 1081 S.
1437 1065 1477 1071 —
1502 1048 1610 1081 veluti
1631 1047 1723 1080 Edd.
1738 1047 1777 1080 P.

238 1113 280 1118 —
304 1095 499 1126 adversam
526 1098 623 1136 (sup.
650 1095 732 1126 add.
760 1095 813 1132 in)
842 1095 879 1126 A.
937 1096 971 1126 in
998 1096 1189 1126 adversam
1216 1093 1319 1126 s-bP.
1454 1094 1508 1124 22.
1548 1093 1698 1125 motibus
1720 1092 1778 1124 A’.

241 1141 286 1179 „2
312 1138 446 1181 AngU‘
492 1138 588 1179 „Sed
616 1149 685 1181 ego
711 1150 779 1171 non
807 1139 955 1171 audio.“
981 1140 1084 1171 Pont.
1132 1138 1209 1170 Vid.
1244 1142 1316 1170 not.
1356 1154 1398 1161 —
1436 1138 1535 1169 modo
1560 1138 1680 1169 mundi
1704 1147 1776 1168 oin.

237 1185 336 1224 (sup.
372 1182 453 1214 add.
484 1184 602 1221 modo)
635 1184 677 1215 G.
741 1184 841 1216 modo
869 1186 959 1224 (0111.
985 1184 1124 1221 munuli)
1158 1194 1237 1223 v-g.
1371 1183 1425 1213 23.
1466 1192 1709 1223 nonnunquam
1735 1181 1777 1213 B.

235 1246 276 1251 —-
314 1237 479 1259 remeare
506 1227 548 1258 G.
597 1238 770 1259 mereare
796 1228 887 1268 (del.
914 1232 968 1265 re)
992 1228 1030 1259 Α.
1071 1246 1115 1252 --
1159 1225 1339 1269 Obliquus]
1365 1226 1465 1268 Vir-g.
1492 1225 1627 1268 Georg.
1650 1225 1680 1265 Ι,
1700 1227 1778 1257 239.

237 1288 280 1295 -
305 1272 459 1304 verterit
483 1270 557 1302 AG.
583 1273 630 1311 ..2
654 1271 788 1314 Angl.“
924 1274 979 1303 21.
1021 1283 1126 1314 supra
1149 1272 1217 1303 iam
1243 1271 1316 1302 s-b.
1351 1288 1394 1295 —
1435 1269 1556 1312 supra]
1583 1270 1629 1301 cf.
1653 1271 1696 1309 ἒς
1725 1272 1779 1308 16,

241 1319 289 1347 17.
324 1334 362 1338 --
395 1315 493 1357 ferit
520 1318 566 1356 „2
592 1316 698 1358 Angl.
742 1315 812 1348 Sed
842 1316 877 1348 in
904 1317 1023 1348 altero
1048 1317 1059 1348 ἰ
1083 1316 1208 1348 littera
1234 1325 1340 1347 erasa
1366 1314 1475 1346 fuir-⁶.
1505 1331 1547 1337 --
1585 1317 1780 1346 curvatur

239 1430 470 1463 referendum
504 1430 548 1462 ad
579 1429 781 1464 Bacchicas
813 1431 974 1463 Graeco-

1042 1428 1319 1473 ἡμισφαίρια
1341 1427 1384 1461 τό
1397 1439 1433 1461 τε
1437 1425 1541 1481 υπὲρ
1559 1440 1625 1471 γην
1651 1426 1713 1460 καὶ
1736 1425 1778 1459 τὸ

238 1486 317 1507 rum
342 1474 556 1517 religiones.

1043 1474 1115 1509 ’ὑπὸ
1153 1475 1217 1527 γῆς
1250 1470 1564 1525 Διοσκούρους
1600 1471 1635 1504 οὶ
1671 1470 1779 1514 σοφοι

281 1522 338 1551 21.
387 1519 468 1551 solis
488 1519 523 1550 in
545 1519 727 1551 adversam
748 1519 869 1551 mundi
890 1530 973 1562 par-

237 1570 300 1597 tem
327 1563 482 1605 nitentis]
508 1562 562 1594 Cf.
588 1562 725 1595 Comm.
753 1565 780 1601 1,
810 1565 863 1594 18.

281 1610 335 1639 22.
384 1608 444 1650 qui
480 1607 624 1640 alternis
659 1608 826 1640 mortibus
861 1607 975 1639 vivere

237 1652 435 1694 creduntur]
484 1651 691 1691 „Minatius
735 1651 879 1693 [Oetav.
917 1654 974 1690 21,

240 1699 291 1728 16.
326 1700 362 1728 et
391 1696 566 1739 Cyprian.
603 1696 647 1727 de
679 1695 768 1728 idol.
802 1695 913 1727 vanit.
945 1696 974 1735 I,

237 1740 303 1782 2.]:
329 1742 487 1772 Castores
508 1740 695 1772 alternis
718 1741 974 1772 moriuntur.

238 1784 416 1816 Manilius
442 1784 652 1826 [1v,157.]:
698 1785 779 1817 Otia
805 1789 835 1817 et
865 1790 975 1816 aeler-

237 1840 319 1860 nam
363 1833 541 1871 peragunt
584 1829 625 1860 in
670 1834 803 1861 morte
855 1830 977 1860 iuven-

239 1875 335 1905 tam-⁴
341 1874 490 1905 ιΡοΝΤ.
517 1892 560 1897 —
591 1873 820 1913 „Homerum
852 1872 976 1904 imita-

241 1921 299 1949 tur
322 1921 447 1949 noster
464 1917 596 1969 Odyss.
614 1914 655 1969 λ’,
674 1919 742 1948 303
761 1928 831 1969 sq.:
841 1913 978 1949 ’Ἀλλοτε

239 1959 302 2002 μὲν
325 1957 479 1999 ζωουσ’
506 1940 773 2012 ἑτερήμεροι,
796 1957 922 1992 ἄλλοτε
945 1956 977 1991 δ’

240 2003 327 2036 αὖτε
351 2004 499 2036 Τεθνα
510 2013 590 2035 σιν
611 2001 717 2046 τιμὴν
740 2002 777 2036 δὲ
796 1999 977 2046 λελόγχασ’

241 2044 302 2079 ἶσα
333 2049 487 2080 θεοῖσιν.
532 2048 584 2079 De
618 2049 786 2080 dissensu
813 2053 975 2079 veterum

241 2102 351 2167 pupler
380 2092 462 2168 Itiap1
480 2103 520 2123 re
549 2091 636 2167 ῐνίᾶιῗ
672 2092 893 2167 irateibpretes
930 2092 975 2166 qil

255 2146 277 2167 ι.
325 2159 333 2167 .
364 2146 382 2167 e
468 2146 543 2167 ems
565 2147 603 2167 er
635 2158 643 2166 .
673 2146 694 2168 a
783 2147 902 2168 ucian.
968 2160 975 2167 .

242 2180 270 2211 l.
305 2191 339 2221 p.
368 2182 446 2211 286.
484 2191 589 2221 quem
627 2180 754 2212 laudat
787 2179 975 2212 Ernesti.“

243 2223 354 2255 me.
381 2241 423 2247 —
452 2222 636 2256 cellarius
660 2224 705 2256 ad
732 2223 861 2255 Minut.
892 2225 917 2255 l.
946 2234 976 2255 c.

241 2268 450 2299 adnotavit:
469 2268 579 2307 „Dixi
603 2268 710 2310 plura
735 2268 780 2300 ad
803 2268 871 2300 Sil.
894 2268 977 2300 Ital.

242 2311 314 2352 IX,
336 2314 412 2343 295.
440 2313 716 2355 Alternusque
739 2313 878 2344 animae
902 2324 978 2344 mu-

242 2361 315 2388 tato
345 2357 486 2388 Castore
511 2357 645 2388 Pollux.
685 2356 785 2388 Adde
809 2355 978 2388 Servium

243 2400 287 2431 ad
309 2400 396 2432 Aen.
420 2400 478 2438 VI,
498 2402 592 2432 121.:
622 2400 662 2432 Si
678 2403 827 2440 fratrem
855 2401 979 2432 Polluae

243 2444 413 2476 alterna
437 2449 576 2477 morte
598 2445 780 2476 redemit.“
802 2444 858 2475 Cf.
881 2444 979 2476 Zeit-

244 2488 340 2520 schr.
368 2488 391 2519 f.
420 2488 454 2519 d.
479 2489 518 2519 A.
540 2488 594 2520 W.
621 2489 718 2520 1844.
745 2500 780 2530 p.
800 2490 862 2520 411
890 2499 980 2530 sqq.,

243 2532 307 2564 ubi
337 2535 528 2573 praeterea
559 2532 720 2564 citantur
748 2532 853 2565 Ovid.
877 2532 978 2564 Fast.

244 2577 284 2616 V,
309 2579 374 2607 715
400 2587 498 2617 sqq...
535 2576 748 2618 Apollodor.
772 2577 838 2617 III,
867 2579 920 2615 11,
946 2579 980 2617 2,

244 2622 264 2659 §
289 2622 321 2651 6.
363 2620 430 2652 Sil.
458 2620 542 2652 Ital.
576 2620 683 2659 XIII,
707 2623 786 2651 805.
830 2620 980 2652 Lucian.

244 2663 332 2695 dial.
354 2667 461 2696 mort.
482 2666 538 2696 26.
573 2664 710 2706 Ilygin.
734 2664 806 2696 sal».
823 2668 878 2696 80.
913 2664 982 2696 Ce-

245 2711 360 2739 terum
394 2712 540 2740 veteres
575 2708 789 2750 philosophi
823 2720 892 2741 non
926 2708 982 2740 di·

244 2752 558 2784 xeruntGeminos
575 2763 657 2784 esse
676 2753 806 2791 solem,
819 2752 883 2785 sed
901 2762 981 2784 esse

244 2794 524 2844 hemisphaeria
557 2797 699 2829 alterna
730 2796 812 2828 vice
848 2807 870 2829 a
905 2796 983 2828 sole

246 2837 444 2872 inust1·.ata
500 2840 555 2872 Cf
592 2840 691 2873 Sext.
730 2840 794 2872 Em
800 2852 867 2882 m
901 2840 981 2871 adv.

248 2881 361 2923 Phys.
390 2895 420 2924 p.
446 2886 521 2916 557.
551 2884 606 2916 ed.
636 2884 780 2917 Fabric.
800 2853 874 2915 ΙΤὰ
902 2880 981 2915 δύο

1043 1521 1115 1553 τῶν
1137 1517 1217 1552 τότε
1239 1514 1447 1560 ἀνθρώπων
1465 1515 1594 1559 ἔλεγον.
1619 1520 1655 1549 et
1670 1516 1778 1548 Laur.

1046 1564 1135 1607 Lyd.
1160 1564 1224 1604 IV,
1253 1566 1310 1603 13,
1337 1567 1390 1614 (p.
1414 1565 1488 1599 65.)
1518 1559 1565 1592 Οἱ
1589 1557 1783 1613 φιλόσοφοί

1045 1617 1135 1651 φασι
1168 1588 1488 1657 Διοσκούρους
1518 1601 1609 1637 εἶναι
1636 1615 1677 1636 το
1704 1614 1778 1635 υπο

1043 1664 1110 1696 γην
1142 1651 1203 1684 καὶ
1239 1648 1328 1692 ὑπὲρ
1364 1649 1430 1691 γῆν
1466 1645 1779 1701 ἡμισφαίριον·

1041 1696 1229 1729 τελευτῶσι
1276 1693 1313 1727 δὲ
1346 1689 1559 1747 αμοιβαδὸν
1600 1691 1779 1746 μυθικῶς,

1045 1739 1167 1782 οιουεί,
1191 1736 1264 1771 υπὸ
1289 1750 1375 1776 τους
1396 1734 1545 1770 ἄντιπόὸ
1550 1748 1594 1774 ας
1615 1733 1651 1776 ἐξ
1676 1731 1780 1777 ἄμοι-

1044 1784 1111 1827 βῆς
1135 1781 1337 1827 φερόμενοι.
1370 1781 1592 1821 creuz.111,
1618 1792 1650 1822 p.
1674 1782 1718 1812 34
1744 1783 1781 1813 et

1088 1853 1142 1905 23.
1196 1872 1325 1904 Cancer
1358 1871 1494 1913 obliquo
1529 1880 1653 1912 gressu
1693 1867 1780 1910 ceu]

1046 1917 1100 1948 Cf.
1138 1916 1306 1949 Man-tion
1343 1883 1448 1955 IIIIq,
1483 1915 1503 1953 ἓ
1537 1915 1616 1945 849.
1659 1913 1780 1945 Orbem

1044 1962 1127 1994 solis
1152 1961 1390 2002 obliquitas
1421 1963 1555 1990 meatus
1581 1962 1643 1990 aut
1669 1957 1781 1999 inpri-

1045 2007 1107 2038 mit
1132 2009 1193 2036 aut
1223 2004 1367 2037 extollit.
1415 2003 1499 2043 Quis
1529 2002 1617 2033 enim
1644 2001 1781 2033 dubitat

1051 2051 1259 2082 Cancrum
1287 2047 1513 2087 Geminosque
1536 2045 1630 2076 verbi
1656 2045 1779 2087 gralia

1044 2095 1079 2125 in
1095 2093 1215 2124 mundi
1234 2092 1347 2123 ardua
1365 2090 1558 2129 sublimari,
1576 2099 1780 2130 rursumque

1048 2137 1283 2179 Sagittarium
1337 2134 1649 2177 Capricornumque
1697 2143 1780 2175 pcr-

1048 2181 1172 2213 erratis
1195 2179 1381 2219 deflexibus
1406 2178 1571 2219 infimari.

1086 2226 1142 2256 24.
1196 2224 1323 2266 lirgo,
1365 2233 1455 2265 quae
1492 2231 1599 2252 manu
1635 2219 1781 2251 aristam

1039 2269 1126 2311 fert]
1157 2268 1236 2299 Hoc
1269 2267 1353 2299 inde
1383 2265 1589 2308 profectum
1615 2274 1696 2295 esse
1723 2274 1781 2294 re-

1046 2314 1118 2345 fert
1156 2312 1327 2344 Creuzer.
1367 2310 1422 2351 11,
1466 2321 1497 2351 p
1541 2311 1618 2340 611.
1631 2331 1641 2347 ‚
1685 2307 1782 2349 quod

1043 2368 1155 2389 verno
1176 2360 1340 2397 tempore
1356 2353 1540 2405 Aegyptii
1551 2351 1696 2404 egerint
1721 2362 1781 2383 so-

1046 2401 1170 2433 lennia
1194 2401 1237 2432 ad
1264 2410 1420 2432 messem
1447 2396 1682 2451 pertinentia.
1728 2395 1783 2426 Cf.

1046 2446 1146 2478 Arat.
1165 2448 1221 2476 97.
1241 2440 1498 2495 Παρθένον,
1525 2438 1548 2483 ἤ
1574 2437 1603 2482 ρ’
1626 2437 1663 2472 ἐν
1686 2437 1785 2480 χερσὶ

1050 2486 1149 2531 φέρει
1173 2484 1336 2529 στάχυν
1359 2482 1558 2528 αἰγλήεντα.
1597 2483 1723 2516 Manil.
1744 2482 1783 2521 V,

1048 2536 1113 2565 267
1140 2544 1193 2574 sq.
1222 2534 1251 2564 l
1259 2531 1419 2574 irginis
1446 2531 1509 2561 hoc
1531 2528 1617 2560 anni
1637 2530 1784 2569 poscunt

1040 2578 1148 2628 fluorse
1152 2587 1216 2619 que
1250 2585 1406 2607 coronae.
1456 2575 1502 2605 At
1532 2583 1606 2604 cum
1638 2576 1690 2603 ter
1723 2571 1784 2601 de-

1049 2621 1138 2653 cima
1163 2629 1375 2661 consurgens
1399 2616 1541 2649 horrida
1559 2620 1660 2658 parte
1678 2614 1785 2656 Spica

1043 2666 1164 2706 serens
1196 2673 1284 2705 prae
1318 2672 1372 2700 se,
1412 2670 1556 2692 nascens
1585 2663 1617 2691 et
1645 2668 1783 2700 scapus,

1049 2709 1234 2745 aristas,
1282 2706 1452 2737 Arvorum
1490 2704 1674 2745 ingenerat
1711 2706 1785 2734 stu-

1050 2752 1145 2783 dium
1174 2754 1242 2781 cet.

1090 2794 1265 2835 fructibus
1301 2790 1412 2832 curat]
1452 2789 1508 2821 Cf.
1538 2788 1715 2831 Prolegg.
1747 2799 1783 2830 p.

1050 2848 1175 2870 xxxlx.
1200 2840 1236 2869 et
1263 2839 1335 2867 not.
1363 2835 1408 2867 ad
1441 2845 1471 2865 c.
1497 2835 1548 2866 14.
1580 2835 1599 2874 ἓ
1623 2835 1656 2864 6.
1685 2835 1721 2864 et
1755 2844 1785 2863 c.

1050 2883 1105 2914 24.
1136 2881 1152 2922 §
1179 2884 1209 2913 6.
1240 2882 1375 2921 famae
1407 2889 1502 2911 suae
1534 2902 1563 2910 ..
1595 2876 1786 2914 curavit3
