1871 3126
214 59 294 101 130

851 51 1128 94 MACROBII

210 168 335 216 duxit,
363 166 412 205 dc
439 165 513 204 hoc
541 175 705 217 quoque
736 162 844 215 quod
876 162 976 203 Hori
1001 161 1127 203 nostri
1155 160 1395 202 consultatio
1420 162 1599 203 continet
1626 174 1752 216 pauca

172 228 198 267 2
211 222 377 265 dicenda
409 224 512 261 sunt.

572 220 703 261 Numa
733 223 779 258 ut
808 217 848 258 in
880 231 1035 259 menses
1064 231 1237 267 annum,
1282 217 1335 257 ita
1373 217 1413 257 in
1453 218 1537 258 dies
1575 231 1750 258 mensem

211 290 412 333 quomque
448 275 672 324 distribuit,
721 273 887 327 diesque
917 287 1058 314 omnes
1089 279 1158 314 aut
1193 273 1315 314 festos
1348 278 1417 313 aut
1452 274 1649 327 profestos
1681 279 1753 314 aut

211 333 420 375 intercisos
454 331 621 373 vocavit.

680 330 786 370 Festi
823 329 883 370 dis
919 329 1039 370 dicati
1081 334 1195 369 sunt:
1245 328 1408 382 profesti
1438 329 1669 370 hominibus
1697 330 1750 370 oh

211 388 561 431 administrandam
588 400 672 427 rem
698 386 889 440 privat-am
919 385 1200 440 publicamque
1228 385 1426 425 concessi:
1455 385 1630 425 intercisi
1657 385 1751 425 deo-

174 449 197 489 3
212 460 300 487 rum
332 444 625 497 hominumque
653 456 887 482 communes
911 448 1015 482 sunt.

1074 441 1202 481 Festis
1228 441 1363 480 insunt
1392 441 1582 481 sacrificia
1613 441 1753 494 epulae

212 502 294 544 ludi
336 501 475 541 seriae:
508 498 703 562 ‘profestis
744 497 832 538 fasti
872 497 1091 538 comitiales
1129 496 1410 550 conperendini
1452 496 1542 537 stati
1589 496 1754 551 praelia-

212 571 293 599 res:

340 556 516 597 intercisi
546 570 585 595 m
617 569 659 595 se
689 568 770 594 non
802 554 841 594 in
871 554 945 594 alia
976 553 1226 594 dividuntur:

1271 553 1428 593 illorum
1460 553 1565 593 enim
1598 552 1753 593 dierum

148 613 477 668 [2771quibusdam
504 611 611 651 horis
635 610 693 651 fas
720 615 791 658 est,
817 610 1055 664 quibusdam
1085 608 1142 649 sas
1166 623 1246 649 non
1271 615 1330 650 est
1354 609 1415 649 ius
1439 608 1580 649 dicere.
1640 609 1756 656 Nam,

215 684 306 710 cum
337 668 467 710 hostia
503 667 702 715 caeditur,
744 665 816 705 sari
854 665 963 706 nefas
999 672 1076 706 ost:
1121 665 1225 706 inter
1258 678 1371 705 caesa
1402 670 1441 705 et
1470 669 1652 718 porrecta
1684 663 1756 704 fari

214 727 323 767 lieet:
369 738 527 771 rursus,
567 736 657 762 cum
688 722 888 770 adoletur,
924 736 1005 762 non
1036 722 1138 762 lieet.

178 785 301 822 4rum
333 786 372 821 ct
404 780 669 834 profestorum
707 778 860 818 dierum
896 778 1013 818 latius
1050 777 1324 817 disserendum
1363 781 1434 817 est.

1196 722 1303 774 Ergo
1335 721 1384 761 de
1415 720 1608 761 divisione
1635 720 1755 760 festo-

1503 777 1623 817 Sacra
1654 776 1755 816 cele-

216 838 337 878 britas
376 842 435 876 cst
474 835 534 877 vel
569 848 659 875 cum
697 833 887 874 sacrificia
922 833 982 873 dis
1021 834 1246 873 offeruntur
1281 832 1340 873 vel
1377 846 1467 873 eum
1500 832 1584 873 dics
1614 831 1757 873 divinis

305 963 407 1005 [Mss.
435 961 601 993 ABGPS.

214 1019 309 1062 apud
338 1019 522 1049 Romanos.
550 1016 651 1047 cli-b.

790 1018 819 1047 1.
856 1015 940 1047 Hori
962 1013 1073 1046 nostri
1093 1013 1312 1055 consultatio]
1341 1013 1386 1045 cf.
1417 1024 1446 1045 c.
1470 1016 1522 1044 15.
1545 1013 1560 1054 §
1586 1016 1621 1045 3.

213 1068 248 1096 2.
294 1064 377 1104 Cap.
408 1062 505 1093 XIX.
539 1062 588 1092 De
613 1060 781 1092 divisione
807 1060 938 1091 dicrum
961 1071 978 1090 v
1007 1059 1038 1099 (i
1069 1060 1152 1099 (lap.
1180 1059 1350 1099 XVIII.)
1379 1075 1422 1081 --
1444 1069 1589 1089 mensem
1613 1067 1760 1099 queque

216 1109 253 1140 S.
277 1125 317 1130 —
341 1107 426 1147 festi
451 1106 542 1137 dics
566 1106 634 1136 diis
659 1105 732 1136 s-b.
766 1123 808 1127 —
838 1110 875 1136 et
903 1104 1077 1135 hominum
1103 1103 1148 1134 G.

1285 1104 1317 1133 3.
1356 1112 1423 1145 pro
1433 1103 1557 1134 eliares
1577 1100 1759 1133 ABGSvl.

213 1151 426 1195 proeliales
452 1150 556 1181 s—hl'.
583 1167 624 1171 —
657 1161 724 1180 non
749 1149 823 1180 alia
849 1149 938 1189 (0111.
964 1149 1019 1188 in)
1041 1150 1096 1179 vl.
1121 1166 1164 1170 —
1181 1148 1246 1187 sas
1269 1158 1348 1178 non
1373 1152 1432 1179 est.
1473 1147 1677 1189 quibusdam
1694 1147 1759 1187 fas

217 1202 265 1229 est
292 1196 329 1228 A.
362 1213 404 1218 -—
435 1205 555 1226 rursus
581 1217 612 1225 ..
629 1217 636 1225 .

264 1319 362 1359 ΧΠ,
397 1320 430 1349 2.
481 1317 596 1348 Numa
624 1340 654 1347 ..
685 1316 758 1347 dies
784 1341 813 1346 ..
842 1326 956 1347 omnes

221 1388 251 1395 ..
278 1362 427 1404 vocavit]
462 1360 515 1392 Cf.
548 1360 623 1392 Liv.
649 1360 680 1399 l,
710 1364 768 1400 19,
795 1363 826 1392 7.
863 1361 954 1391 Idem

220 1410 419 1447 nefastos
460 1406 550 1437 dies
583 1407 818 1446 fastosque
855 1405 954 1444 fecit,

221 1453 302 1495 quia
347 1450 537 1492 aliquando
577 1449 664 1480 nihil
708 1461 782 1480 cum
826 1450 955 1491 populo

219 1497 283 1540 agi
310 1496 394 1527 utile
415 1497 577 1534 futurum
602 1498 686 1524 erat.

263 1541 345 1577 sesti
373 1540 426 1571 dis
459 1538 567 1570 dicati
596 1537 686 1579 sunt]
730 1535 785 1567 Cf.
817 1537 860 1575 §§
884 1537 955 1567 4—-

223 1588 271 1617 12.
311 1584 385 1616 Cic.
412 1583 446 1614 in
474 1582 549 1613 Pis.
574 1584 635 1621 ⁶22,
663 1584 717 1612 51.
748 1581 816 1621 Qui
841 1580 954 1621 (dies)

220 1630 320 1672 quasi
345 1629 516 1659 deorum
547 1626 856 1658 immortalium
886 1626 952 1665 fe-

218 1675 273 1707 sti
297 1678 401 1715 atque
430 1672 584 1703 solennes
609 1670 704 1712 apud
736 1680 850 1700 omnes
877 1673 954 1700 sunt

219 1741 252 1751 ..
277 1717 449 1750 celebrati.
502 1715 681 1756 [lartung.
710 1714 735 1745 1.
764 1725 797 1754 p.
828 1715 898 1744 152.

261 1761 419 1804 profesti]
446 1759 501 1791 Cf.
522 1761 565 1799 ἓξ
590 1761 745 1790 13-15.
775 1757 870 1788 Fest.
890 1756 952 1788 lib.

218 1807 309 1838 xvl.
346 1818 377 1847 p.
406 1807 484 1836 253.
517 1803 645 1835 Muell.
681 1803 770 1833 diem
804 1804 952 1844 profe—

219 1857 328 1884 stum
355 1850 444 1882 diem
469 1849 560 1880 sine
580 1848 716 1887 feriis
744 1857 826 1878 esse.
863 1846 953 1877 Non.

218 1898 305 1934 434,
325 1896 355 1925 3.
393 1893 586 1934 Profesti
612 1893 700 1930 dies,
725 1902 746 1923 a
767 1890 952 1930 festini-

220 1945 311 1972 tate
333 1938 470 1969 vacui.
507 1936 601 1968 Plio.
629 1935 667 1967 N.
693 1935 736 1966 H.
765 1934 893 1973 Xvffl,
920 1937 952 1972 6,

218 1988 260 2021 8,
286 1985 340 2014 40.
379 1982 526 2024 peiorem
563 1985 665 2017 (csse
701 1978 952 2020 patremfami-

220 2029 309 2064 lias]
347 2027 405 2067 qui
436 2025 649 2067 profestis
681 2025 800 2056 diebus
833 2027 954 2066 ageret

221 2073 311 2114 quod
330 2070 522 2111 feriatis
548 2070 692 2100 deberet.

264 2119 297 2147 3.
347 2115 483 2146 illorum
520 2114 608 2144 enim
646 2113 777 2144 dierum
813 2111 953 2152 quibus-

221 2162 300 2192 dam
323 2159 415 2190 horis
438 2159 498 2197 fus
523 2162 572 2189 est
598 2181 605 2188 .
623 2180 628 2187 .
645 2181 652 2187 .
677 2157 731 2187 ius
754 2155 877 2196 dicere]
897 2155 953 2186 Cf.

221 2205 332 2236 Varro
358 2202 395 2233 L.
420 2201 459 2232 h.
493 2201 555 2240 Vl„
579 2203 616 2239 4,
650 2202 690 2231 31
718 2211 771 2240 sq.
813 2200 951 2231 Inter-

220 2249 300 2280 cisi
336 2248 408 2278 dies
447 2250 544 2283 sunt,
583 2256 645 2287 per
677 2255 760 2286 quos
790 2254 892 2275 mane
923 2248 953 2275 et

219 2292 352 2335 vesperi
373 2295 421 2322 est
444 2292 583 2329 nefas,
605 2290 743 2320 medio
767 2293 954 2330 tempore

220 2338 338 2369 inter
371 2334 555 2366 hostiam
585 2344 748 2365 caesam
781 2337 818 2364 et
855 2336 953 2363 exta

219 2385 425 2423 porrecta
446 2381 539 2419 fas‚·
565 2389 585 2409 a
608 2388 674 2419 quo
696 2377 786 2419 quod
802 2378 864 2416 fas
882 2381 953 2408 tum

219 2424 418 2462 intercedit,
450 2428 510 2454 aut
535 2434 573 2454 eo
599 2427 647 2453 est
673 2421 867 2453 intercisum
891 2430 953 2452 ne—

214 2472 293 2509 fas,
331 2468 540 2500 intercisum.
602 2467 681 2498 Dies
719 2466 777 2507 qui
812 2470 954 2497 vocatur

220 2515 287 2546 sic.-
307 2512 488 2554 Quando
509 2522 582 2542 rex
606 2510 863 2547 comitiavit,
878 2511 953 2549 sas,

220 2560 248 2589 is
276 2559 387 2590 dictus
413 2557 455 2587 ab
487 2567 524 2587 eo
556 2556 645 2597 quod
670 2566 707 2586 eo
733 2555 788 2586 die
811 2565 869 2585 rex
895 2565 952 2584 sa-

220 2602 403 2638 crific-iolas
427 2601 492 2632 itat
515 2601 561 2631 ad
585 2600 767 2638 comitium,
792 2599 837 2629 ad
863 2598 953 2640 quod

222 2652 353 2689 tempus
378 2650 425 2677 est
449 2646 570 2685 nefas,
599 2645 640 2675 ab
665 2655 701 2675 eo
723 2645 800 2682 fas3
835 2643 953 2684 itaque

218 2698 294 2733 post
337 2692 373 2722 id
410 2695 542 2731 tempus
577 2689 654 2731 lege
692 2693 804 2720 actum
839 2697 952 2728 saepe.

226 2736 307 2767 Dies
338 2735 397 2776 qui
430 2739 587 2765 vocatur.-
636 2733 814 2773 Quando
848 2736 952 2763 ster-

221 2791 307 2810 cum
333 2780 537 2817 delatum⁷
556 2779 605 2818 fa
617 2788 642 2814 s,
668 2778 710 2808 ab
736 2788 772 2808 eo
794 2775 953 2818 appella-

220 2829 273 2854 tus
298 2824 386 2864 qnod
410 2834 445 2853 co
472 2823 526 2853 die
549 2833 588 2853 er
612 2822 696 2853 aede
726 2822 849 2852 festae
869 2824 954 2851 ster-

221 2878 279 2898 cus
300 2867 466 2898 everritur
491 2871 522 2898 et
545 2877 606 2907 per
631 2865 863 2907 Capitolinum
889 2863 951 2895 cli-

220 2922 296 2943 vom
320 2911 353 2942 in
379 2911 487 2942 locum
511 2911 666 2951 defertur
686 2914 824 2942 certum.
845 2906 952 2940 Ovid.

660 1205 729 1225 non
753 1194 831 1225 licet
855 1204 925 1224 0111.
954 1192 991 1224 P.
1023 1210 1067 1216 —·
1101 1197 1149 1224 cst
1176 1192 1411 1223 disserendum
1437 1190 1473 1223 S.
1611 1192 1644 1223 4,

1683 1201 1759 1222 cum

1024 1313 1123 1345 Fast.
1151 1313 1186 1352 l,
1219 1314 1262 1344 49
1289 1324 1364 1354 sqq.
1409 1313 1478 1345 Nec
1507 1318 1576 1346 toto
1602 1317 1760 1356 perstare

1024 1359 1079 1389 dic
1103 1369 1166 1389 sua
1188 1358 1266 1389 iura
1287 1358 1442 1399 putaris:
1473 1358 1553 1398 Qui
1580 1359 1663 1389 iam
1687 1359 1757 1397 fa-

1023 1408 1115 1434 stus
1147 1403 1253 1441 erit,
1279 1412 1396 1433 mane
1420 1404 1627 1442 nefastus
1654 1407 1760 1434 erat.

1024 1447 1115 1478 Nam
1135 1447 1237 1477 simul
1262 1451 1340 1478 exta
1366 1447 1427 1477 deo
1453 1447 1538 1478 data
1563 1451 1654 1484 sunt,
1680 1446 1758 1478 licet

1024 1491 1139 1522 onmia
1156 1491 1254 1529 fari,
1297 1491 1473 1532 l‘erbaque
1497 1491 1687 1523 honoratus
1712 1491 1758 1522 la·-

1023 1535 1103 1566 bera
1123 1540 1264 1576 praetor
1286 1535 1398 1566 habet.

1067 1579 1156 1612 inter
1185 1590 1285 1610 caesa
1312 1584 1343 1610 et
1373 1577 1546 1621 porrecta]
1577 1575 1758 1618 „Proprie

1022 1628 1098 1663 cst,
1126 1623 1243 1664 inquit
1277 1623 1417 1655 Ernest.
1446 1622 1481 1653 in
1509 1622 1631 1661 clav„
1666 1627 1758 1652 tem-

1022 1678 1089 1708 pus
1144 1667 1378 1699 interiectum
1435 1666 1533 1698 inter
1585 1665 1758 1697 victimae

1022 1711 1279 1743 {tractationem
1315 1715 1350 1743 et
1385 1715 1552 1743 extorum
1586 1710 1623 1742 in
1655 1720 1758 1742 aram

1022 1755 1315 1797 imposstionem,
1338 1766 1408 1797 quo
1432 1760 1595 1797 tempore
1620 1754 1692 1787 fari
1712 1753 1759 1785 li-

1022 1802 1121 1832 cet.‘²
1151 1801 1264 1832 Zmin.
1295 1818 1338 1824 —
1363 1799 1419 1831 Cf.
1445 1800 1518 1839 lll,
1544 1802 1584 1838 2,
1607 1802 1658 1839 2.,
1686 1798 1758 1830 ihi-

1021 1856 1090 1886 (μη).
1113 1850 1200 1883 not..
1227 1845 1352 1885 Varro,
1379 1843 1484 1876 Ovid.
1516 1845 1555 1875 ll.
1583 1855 1636 1875 cc.
1673 1843 1758 1874 Ple-

1023 1889 1105 1920 nius
1139 1889 1250 1921 viu-ro
1283 1889 1320 1920 L.
1354 1888 1392 1920 L.
1425 1888 1491 1928 VI,
1512 1891 1552 1929 3,
1580 1891 1631 1920 l6.
1668 1888 1759 1920 inter

1022 1935 1144 1975 quoius
1176 1938 1275 1965 esta
1306 1944 1436 1964 caesa
1469 1937 1506 1964 et
1534 1937 1755 1974 porrecta.

1021 1977 1199 2009 Allien-unt
1225 1978 1317 2010 haec
1349 1977 1384 2008 in
1416 1976 1669 2018 proverbium,
1709 1975 1756 2007 cf.

1022 2022 1097 2053 Cic.
1123 2022 1165 2053 ad
1193 2022 1267 2053 Ait.
1295 2022 1333 2060 V,
1360 2024 1420 2059 18,
1448 2024 1475 2053 l.
1507 2022 1557 2053 Ne
1588 2021 1671 2062 quid
1694 2021 1757 2052 in-

1021 2071 1084 2098 ter
1109 2077 1236 2097 caesa
1263 2071 1298 2098 et
1322 2070 1546 2108 porrecta,
1580 2070 1618 2097 ut
1645 2066 1757 2104 aiunt,

1022 2110 1134 2141 oneris
1170 2111 1255 2141 mihi
1293 2111 1448 2142 addatur
1485 2115 1546 2142 aut
1583 2109 1758 2151 temporis.

1022 2154 1165 2185 Erasmi
1205 2154 1319 2196 Adag.
1359 2154 1456 2185 Chil.
1497 2154 1530 2193 1,
1583 2153 1684 2185 Ceut.
1724 2154 1757 2193 3,

1023 2198 1087 2229 Ad.
1110 2201 1166 2229 60.

1067 2254 1142 2274 cnm
1189 2240 1363 2282 adoletur]
1408 2250 1458 2271 sc.
1506 2238 1650 2280 hostia,
1697 2239 1757 2271 vel

1022 2286 1102 2318 eius
1128 2290 1212 2317 exta
1237 2290 1389 2317 tuntum.
1439 2284 1492 2316 Cf.
1526 2284 1664 2315 Ennius
1696 2294 1755 2325 ap.

1021 2330 1186 2363 Lac-tant.
1226 2330 1264 2370 l,
1297 2333 1354 2370 11,
1388 2332 1443 2361 63.
1495 2329 1653 2370 Eamque
1686 2328 1757 2360 Ιιο-

1022 2376 1169 2414 stiam,
1208 2386 1310 2417 quam
1354 2374 1400 2406 ibi
1435 2373 1606 2411 sacravit,
1648 2377 1758 2405 totam

1022 2420 1232 2451 adolevit.
1286 2418 1393 2451 ovid.
1429 2417 1528 2450 Fast.
1566 2417 1639 2458 111,
1675 2419 1756 2448 803.

1028 2465 1206 2495 Viscera
1249 2465 1307 2506 qui
1343 2464 1437 2496 tauri
1465 2462 1623 2503 flammis
1655 2462 1756 2492 ado-

1022 2509 1148 2540 lenda
1185 2508 1342 2540 dedisset.
1392 2506 1543 2538 Servius
1574 2505 1620 2536 ad
1655 2504 1757 2546 Virg.

1020 2553 1108 2584 Aen.
1140 2552 1176 2591 I,
1207 2555 1285 2584 504.
1324 2552 1502 2584 Adolere
1534 2548 1674 2591 proprie
1708 2554 1757 2581 est

1020 2607 1163 2640 augere.
1214 2597 1253 2628 In
1278 2597 1386 2627 sacris
1409 2599 1524 2626 autem
1543 2588 1622 2624 κατ’
1646 2588 1757 2634 εὐφη-

1018 2638 1148 2682 μισμὸν
1185 2641 1367 2671 adolere
1401 2649 1464 2681 per
1500 2638 1622 2668 bonum
1659 2647 1755 2668 omen

1020 2686 1161 2716 dicitur.
1205 2684 1295 2716 Nam
1320 2684 1355 2715 in
1381 2684 1454 2714 aris
1477 2693 1544 2714 non
1571 2681 1757 2713 adolentur

1021 2730 1160 2770 aliqua,
1200 2729 1259 2759 sed
1303 2731 1561 2759 cremantur.
1618 2725 1755 2757 Melius

1021 2771 1264 2803 Doederlinus
1291 2771 1426 2814 Synon.
1455 2771 1521 2808 IV,
1549 2780 1582 2810 p.
1607 2771 1684 2801 254.
1709 2769 1753 2801 ad

1020 2816 1185 2848 nidorem
1210 2816 1324 2848 refert
1348 2817 1417 2847 hoc
1443 2815 1606 2846 verbnm.

1063 2862 1095 2892 4.
1147 2861 1256 2893 Sacra
1281 2859 1473 2901 celebritas]
1496 2859 1519 2891 i.
1541 2870 1571 2890 e.
1595 2857 1673 2890 dies
1698 2857 1753 2889 fe-

1022 2908 1112 2937 stus.
