<?xml version="1.0" encoding="UTF-8"?>
<!DOCTYPE html PUBLIC "-//W3C//DTD XHTML 1.0 Transitional//EN"
    "http://www.w3.org/TR/xhtml1/DTD/xhtml1-transitional.dtd">
<html xmlns="http://www.w3.org/1999/xhtml" xml:lang="en" lang="en">
 <head>
  <title>
</title>
<meta http-equiv="Content-Type" content="text/html;charset=utf-8" />
  <meta name='ocr-system' content='tesseract 3.04.00' />
  <meta name='ocr-capabilities' content='ocr_page ocr_carea ocr_par ocr_line ocrx_word'/>
</head>
<body>
  <div class='ocr_page' id='page_1' title='image "./operaquaesupersu02macruoft/operaquaesupersu02macruoft_0574.png"; bbox 0 0 1845 3131; ppageno 0'>
   <div class='ocr_carea' id='block_1_1' title="bbox 169 129 1776 1673">
    <p class='ocr_par' dir='ltr' id='par_1_1' title="bbox 169 129 1776 1673">
     <span class='ocr_line' id='line_1_1' title="bbox 231 129 1769 188; baseline -0.002 -10"><span class='ocrx_word' id='word_1_1' title='bbox 231 143 314 178; x_wconf 88' lang='lat' dir='ltr'>tum</span> <span class='ocrx_word' id='word_1_2' title='bbox 343 134 446 176; x_wconf 88' lang='lat' dir='ltr'>enim</span> <span class='ocrx_word' id='word_1_3' title='bbox 473 132 643 171; x_wconf 88' lang='lat' dir='ltr'>duarum</span> <span class='ocrx_word' id='word_1_4' title='bbox 670 129 865 171; x_wconf 82' lang='lat' dir='ltr'>vocalium</span> <span class='ocrx_word' id='word_1_5' title='bbox 889 132 1187 184; x_wconf 87' lang='lat' dir='ltr'>procurandum</span> <span class='ocrx_word' id='word_1_6' title='bbox 1215 134 1416 188; x_wconf 87' lang='lat' dir='ltr'>interponi</span> <span class='ocrx_word' id='word_1_7' title='bbox 1442 134 1544 176; x_wconf 92' lang='lat' dir='ltr'>solet</span> <span class='ocrx_word' id='word_1_8' title='bbox 1569 135 1596 175; x_wconf 87' lang='lat' dir='ltr'>d</span> <span class='ocrx_word' id='word_1_9' title='bbox 1627 134 1769 175; x_wconf 84' lang='lat' dir='ltr'>littera.</span> 
     </span>
     <span class='ocr_line' id='line_1_2' title="bbox 197 185 1771 243; baseline -0.001 -11"><span class='ocrx_word' id='word_1_10' title='bbox 197 194 340 243; x_wconf 69' lang='lat' dir='ltr'>7Ergo</span> <span class='ocrx_word' id='word_1_11' title='bbox 381 189 562 230; x_wconf 75' lang='lat' dir='ltr'>bidennes</span> <span class='ocrx_word' id='word_1_12' title='bbox 597 185 769 240; x_wconf 87' lang='lat' dir='ltr'>primum</span> <span class='ocrx_word' id='word_1_13' title='bbox 803 185 932 226; x_wconf 83' lang='lat' dir='ltr'>dictae</span> <span class='ocrx_word' id='word_1_14' title='bbox 967 192 1062 227; x_wconf 84' lang='lat' dir='ltr'>sunt</span> <span class='ocrx_word' id='word_1_15' title='bbox 1091 188 1203 241; x_wconf 84' lang='lat' dir='ltr'>quasi</span> <span class='ocrx_word' id='word_1_16' title='bbox 1244 190 1418 239; x_wconf 77' lang='lat' dir='ltr'><em>biennes,</em></span> <span class='ocrx_word' id='word_1_17' title='bbox 1460 195 1500 231; x_wconf 87' lang='lat' dir='ltr'>et</span> <span class='ocrx_word' id='word_1_18' title='bbox 1537 191 1654 243; x_wconf 83' lang='lat' dir='ltr'>longo</span> <span class='ocrx_word' id='word_1_19' title='bbox 1693 203 1771 231; x_wconf 90' lang='lat' dir='ltr'>usu</span> 
     </span>
     <span class='ocr_line' id='line_1_3' title="bbox 232 243 1770 302; baseline -0.001 -14"><span class='ocrx_word' id='word_1_20' title='bbox 232 243 421 302; x_wconf 83' lang='lat' dir='ltr'>loquendi</span> <span class='ocrx_word' id='word_1_21' title='bbox 451 247 639 295; x_wconf 88' lang='lat' dir='ltr'>corrupta</span> <span class='ocrx_word' id='word_1_22' title='bbox 667 246 727 282; x_wconf 85' lang='lat' dir='ltr'>est</span> <span class='ocrx_word' id='word_1_23' title='bbox 758 254 832 282; x_wconf 85' lang='lat' dir='ltr'>vox</span> <span class='ocrx_word' id='word_1_24' title='bbox 863 255 910 282; x_wconf 84' lang='lat' dir='ltr'>ex</span> <span class='ocrx_word' id='word_1_25' title='bbox 936 243 1169 285; x_wconf 73' lang='lat' dir='ltr'>bide-unibus</span> <span class='ocrx_word' id='word_1_26' title='bbox 1199 244 1237 284; x_wconf 92' lang='lat' dir='ltr'>in</span> <span class='ocrx_word' id='word_1_27' title='bbox 1269 246 1446 287; x_wconf 73' lang='lat' dir='ltr'>bidentes.</span> <span class='ocrx_word' id='word_1_28' title='bbox 1504 246 1683 300; x_wconf 69' lang='lat' dir='ltr'>Hyginus</span> <span class='ocrx_word' id='word_1_29' title='bbox 1711 250 1770 286; x_wconf 84' lang='lat' dir='ltr'>ta-</span> 
     </span>
     <span class='ocr_line' id='line_1_4' title="bbox 234 297 1773 355; baseline 0 -12"><span class='ocrx_word' id='word_1_30' title='bbox 234 316 344 348; x_wconf 82' lang='lat' dir='ltr'>men,</span> <span class='ocrx_word' id='word_1_31' title='bbox 373 299 442 354; x_wconf 89' lang='lat' dir='ltr'>qui</span> <span class='ocrx_word' id='word_1_32' title='bbox 472 298 533 338; x_wconf 91' lang='lat' dir='ltr'>ius</span> <span class='ocrx_word' id='word_1_33' title='bbox 563 297 811 351; x_wconf 79' lang='lat' dir='ltr'>pontificium</span> <span class='ocrx_word' id='word_1_34' title='bbox 844 312 924 337; x_wconf 90' lang='lat' dir='ltr'>non</span> <span class='ocrx_word' id='word_1_35' title='bbox 956 298 1167 351; x_wconf 74' lang='lat' dir='ltr'>ignoravit,</span> <span class='ocrx_word' id='word_1_36' title='bbox 1199 300 1238 340; x_wconf 89' lang='lat' dir='ltr'>in</span> <span class='ocrx_word' id='word_1_37' title='bbox 1269 301 1409 354; x_wconf 88' lang='lat' dir='ltr'>quinto</span> <span class='ocrx_word' id='word_1_38' title='bbox 1440 302 1634 342; x_wconf 89' lang='lat' dir='ltr'>librorum</span> <span class='ocrx_word' id='word_1_39' title='bbox 1671 314 1773 355; x_wconf 92' lang='lat' dir='ltr'>quos</span> 
     </span>
     <span class='ocr_line' id='line_1_5' title="bbox 232 353 1770 412; baseline -0.001 -14"><span class='ocrx_word' id='word_1_40' title='bbox 232 359 281 398; x_wconf 90' lang='lat' dir='ltr'>do</span> <span class='ocrx_word' id='word_1_41' title='bbox 312 355 476 407; x_wconf 70' lang='lat' dir='ltr'>Virgilio</span> <span class='ocrx_word' id='word_1_42' title='bbox 507 353 599 394; x_wconf 87' lang='lat' dir='ltr'>feeit</span> <span class='ocrx_word' id='word_1_43' title='bbox 628 354 794 394; x_wconf 76' lang='lat' dir='ltr'>bidentes</span> <span class='ocrx_word' id='word_1_44' title='bbox 833 354 1020 407; x_wconf 84' lang='lat' dir='ltr'>appellari</span> <span class='ocrx_word' id='word_1_45' title='bbox 1058 355 1214 409; x_wconf 76' lang='lat' dir='ltr'>scripsit</span> <span class='ocrx_word' id='word_1_46' title='bbox 1252 355 1401 397; x_wconf 85' lang='lat' dir='ltr'>hostias</span> <span class='ocrx_word' id='word_1_47' title='bbox 1430 370 1532 409; x_wconf 86' lang='lat' dir='ltr'>quae</span> <span class='ocrx_word' id='word_1_48' title='bbox 1565 371 1634 412; x_wconf 88' lang='lat' dir='ltr'>per</span> <span class='ocrx_word' id='word_1_49' title='bbox 1663 363 1770 397; x_wconf 82' lang='lat' dir='ltr'>aeta-</span> 
     </span>
     <span class='ocr_line' id='line_1_6' title="bbox 234 409 1772 466; baseline -0.002 -12"><span class='ocrx_word' id='word_1_50' title='bbox 234 419 312 454; x_wconf 87' lang='lat' dir='ltr'>tem</span> <span class='ocrx_word' id='word_1_51' title='bbox 339 412 440 452; x_wconf 91' lang='lat' dir='ltr'>duos</span> <span class='ocrx_word' id='word_1_52' title='bbox 471 410 608 449; x_wconf 89' lang='lat' dir='ltr'>dentes</span> <span class='ocrx_word' id='word_1_53' title='bbox 641 409 801 449; x_wconf 78' lang='lat' dir='ltr'>altiores</span> <span class='ocrx_word' id='word_1_54' title='bbox 831 409 1041 459; x_wconf 82' lang='lat' dir='ltr'>haberent,</span> <span class='ocrx_word' id='word_1_55' title='bbox 1085 425 1155 465; x_wconf 88' lang='lat' dir='ltr'>per</span> <span class='ocrx_word' id='word_1_56' title='bbox 1184 425 1285 466; x_wconf 88' lang='lat' dir='ltr'>quos</span> <span class='ocrx_word' id='word_1_57' title='bbox 1320 425 1366 452; x_wconf 79' lang='lat' dir='ltr'>ex</span> <span class='ocrx_word' id='word_1_58' title='bbox 1395 412 1549 453; x_wconf 89' lang='lat' dir='ltr'>minore</span> <span class='ocrx_word' id='word_1_59' title='bbox 1576 413 1615 453; x_wconf 92' lang='lat' dir='ltr'>in</span> <span class='ocrx_word' id='word_1_60' title='bbox 1648 412 1772 454; x_wconf 87' lang='lat' dir='ltr'>maio-</span> 
     </span>
     <span class='ocr_line' id='line_1_7' title="bbox 233 465 1080 509; baseline -0.006 1"><span class='ocrx_word' id='word_1_61' title='bbox 233 483 314 509; x_wconf 86' lang='lat' dir='ltr'>rem</span> <span class='ocrx_word' id='word_1_62' title='bbox 347 465 638 508; x_wconf 75' lang='lat' dir='ltr'>transcendisse</span> <span class='ocrx_word' id='word_1_63' title='bbox 667 470 868 505; x_wconf 86' lang='lat' dir='ltr'>constaret</span> <span class='ocrx_word' id='word_1_64' title='bbox 899 472 1080 507; x_wconf 81' lang='lat' dir='ltr'>aetatem.</span> 
     </span>
     <span class='ocr_line' id='line_1_8' title="bbox 197 520 1274 574; baseline -0.001 -10"><span class='ocrx_word' id='word_1_65' title='bbox 197 526 222 564; x_wconf 67' lang='grc' dir='ltr'>ὃ</span> <span class='ocrx_word' id='word_1_66' title='bbox 343 524 493 563; x_wconf 91' lang='lat' dir='ltr'>lterum</span> <span class='ocrx_word' id='word_1_67' title='bbox 524 520 681 574; x_wconf 85' lang='lat' dir='ltr'>quaerit</span> <span class='ocrx_word' id='word_1_68' title='bbox 706 521 882 561; x_wconf 81' lang='lat' dir='ltr'>Avienus</span> <span class='ocrx_word' id='word_1_69' title='bbox 915 522 954 561; x_wconf 91' lang='lat' dir='ltr'>in</span> <span class='ocrx_word' id='word_1_70' title='bbox 984 522 1044 562; x_wconf 85' lang='lat' dir='ltr'>his</span> <span class='ocrx_word' id='word_1_71' title='bbox 1075 522 1274 563; x_wconf 84' lang='lat' dir='ltr'>versibus:</span> 
     </span>
     <span class='ocr_line' id='line_1_9' title="bbox 432 576 1435 633; baseline 0.002 -15"><span class='ocrx_word' id='word_1_72' title='bbox 432 578 562 618; x_wconf 76' lang='lat' dir='ltr'>Frena</span> <span class='ocrx_word' id='word_1_73' title='bbox 593 576 834 617; x_wconf 68' lang='lat' dir='ltr'>Pelethronii</span> <span class='ocrx_word' id='word_1_74' title='bbox 860 578 1047 633; x_wconf 75' lang='lat' dir='ltr'>Lapithae</span> <span class='ocrx_word' id='word_1_75' title='bbox 1076 593 1268 633; x_wconf 74' lang='lat' dir='ltr'>9yrosque</span> <span class='ocrx_word' id='word_1_76' title='bbox 1298 579 1435 620; x_wconf 78' lang='lat' dir='ltr'><em>dedere</em></span> 
     </span>
     <span class='ocr_line' id='line_1_10' title="bbox 434 632 1545 689; baseline 0.002 -16"><span class='ocrx_word' id='word_1_77' title='bbox 434 632 606 687; x_wconf 77' lang='lat' dir='ltr'>Inpositi</span> <span class='ocrx_word' id='word_1_78' title='bbox 633 632 770 680; x_wconf 84' lang='lat' dir='ltr'>dorse,</span> <span class='ocrx_word' id='word_1_79' title='bbox 797 640 910 687; x_wconf 74' lang='lat' dir='ltr'>atque</span> <span class='ocrx_word' id='word_1_80' title='bbox 938 635 1098 689; x_wconf 76' lang='lat' dir='ltr'>equitem</span> <span class='ocrx_word' id='word_1_81' title='bbox 1124 635 1289 676; x_wconf 77' lang='lat' dir='ltr'><em>docuere</em></span> <span class='ocrx_word' id='word_1_82' title='bbox 1320 636 1389 675; x_wconf 81' lang='lat' dir='ltr'>sub</span> <span class='ocrx_word' id='word_1_83' title='bbox 1422 635 1545 676; x_wconf 79' lang='lat' dir='ltr'>armis</span> 
     </span>
     <span class='ocr_line' id='line_1_11' title="bbox 435 688 1453 745; baseline 0.003 -17"><span class='ocrx_word' id='word_1_84' title='bbox 435 688 631 728; x_wconf 74' lang='lat' dir='ltr'><em>Insultare</em></span> <span class='ocrx_word' id='word_1_85' title='bbox 654 688 733 728; x_wconf 84' lang='lat' dir='ltr'>solo</span> <span class='ocrx_word' id='word_1_86' title='bbox 768 696 801 728; x_wconf 80' lang='lat' dir='ltr'>et</span> <span class='ocrx_word' id='word_1_87' title='bbox 828 703 982 742; x_wconf 74' lang='lat' dir='ltr'>yressus</span> <span class='ocrx_word' id='word_1_88' title='bbox 1009 691 1226 744; x_wconf 73' lang='lat' dir='ltr'>ylomerare</span> <span class='ocrx_word' id='word_1_89' title='bbox 1253 691 1453 745; x_wconf 78' lang='lat' dir='ltr'>superbos,</span> 
     </span>
     <span class='ocr_line' id='line_1_12' title="bbox 237 742 1776 798; baseline 0.001 -13"><span class='ocrx_word' id='word_1_90' title='bbox 237 758 308 786; x_wconf 87' lang='lat' dir='ltr'>eur</span> <span class='ocrx_word' id='word_1_91' title='bbox 337 744 527 797; x_wconf 76' lang='lat' dir='ltr'>Virgilius</span> <span class='ocrx_word' id='word_1_92' title='bbox 557 742 650 795; x_wconf 83' lang='lat' dir='ltr'>equi</span> <span class='ocrx_word' id='word_1_93' title='bbox 680 742 856 783; x_wconf 78' lang='lat' dir='ltr'>officium</span> <span class='ocrx_word' id='word_1_94' title='bbox 888 745 1012 798; x_wconf 89' lang='lat' dir='ltr'>equiti</span> <span class='ocrx_word' id='word_1_95' title='bbox 1040 745 1223 786; x_wconf 81' lang='lat' dir='ltr'><em>dederit?</em></span> <span class='ocrx_word' id='word_1_96' title='bbox 1282 746 1381 787; x_wconf 86' lang='lat' dir='ltr'>Nam</span> <span class='ocrx_word' id='word_1_97' title='bbox 1411 746 1601 787; x_wconf 71' lang='lat' dir='ltr'>insultare</span> <span class='ocrx_word' id='word_1_98' title='bbox 1624 746 1704 786; x_wconf 85' lang='lat' dir='ltr'>solo</span> <span class='ocrx_word' id='word_1_99' title='bbox 1735 750 1776 786; x_wconf 84' lang='lat' dir='ltr'>et</span> 
     </span>
     <span class='ocr_line' id='line_1_13' title="bbox 198 797 1776 855; baseline 0.001 -17"><span class='ocrx_word' id='word_1_100' title='bbox 198 802 449 854; x_wconf 68' lang='lat' dir='ltr'>tlylomerare</span> <span class='ocrx_word' id='word_1_101' title='bbox 480 813 635 853; x_wconf 56' lang='lat' dir='ltr'>gressus</span> <span class='ocrx_word' id='word_1_102' title='bbox 672 797 764 852; x_wconf 86' lang='lat' dir='ltr'>equi</span> <span class='ocrx_word' id='word_1_103' title='bbox 797 805 953 840; x_wconf 86' lang='lat' dir='ltr'>constat</span> <span class='ocrx_word' id='word_1_104' title='bbox 994 813 1097 849; x_wconf 85' lang='lat' dir='ltr'>csse,</span> <span class='ocrx_word' id='word_1_105' title='bbox 1140 815 1220 840; x_wconf 89' lang='lat' dir='ltr'>non</span> <span class='ocrx_word' id='word_1_106' title='bbox 1257 801 1415 854; x_wconf 88' lang='lat' dir='ltr'>equitis.</span> <span class='ocrx_word' id='word_1_107' title='bbox 1473 803 1601 849; x_wconf 87' lang='lat' dir='ltr'>Bene,</span> <span class='ocrx_word' id='word_1_108' title='bbox 1645 800 1776 855; x_wconf 88' lang='lat' dir='ltr'>inquit</span> 
     </span>
     <span class='ocr_line' id='line_1_14' title="bbox 237 853 1774 907; baseline 0 -11"><span class='ocrx_word' id='word_1_109' title='bbox 237 855 416 896; x_wconf 73' lang='lat' dir='ltr'>Servius:</span> <span class='ocrx_word' id='word_1_110' title='bbox 463 854 557 894; x_wconf 72' lang='lat' dir='ltr'>llaec</span> <span class='ocrx_word' id='word_1_111' title='bbox 588 853 660 893; x_wconf 87' lang='lat' dir='ltr'>tibi</span> <span class='ocrx_word' id='word_1_112' title='bbox 698 855 879 907; x_wconf 79' lang='lat' dir='ltr'>quaestio</span> <span class='ocrx_word' id='word_1_113' title='bbox 911 860 1002 896; x_wconf 82' lang='lat' dir='ltr'>nata</span> <span class='ocrx_word' id='word_1_114' title='bbox 1040 861 1101 896; x_wconf 85' lang='lat' dir='ltr'>est</span> <span class='ocrx_word' id='word_1_115' title='bbox 1140 869 1186 895; x_wconf 80' lang='lat' dir='ltr'>ex</span> <span class='ocrx_word' id='word_1_116' title='bbox 1227 856 1379 897; x_wconf 83' lang='lat' dir='ltr'>incuria</span> <span class='ocrx_word' id='word_1_117' title='bbox 1408 857 1550 897; x_wconf 85' lang='lat' dir='ltr'>veteris</span> <span class='ocrx_word' id='word_1_118' title='bbox 1581 856 1774 896; x_wconf 79' lang='lat' dir='ltr'>lectionis,</span> 
     </span>
     <span class='ocr_line' id='line_1_15' title="bbox 238 909 1776 964; baseline 0.001 -13"><span class='ocrx_word' id='word_1_119' title='bbox 238 912 337 952; x_wconf 90' lang='lat' dir='ltr'>Nam</span> <span class='ocrx_word' id='word_1_120' title='bbox 376 910 468 964; x_wconf 85' lang='lat' dir='ltr'>quia</span> <span class='ocrx_word' id='word_1_121' title='bbox 508 909 685 949; x_wconf 85' lang='lat' dir='ltr'>seculum</span> <span class='ocrx_word' id='word_1_122' title='bbox 717 915 898 951; x_wconf 89' lang='lat' dir='ltr'>nostrum</span> <span class='ocrx_word' id='word_1_123' title='bbox 927 912 975 951; x_wconf 85' lang='lat' dir='ltr'>ab</span> <span class='ocrx_word' id='word_1_124' title='bbox 1006 911 1138 951; x_wconf 88' lang='lat' dir='ltr'>Ennio</span> <span class='ocrx_word' id='word_1_125' title='bbox 1167 916 1206 951; x_wconf 88' lang='lat' dir='ltr'>et</span> <span class='ocrx_word' id='word_1_126' title='bbox 1236 912 1343 952; x_wconf 89' lang='lat' dir='ltr'>omni</span> <span class='ocrx_word' id='word_1_127' title='bbox 1376 911 1614 953; x_wconf 77' lang='lat' dir='ltr'>bibliotheca</span> <span class='ocrx_word' id='word_1_128' title='bbox 1643 916 1776 952; x_wconf 85' lang='lat' dir='ltr'>vetere</span> 
     </span>
     <span class='ocr_line' id='line_1_16' title="bbox 169 965 1774 1023; baseline -0.003 -10"><span class='ocrx_word' id='word_1_129' title='bbox 169 967 445 1023; x_wconf 69' lang='lat' dir='ltr'>{iosjtlescivit‚</span> <span class='ocrx_word' id='word_1_130' title='bbox 482 965 606 1005; x_wconf 83' lang='lat' dir='ltr'>inulta</span> <span class='ocrx_word' id='word_1_131' title='bbox 633 965 884 1019; x_wconf 77' lang='lat' dir='ltr'>ignoramus,</span> <span class='ocrx_word' id='word_1_132' title='bbox 914 980 1018 1021; x_wconf 86' lang='lat' dir='ltr'>quae</span> <span class='ocrx_word' id='word_1_133' title='bbox 1054 981 1134 1007; x_wconf 87' lang='lat' dir='ltr'>non</span> <span class='ocrx_word' id='word_1_134' title='bbox 1165 967 1354 1017; x_wconf 83' lang='lat' dir='ltr'>laterent,</span> <span class='ocrx_word' id='word_1_135' title='bbox 1386 968 1417 1008; x_wconf 90' lang='lat' dir='ltr'>si</span> <span class='ocrx_word' id='word_1_136' title='bbox 1448 973 1625 1008; x_wconf 87' lang='lat' dir='ltr'>veterum</span> <span class='ocrx_word' id='word_1_137' title='bbox 1656 967 1774 1008; x_wconf 88' lang='lat' dir='ltr'>lectio</span> 
     </span>
     <span class='ocr_line' id='line_1_17' title="bbox 235 1020 1774 1077; baseline -0.001 -14"><span class='ocrx_word' id='word_1_138' title='bbox 235 1023 350 1063; x_wconf 89' lang='lat' dir='ltr'>nobis</span> <span class='ocrx_word' id='word_1_139' title='bbox 378 1026 482 1062; x_wconf 86' lang='lat' dir='ltr'>osset</span> <span class='ocrx_word' id='word_1_140' title='bbox 510 1020 723 1062; x_wconf 80' lang='lat' dir='ltr'>familiaris.</span> <span class='ocrx_word' id='word_1_141' title='bbox 785 1022 939 1063; x_wconf 81' lang='lat' dir='ltr'>Omnes</span> <span class='ocrx_word' id='word_1_142' title='bbox 975 1022 1080 1063; x_wconf 87' lang='lat' dir='ltr'>enim</span> <span class='ocrx_word' id='word_1_143' title='bbox 1119 1023 1273 1077; x_wconf 90' lang='lat' dir='ltr'>antiqui</span> <span class='ocrx_word' id='word_1_144' title='bbox 1317 1023 1529 1077; x_wconf 74' lang='lat' dir='ltr'>scriptores</span> <span class='ocrx_word' id='word_1_145' title='bbox 1563 1028 1611 1063; x_wconf 86' lang='lat' dir='ltr'>ut</span> <span class='ocrx_word' id='word_1_146' title='bbox 1647 1022 1774 1063; x_wconf 83' lang='lat' dir='ltr'>homi-</span> 
     </span>
     <span class='ocr_line' id='line_1_18' title="bbox 237 1076 1775 1133; baseline -0.001 -14"><span class='ocrx_word' id='word_1_147' title='bbox 237 1092 325 1120; x_wconf 91' lang='lat' dir='ltr'>nem</span> <span class='ocrx_word' id='word_1_148' title='bbox 365 1091 469 1131; x_wconf 90' lang='lat' dir='ltr'>equo</span> <span class='ocrx_word' id='word_1_149' title='bbox 509 1076 766 1125; x_wconf 83' lang='lat' dir='ltr'>insidentem,</span> <span class='ocrx_word' id='word_1_150' title='bbox 815 1078 868 1118; x_wconf 85' lang='lat' dir='ltr'>ita</span> <span class='ocrx_word' id='word_1_151' title='bbox 912 1084 952 1118; x_wconf 90' lang='lat' dir='ltr'>et</span> <span class='ocrx_word' id='word_1_152' title='bbox 992 1092 1165 1132; x_wconf 88' lang='lat' dir='ltr'>equum,</span> <span class='ocrx_word' id='word_1_153' title='bbox 1208 1093 1298 1119; x_wconf 87' lang='lat' dir='ltr'>cum</span> <span class='ocrx_word' id='word_1_154' title='bbox 1340 1084 1518 1133; x_wconf 88' lang='lat' dir='ltr'>portaret</span> <span class='ocrx_word' id='word_1_155' title='bbox 1557 1077 1775 1126; x_wconf 88' lang='lat' dir='ltr'>hominem,</span> 
     </span>
     <span class='ocr_line' id='line_1_19' title="bbox 237 1134 1774 1190; baseline -0.001 -15"><span class='ocrx_word' id='word_1_156' title='bbox 237 1135 397 1190; x_wconf 79' lang='lat' dir='ltr'>equitem</span> <span class='ocrx_word' id='word_1_157' title='bbox 426 1137 685 1181; x_wconf 78' lang='lat' dir='ltr'>vocaverunt,</span> <span class='ocrx_word' id='word_1_158' title='bbox 733 1139 772 1173; x_wconf 87' lang='lat' dir='ltr'>et</span> <span class='ocrx_word' id='word_1_159' title='bbox 805 1135 975 1189; x_wconf 79' lang='lat' dir='ltr'>equitare</span> <span class='ocrx_word' id='word_1_160' title='bbox 1006 1148 1085 1175; x_wconf 90' lang='lat' dir='ltr'>non</span> <span class='ocrx_word' id='word_1_161' title='bbox 1115 1134 1316 1175; x_wconf 88' lang='lat' dir='ltr'>bominem</span> <span class='ocrx_word' id='word_1_162' title='bbox 1344 1140 1500 1175; x_wconf 80' lang='lat' dir='ltr'>tantum</span> <span class='ocrx_word' id='word_1_163' title='bbox 1527 1134 1594 1175; x_wconf 85' lang='lat' dir='ltr'>sed</span> <span class='ocrx_word' id='word_1_164' title='bbox 1625 1147 1774 1188; x_wconf 87' lang='lat' dir='ltr'>equum</span> 
     </span>
     <span class='ocr_line' id='line_1_20' title="bbox 178 1188 1517 1245; baseline 0.001 -15"><span class='ocrx_word' id='word_1_165' title='bbox 178 1193 400 1244; x_wconf 88' lang='lat' dir='ltr'>l()quoque</span> <span class='ocrx_word' id='word_1_166' title='bbox 430 1188 625 1228; x_wconf 84' lang='lat' dir='ltr'>dixerunt.</span> <span class='ocrx_word' id='word_1_167' title='bbox 678 1189 834 1229; x_wconf 89' lang='lat' dir='ltr'>Ennius</span> <span class='ocrx_word' id='word_1_168' title='bbox 865 1190 966 1229; x_wconf 88' lang='lat' dir='ltr'>libro</span> <span class='ocrx_word' id='word_1_169' title='bbox 997 1190 1212 1231; x_wconf 82' lang='lat' dir='ltr'>Annalium</span> <span class='ocrx_word' id='word_1_170' title='bbox 1245 1191 1414 1245; x_wconf 87' lang='lat' dir='ltr'>septimo</span> <span class='ocrx_word' id='word_1_171' title='bbox 1446 1190 1517 1231; x_wconf 88' lang='lat' dir='ltr'>ait:</span> 
     </span>
     <span class='ocr_line' id='line_1_21' title="bbox 439 1245 1601 1302; baseline 0.002 -18"><span class='ocrx_word' id='word_1_172' title='bbox 439 1245 616 1298; x_wconf 75' lang='lat' dir='ltr'>Denique</span> <span class='ocrx_word' id='word_1_173' title='bbox 640 1246 682 1285; x_wconf 50' lang='lat' dir='ltr'>‘ri</span> <span class='ocrx_word' id='word_1_174' title='bbox 704 1259 848 1300; x_wconf 72' lang='lat' dir='ltr'>muqna</span> <span class='ocrx_word' id='word_1_175' title='bbox 878 1246 1102 1301; x_wconf 76' lang='lat' dir='ltr'>quadrupes</span> <span class='ocrx_word' id='word_1_176' title='bbox 1130 1261 1240 1302; x_wconf 80' lang='lat' dir='ltr'><em>eques</em></span> <span class='ocrx_word' id='word_1_177' title='bbox 1265 1255 1376 1302; x_wconf 81' lang='lat' dir='ltr'>atque</span> <span class='ocrx_word' id='word_1_178' title='bbox 1404 1247 1601 1301; x_wconf 70' lang='lat' dir='ltr'>elephanti</span> 
     </span>
     <span class='ocr_line' id='line_1_22' title="bbox 437 1300 755 1341; baseline 0.006 -2"><span class='ocrx_word' id='word_1_179' title='bbox 437 1300 643 1340; x_wconf 75' lang='lat' dir='ltr'>Proiciunt</span> <span class='ocrx_word' id='word_1_180' title='bbox 666 1315 755 1341; x_wconf 82' lang='lat' dir='ltr'>sese.</span> 
     </span>
     <span class='ocr_line' id='line_1_23' title="bbox 237 1354 1772 1409; baseline 0 -13"><span class='ocrx_word' id='word_1_181' title='bbox 237 1355 441 1408; x_wconf 82' lang='lat' dir='ltr'>Numquid</span> <span class='ocrx_word' id='word_1_182' title='bbox 481 1354 647 1394; x_wconf 88' lang='lat' dir='ltr'>dubium</span> <span class='ocrx_word' id='word_1_183' title='bbox 679 1361 739 1395; x_wconf 90' lang='lat' dir='ltr'>est</span> <span class='ocrx_word' id='word_1_184' title='bbox 775 1355 871 1408; x_wconf 89' lang='lat' dir='ltr'>quin</span> <span class='ocrx_word' id='word_1_185' title='bbox 902 1357 1063 1409; x_wconf 75' lang='lat' dir='ltr'>equitem</span> <span class='ocrx_word' id='word_1_186' title='bbox 1092 1356 1130 1395; x_wconf 92' lang='lat' dir='ltr'>in</span> <span class='ocrx_word' id='word_1_187' title='bbox 1162 1356 1237 1396; x_wconf 91' lang='lat' dir='ltr'>hoc</span> <span class='ocrx_word' id='word_1_188' title='bbox 1269 1357 1356 1397; x_wconf 91' lang='lat' dir='ltr'>loco</span> <span class='ocrx_word' id='word_1_189' title='bbox 1381 1356 1510 1409; x_wconf 89' lang='lat' dir='ltr'>ipsum</span> <span class='ocrx_word' id='word_1_190' title='bbox 1539 1368 1689 1409; x_wconf 86' lang='lat' dir='ltr'>equum</span> <span class='ocrx_word' id='word_1_191' title='bbox 1715 1356 1772 1397; x_wconf 86' lang='lat' dir='ltr'>di-</span> 
     </span>
     <span class='ocr_line' id='line_1_24' title="bbox 176 1410 1773 1467; baseline 0 -15"><span class='ocrx_word' id='word_1_192' title='bbox 176 1415 217 1453; x_wconf 90' lang='grc'>11</span> <span class='ocrx_word' id='word_1_193' title='bbox 238 1411 359 1459; x_wconf 81' lang='lat' dir='ltr'>xerit‚</span> <span class='ocrx_word' id='word_1_194' title='bbox 402 1424 491 1450; x_wconf 81' lang='lat' dir='ltr'>eum</span> <span class='ocrx_word' id='word_1_195' title='bbox 523 1410 741 1450; x_wconf 84' lang='lat' dir='ltr'>addidisset</span> <span class='ocrx_word' id='word_1_196' title='bbox 775 1410 829 1449; x_wconf 90' lang='lat' dir='ltr'>illi</span> <span class='ocrx_word' id='word_1_197' title='bbox 865 1410 1068 1465; x_wconf 84' lang='lat' dir='ltr'><em>epitheton</em></span> <span class='ocrx_word' id='word_1_198' title='bbox 1105 1412 1357 1467; x_wconf 76' lang='lat' dir='ltr'>quadrupes?</span> <span class='ocrx_word' id='word_1_199' title='bbox 1416 1411 1481 1452; x_wconf 83' lang='lat' dir='ltr'>Sic</span> <span class='ocrx_word' id='word_1_200' title='bbox 1513 1416 1552 1452; x_wconf 83' lang='lat' dir='ltr'>ct</span> <span class='ocrx_word' id='word_1_201' title='bbox 1589 1413 1773 1467; x_wconf 77' lang='lat' dir='ltr'>equitare,</span> 
     </span>
     <span class='ocr_line' id='line_1_25' title="bbox 239 1466 1773 1521; baseline 0 -15"><span class='ocrx_word' id='word_1_202' title='bbox 239 1466 347 1520; x_wconf 85' lang='lat' dir='ltr'>quod</span> <span class='ocrx_word' id='word_1_203' title='bbox 384 1466 548 1506; x_wconf 69' lang='lat' dir='ltr'>verbum</span> <span class='ocrx_word' id='word_1_204' title='bbox 588 1479 609 1506; x_wconf 89' lang='lat' dir='ltr'>e</span> <span class='ocrx_word' id='word_1_205' title='bbox 639 1466 834 1506; x_wconf 72' lang='lat' dir='ltr'>vocabulo</span> <span class='ocrx_word' id='word_1_206' title='bbox 874 1468 1011 1521; x_wconf 79' lang='lat' dir='ltr'>equitis</span> <span class='ocrx_word' id='word_1_207' title='bbox 1040 1466 1272 1507; x_wconf 80' lang='lat' dir='ltr'>inclinatum</span> <span class='ocrx_word' id='word_1_208' title='bbox 1302 1472 1377 1517; x_wconf 89' lang='lat' dir='ltr'>est,</span> <span class='ocrx_word' id='word_1_209' title='bbox 1422 1472 1461 1507; x_wconf 88' lang='lat' dir='ltr'>ct</span> <span class='ocrx_word' id='word_1_210' title='bbox 1495 1466 1616 1507; x_wconf 88' lang='lat' dir='ltr'>homo</span> <span class='ocrx_word' id='word_1_211' title='bbox 1655 1472 1773 1508; x_wconf 86' lang='lat' dir='ltr'>utens</span> 
     </span>
     <span class='ocr_line' id='line_1_26' title="bbox 237 1521 1774 1577; baseline 0.001 -15"><span class='ocrx_word' id='word_1_212' title='bbox 237 1535 343 1575; x_wconf 87' lang='lat' dir='ltr'>equo</span> <span class='ocrx_word' id='word_1_213' title='bbox 373 1527 413 1561; x_wconf 90' lang='lat' dir='ltr'>ct</span> <span class='ocrx_word' id='word_1_214' title='bbox 441 1535 568 1575; x_wconf 90' lang='lat' dir='ltr'>equus</span> <span class='ocrx_word' id='word_1_215' title='bbox 600 1522 675 1562; x_wconf 89' lang='lat' dir='ltr'>sub</span> <span class='ocrx_word' id='word_1_216' title='bbox 707 1521 870 1562; x_wconf 88' lang='lat' dir='ltr'>homino</span> <span class='ocrx_word' id='word_1_217' title='bbox 898 1521 1079 1574; x_wconf 79' lang='lat' dir='ltr'>gradiens</span> <span class='ocrx_word' id='word_1_218' title='bbox 1106 1522 1323 1563; x_wconf 83' lang='lat' dir='ltr'>dicebatur.</span> <span class='ocrx_word' id='word_1_219' title='bbox 1382 1521 1558 1562; x_wconf 82' lang='lat' dir='ltr'>Lucilius</span> <span class='ocrx_word' id='word_1_220' title='bbox 1587 1536 1774 1577; x_wconf 87' lang='lat' dir='ltr'>namque,</span> 
     </span>
     <span class='ocr_line' id='line_1_27' title="bbox 236 1576 1773 1633; baseline 0.001 -16"><span class='ocrx_word' id='word_1_221' title='bbox 236 1578 294 1617; x_wconf 82' lang='lat' dir='ltr'>vir</span> <span class='ocrx_word' id='word_1_222' title='bbox 336 1576 514 1631; x_wconf 83' lang='lat' dir='ltr'>adprime</span> <span class='ocrx_word' id='word_1_223' title='bbox 563 1576 721 1630; x_wconf 80' lang='lat' dir='ltr'>linguae</span> <span class='ocrx_word' id='word_1_224' title='bbox 764 1576 928 1617; x_wconf 88' lang='lat' dir='ltr'>Latinae</span> <span class='ocrx_word' id='word_1_225' title='bbox 957 1577 1099 1632; x_wconf 32' lang='lat' dir='ltr'>ssscius‚</span> <span class='ocrx_word' id='word_1_226' title='bbox 1147 1591 1294 1633; x_wconf 90' lang='lat' dir='ltr'>equum</span> <span class='ocrx_word' id='word_1_227' title='bbox 1339 1577 1518 1632; x_wconf 86' lang='lat' dir='ltr'>equitare</span> <span class='ocrx_word' id='word_1_228' title='bbox 1559 1577 1655 1619; x_wconf 88' lang='lat' dir='ltr'>dicit</span> <span class='ocrx_word' id='word_1_229' title='bbox 1697 1578 1773 1619; x_wconf 91' lang='lat' dir='ltr'>hoc</span> 
     </span>
     <span class='ocr_line' id='line_1_28' title="bbox 235 1645 373 1673; baseline 0 0"><span class='ocrx_word' id='word_1_230' title='bbox 235 1645 373 1673; x_wconf 64' lang='lat' dir='ltr'>versu:</span> 
     </span>
    </p>
   </div>
   <div class='ocr_carea' id='block_1_2' title="bbox 328 1743 600 1786">
    <p class='ocr_par' dir='ltr' id='par_1_2' title="bbox 328 1743 600 1786">
     <span class='ocr_line' id='line_1_29' title="bbox 328 1743 600 1786; baseline -0.007 -10"><span class='ocrx_word' id='word_1_231' title='bbox 328 1744 432 1786; x_wconf 74' lang='lat' dir='ltr'>[Hss.</span> <span class='ocrx_word' id='word_1_232' title='bbox 461 1743 600 1775; x_wconf 75' lang='lat' dir='ltr'>APSM.</span> 
     </span>
    </p>
   </div>
   <div class='ocr_carea' id='block_1_3' title="bbox 233 1798 1774 2019">
    <p class='ocr_par' dir='ltr' id='par_1_3' title="bbox 233 1798 1774 2019">
     <span class='ocr_line' id='line_1_30' title="bbox 324 1798 1774 1841; baseline 0.001 -11"><span class='ocrx_word' id='word_1_233' title='bbox 324 1803 358 1830; x_wconf 84' lang='lat'>7.</span> <span class='ocrx_word' id='word_1_234' title='bbox 400 1800 566 1831; x_wconf 76' lang='lat' dir='ltr'>bidentes</span> <span class='ocrx_word' id='word_1_235' title='bbox 592 1798 668 1830; x_wconf 82' lang='lat' dir='ltr'>SM.</span> <span class='ocrx_word' id='word_1_236' title='bbox 705 1817 747 1822; x_wconf 91' lang='lat'><em>—</em></span> <span class='ocrx_word' id='word_1_237' title='bbox 778 1811 818 1832; x_wconf 74' lang='lat' dir='ltr'>cx</span> <span class='ocrx_word' id='word_1_238' title='bbox 843 1801 1044 1832; x_wconf 79' lang='lat' dir='ltr'>bidennibns</span> <span class='ocrx_word' id='word_1_239' title='bbox 1068 1805 1105 1833; x_wconf 85' lang='lat' dir='ltr'>et</span> <span class='ocrx_word' id='word_1_240' title='bbox 1135 1801 1286 1833; x_wconf 80' lang='lat' dir='ltr'>bidentes</span> <span class='ocrx_word' id='word_1_241' title='bbox 1308 1800 1397 1832; x_wconf 71' lang='lat' dir='ltr'>Ama</span> <span class='ocrx_word' id='word_1_242' title='bbox 1424 1800 1528 1841; x_wconf 73' lang='lat' dir='ltr'>(SHI</span> <span class='ocrx_word' id='word_1_243' title='bbox 1554 1799 1774 1841; x_wconf 81' lang='lat' dir='ltr'>bidentibus).</span> 
     </span>
     <span class='ocr_line' id='line_1_31' title="bbox 237 1843 1773 1887; baseline -0.001 -12"><span class='ocrx_word' id='word_1_244' title='bbox 237 1848 274 1875; x_wconf 81' lang='lat' dir='ltr'>ct</span> <span class='ocrx_word' id='word_1_245' title='bbox 300 1853 339 1875; x_wconf 63' lang='lat' dir='ltr'>ea*</span> <span class='ocrx_word' id='word_1_246' title='bbox 359 1843 563 1875; x_wconf 82' lang='lat' dir='ltr'>bidennibus</span> <span class='ocrx_word' id='word_1_247' title='bbox 583 1844 736 1876; x_wconf 78' lang='lat' dir='ltr'>bidentes</span> <span class='ocrx_word' id='word_1_248' title='bbox 761 1845 904 1876; x_wconf 84' lang='lat' dir='ltr'>dictae</span> <span class='ocrx_word' id='word_1_249' title='bbox 928 1856 1008 1887; x_wconf 67' lang='lat' dir='ltr'>v-g.</span> <span class='ocrx_word' id='word_1_250' title='bbox 1042 1845 1178 1884; x_wconf 70' lang='lat' dir='ltr'>„Forte</span> <span class='ocrx_word' id='word_1_251' title='bbox 1198 1847 1320 1884; x_wconf 82' lang='lat' dir='ltr'>factae</span> <span class='ocrx_word' id='word_1_252' title='bbox 1345 1855 1408 1886; x_wconf 85' lang='lat' dir='ltr'>pro</span> <span class='ocrx_word' id='word_1_253' title='bbox 1430 1845 1554 1877; x_wconf 84' lang='lat' dir='ltr'>dictae.</span> <span class='ocrx_word' id='word_1_254' title='bbox 1589 1843 1652 1875; x_wconf 84' lang='lat' dir='ltr'>Sic</span> <span class='ocrx_word' id='word_1_255' title='bbox 1675 1848 1773 1876; x_wconf 80' lang='lat' dir='ltr'>certe</span> 
     </span>
     <span class='ocr_line' id='line_1_32' title="bbox 237 1887 1774 1930; baseline 0.001 -12"><span class='ocrx_word' id='word_1_256' title='bbox 237 1887 331 1928; x_wconf 79' lang='lat' dir='ltr'>apud</span> <span class='ocrx_word' id='word_1_257' title='bbox 367 1887 528 1918; x_wconf 81' lang='lat' dir='ltr'>Gellium</span> <span class='ocrx_word' id='word_1_258' title='bbox 569 1888 591 1918; x_wconf 93' lang='grc' dir='ltr'>Ι.</span> <span class='ocrx_word' id='word_1_259' title='bbox 629 1889 651 1919; x_wconf 94' lang='grc' dir='ltr'>Ι.</span> <span class='ocrx_word' id='word_1_260' title='bbox 687 1888 866 1930; x_wconf 68' lang='lat' dir='ltr'>legitur.²⁴</span> <span class='ocrx_word' id='word_1_261' title='bbox 900 1889 1013 1921; x_wconf 80' lang='lat' dir='ltr'>Zeun.</span> <span class='ocrx_word' id='word_1_262' title='bbox 1063 1901 1102 1921; x_wconf 65' lang='lat' dir='ltr'>ex</span> <span class='ocrx_word' id='word_1_263' title='bbox 1138 1890 1338 1921; x_wconf 85' lang='lat' dir='ltr'>bidenuibus</span> <span class='ocrx_word' id='word_1_264' title='bbox 1372 1894 1405 1921; x_wconf 86' lang='lat' dir='ltr'>et</span> <span class='ocrx_word' id='word_1_265' title='bbox 1442 1889 1594 1921; x_wconf 77' lang='lat' dir='ltr'>bidentes</span> <span class='ocrx_word' id='word_1_266' title='bbox 1629 1889 1774 1920; x_wconf 67' lang='lat' dir='ltr'>(lictae</span> 
     </span>
     <span class='ocr_line' id='line_1_33' title="bbox 236 1932 1774 1975; baseline 0.001 -13"><span class='ocrx_word' id='word_1_267' title='bbox 236 1932 394 1971; x_wconf 77' lang='lat' dir='ltr'>„Ben.“.</span> <span class='ocrx_word' id='word_1_268' title='bbox 441 1936 480 1963; x_wconf 82' lang='lat' dir='ltr'>ct</span> <span class='ocrx_word' id='word_1_269' title='bbox 513 1942 552 1963; x_wconf 75' lang='lat' dir='ltr'>ex</span> <span class='ocrx_word' id='word_1_270' title='bbox 579 1932 764 1964; x_wconf 83' lang='lat' dir='ltr'>bientibus</span> <span class='ocrx_word' id='word_1_271' title='bbox 789 1934 940 1965; x_wconf 83' lang='lat' dir='ltr'>bidentes</span> <span class='ocrx_word' id='word_1_272' title='bbox 964 1936 1120 1975; x_wconf 81' lang='lat' dir='ltr'>factae</span> <span class='ocrx_word' id='word_1_273' title='bbox 1146 1934 1214 1964; x_wconf 73' lang='lat' dir='ltr'>Me.</span> <span class='ocrx_word' id='word_1_274' title='bbox 1263 1939 1299 1966; x_wconf 79' lang='lat' dir='ltr'>ct</span> <span class='ocrx_word' id='word_1_275' title='bbox 1327 1944 1366 1965; x_wconf 65' lang='lat' dir='ltr'>er</span> <span class='ocrx_word' id='word_1_276' title='bbox 1395 1934 1598 1965; x_wconf 85' lang='lat' dir='ltr'>bidcnnibus</span> <span class='ocrx_word' id='word_1_277' title='bbox 1622 1933 1774 1964; x_wconf 81' lang='lat' dir='ltr'>bidentes</span> 
     </span>
     <span class='ocr_line' id='line_1_34' title="bbox 233 1975 1772 2019; baseline 0.001 -12"><span class='ocrx_word' id='word_1_278' title='bbox 233 1978 404 2015; x_wconf 75' lang='lat' dir='ltr'>factum</span> <span class='ocrx_word' id='word_1_279' title='bbox 429 1975 571 2007; x_wconf 54' lang='grc'><strong>(11611.-</strong></span> <span class='ocrx_word' id='word_1_280' title='bbox 600 1978 812 2018; x_wconf 75' lang='lat' dir='ltr'>pontificum</span> <span class='ocrx_word' id='word_1_281' title='bbox 833 1980 939 2019; x_wconf 64' lang='lat' dir='ltr'>Sv-g.</span> <span class='ocrx_word' id='word_1_282' title='bbox 967 1996 998 2000; x_wconf 86' lang='lat'>—-</span> <span class='ocrx_word' id='word_1_283' title='bbox 1028 1983 1181 2019; x_wconf 83' lang='lat' dir='ltr'>quarto</span> <span class='ocrx_word' id='word_1_284' title='bbox 1200 1977 1296 2008; x_wconf 86' lang='lat' dir='ltr'>Gcll.</span> <span class='ocrx_word' id='word_1_285' title='bbox 1430 1980 1461 2008; x_wconf 84' lang='lat'>8.</span> <span class='ocrx_word' id='word_1_286' title='bbox 1493 1977 1619 2018; x_wconf 85' lang='lat' dir='ltr'>Frena]</span> <span class='ocrx_word' id='word_1_287' title='bbox 1637 1977 1772 2018; x_wconf 82' lang='lat' dir='ltr'>Georg.</span> 
     </span>
    </p>
   </div>
   <div class='ocr_carea' id='block_1_4' title="bbox 238 2019 1772 2150">
    <p class='ocr_par' dir='ltr' id='par_1_4' title="bbox 238 2019 1772 2150">
     <span class='ocr_line' id='line_1_35' title="bbox 239 2019 1772 2064; baseline 0.002 -15"><span class='ocrx_word' id='word_1_288' title='bbox 239 2019 309 2057; x_wconf 88' lang='grc'><strong>111,</strong></span> <span class='ocrx_word' id='word_1_289' title='bbox 339 2022 412 2050; x_wconf 85' lang='lat'>115.</span> <span class='ocrx_word' id='word_1_290' title='bbox 450 2037 489 2041; x_wconf 97' lang='lat'><strong>—</strong></span> <span class='ocrx_word' id='word_1_291' title='bbox 528 2020 640 2051; x_wconf 83' lang='lat' dir='ltr'>Frena</span> <span class='ocrx_word' id='word_1_292' title='bbox 741 2021 895 2062; x_wconf 81' lang='lat' dir='ltr'>equitare</span> <span class='ocrx_word' id='word_1_293' title='bbox 922 2021 1089 2064; x_wconf 77' lang='lat' dir='ltr'>videmus]</span> <span class='ocrx_word' id='word_1_294' title='bbox 1125 2022 1180 2052; x_wconf 79' lang='lat' dir='ltr'>Cl&#39;.</span> <span class='ocrx_word' id='word_1_295' title='bbox 1207 2022 1303 2052; x_wconf 80' lang='lat' dir='ltr'>Gell.</span> <span class='ocrx_word' id='word_1_296' title='bbox 1330 2020 1371 2052; x_wconf 83' lang='lat' dir='ltr'>N.</span> <span class='ocrx_word' id='word_1_297' title='bbox 1400 2021 1438 2052; x_wconf 83' lang='grc' dir='ltr'>Α.</span> <span class='ocrx_word' id='word_1_298' title='bbox 1466 2021 1601 2061; x_wconf 64' lang='lat' dir='ltr'>xt&#39;lll,</span> <span class='ocrx_word' id='word_1_299' title='bbox 1629 2024 1671 2052; x_wconf 77' lang='lat'>57</span> <span class='ocrx_word' id='word_1_300' title='bbox 1694 2031 1772 2061; x_wconf 80' lang='lat' dir='ltr'>sqq·</span> 
     </span>
     <span class='ocr_line' id='line_1_36' title="bbox 238 2063 1772 2106; baseline 0.001 -13"><span class='ocrx_word' id='word_1_301' title='bbox 238 2081 279 2085; x_wconf 89' lang='lat'>—</span> <span class='ocrx_word' id='word_1_302' title='bbox 311 2063 550 2094; x_wconf 76' lang='lat' dir='ltr'>Prclcthroiu‘i</span> <span class='ocrx_word' id='word_1_303' title='bbox 574 2063 613 2094; x_wconf 83' lang='lat' dir='ltr'>P.</span> <span class='ocrx_word' id='word_1_304' title='bbox 639 2081 683 2087; x_wconf 76' lang='lat'><strong>—</strong></span> <span class='ocrx_word' id='word_1_305' title='bbox 708 2065 822 2095; x_wconf 83' lang='lat' dir='ltr'>deded</span> <span class='ocrx_word' id='word_1_306' title='bbox 834 2066 859 2096; x_wconf 84' lang='lat' dir='ltr'>it</span> <span class='ocrx_word' id='word_1_307' title='bbox 887 2065 925 2095; x_wconf 83' lang='lat' dir='ltr'>P.</span> <span class='ocrx_word' id='word_1_308' title='bbox 1064 2069 1096 2097; x_wconf 85' lang='lat'>9.</span> <span class='ocrx_word' id='word_1_309' title='bbox 1131 2070 1216 2097; x_wconf 79' lang='lat' dir='ltr'>nata</span> <span class='ocrx_word' id='word_1_310' title='bbox 1242 2069 1329 2102; x_wconf 88' lang='lat' dir='ltr'>(om.</span> <span class='ocrx_word' id='word_1_311' title='bbox 1354 2068 1421 2101; x_wconf 86' lang='lat' dir='ltr'>est)</span> <span class='ocrx_word' id='word_1_312' title='bbox 1446 2075 1523 2106; x_wconf 78' lang='lat' dir='ltr'>v—g.</span> <span class='ocrx_word' id='word_1_313' title='bbox 1554 2083 1593 2088; x_wconf 88' lang='lat'>——</span> <span class='ocrx_word' id='word_1_314' title='bbox 1621 2065 1772 2095; x_wconf 74' lang='lat' dir='ltr'>discinit</span> 
     </span>
     <span class='ocr_line' id='line_1_37' title="bbox 238 2106 1772 2150; baseline 0.001 -13"><span class='ocrx_word' id='word_1_315' title='bbox 238 2106 277 2137; x_wconf 89' lang='grc' dir='ltr'>Α.</span> <span class='ocrx_word' id='word_1_316' title='bbox 303 2124 342 2128; x_wconf 89' lang='grc'>-</span> <span class='ocrx_word' id='word_1_317' title='bbox 363 2118 469 2147; x_wconf 80' lang='lat' dir='ltr'>quam</span> <span class='ocrx_word' id='word_1_318' title='bbox 494 2119 559 2138; x_wconf 87' lang='lat' dir='ltr'>non</span> <span class='ocrx_word' id='word_1_319' title='bbox 582 2107 621 2138; x_wconf 85' lang='lat' dir='ltr'>P.</span> <span class='ocrx_word' id='word_1_320' title='bbox 764 2111 812 2138; x_wconf 87' lang='lat' dir='ltr'>lO.</span> <span class='ocrx_word' id='word_1_321' title='bbox 848 2108 1002 2150; x_wconf 77' lang='lat' dir='ltr'>septimo]</span> <span class='ocrx_word' id='word_1_322' title='bbox 1029 2120 1058 2139; x_wconf 82' lang='lat' dir='ltr'>v.</span> <span class='ocrx_word' id='word_1_323' title='bbox 1077 2111 1130 2140; x_wconf 66' lang='lat'>82.</span> <span class='ocrx_word' id='word_1_324' title='bbox 1160 2109 1248 2139; x_wconf 75' lang='lat' dir='ltr'>Mer.</span> <span class='ocrx_word' id='word_1_325' title='bbox 1270 2126 1312 2131; x_wconf 91' lang='lat'>——</span> <span class='ocrx_word' id='word_1_326' title='bbox 1335 2109 1374 2139; x_wconf 88' lang='lat' dir='ltr'>iu</span> <span class='ocrx_word' id='word_1_327' title='bbox 1400 2118 1531 2149; x_wconf 78' lang='lat' dir='ltr'>magna</span> <span class='ocrx_word' id='word_1_328' title='bbox 1554 2108 1594 2138; x_wconf 77' lang='lat' dir='ltr'>A.</span> <span class='ocrx_word' id='word_1_329' title='bbox 1618 2125 1656 2130; x_wconf 77' lang='lat'>--</span> <span class='ocrx_word' id='word_1_330' title='bbox 1684 2118 1772 2148; x_wconf 83' lang='lat' dir='ltr'>qua-</span> 
     </span>
    </p>
   </div>
   <div class='ocr_carea' id='block_1_5' title="bbox 238 2150 1772 2326">
    <p class='ocr_par' dir='ltr' id='par_1_5' title="bbox 238 2150 1772 2326">
     <span class='ocr_line' id='line_1_38' title="bbox 238 2150 1772 2192; baseline 0.001 -12"><span class='ocrx_word' id='word_1_331' title='bbox 238 2150 363 2192; x_wconf 79' lang='lat' dir='ltr'>drupes</span> <span class='ocrx_word' id='word_1_332' title='bbox 393 2161 512 2191; x_wconf 81' lang='lat' dir='ltr'>equus</span> <span class='ocrx_word' id='word_1_333' title='bbox 543 2151 738 2191; x_wconf 72' lang='lat' dir='ltr'>legebatur</span> <span class='ocrx_word' id='word_1_334' title='bbox 770 2151 1000 2192; x_wconf 74' lang='lat' dir='ltr'>improbante</span> <span class='ocrx_word' id='word_1_335' title='bbox 1033 2152 1156 2183; x_wconf 81' lang='lat' dir='ltr'>Gellio</span> <span class='ocrx_word' id='word_1_336' title='bbox 1190 2152 1224 2183; x_wconf 84' lang='grc' dir='ltr'>ἰιι</span> <span class='ocrx_word' id='word_1_337' title='bbox 1254 2151 1381 2183; x_wconf 83' lang='lat' dir='ltr'>multis</span> <span class='ocrx_word' id='word_1_338' title='bbox 1415 2151 1521 2183; x_wconf 84' lang='lat' dir='ltr'>Ennii</span> <span class='ocrx_word' id='word_1_339' title='bbox 1553 2150 1772 2192; x_wconf 73' lang='lat' dir='ltr'>exemplari-</span> 
     </span>
     <span class='ocr_line' id='line_1_39' title="bbox 240 2194 1771 2238; baseline 0.001 -14"><span class='ocrx_word' id='word_1_340' title='bbox 240 2194 317 2225; x_wconf 76' lang='lat' dir='ltr'>bus.</span> <span class='ocrx_word' id='word_1_341' title='bbox 365 2212 397 2216; x_wconf 73' lang='lat'>——</span> <span class='ocrx_word' id='word_1_342' title='bbox 436 2194 471 2225; x_wconf 85' lang='lat' dir='ltr'>in</span> <span class='ocrx_word' id='word_1_343' title='bbox 495 2194 556 2225; x_wconf 85' lang='lat' dir='ltr'>hoc</span> <span class='ocrx_word' id='word_1_344' title='bbox 587 2198 675 2235; x_wconf 76' lang='lat' dir='ltr'>(om.</span> <span class='ocrx_word' id='word_1_345' title='bbox 700 2195 790 2232; x_wconf 85' lang='lat' dir='ltr'>Ioco)</span> <span class='ocrx_word' id='word_1_346' title='bbox 814 2206 892 2237; x_wconf 74' lang='lat' dir='ltr'>v—g.</span> <span class='ocrx_word' id='word_1_347' title='bbox 936 2215 967 2219; x_wconf 95' lang='lat'><strong>—</strong></span> <span class='ocrx_word' id='word_1_348' title='bbox 1014 2197 1123 2238; x_wconf 80' lang='lat' dir='ltr'>ipsum</span> <span class='ocrx_word' id='word_1_349' title='bbox 1156 2201 1191 2227; x_wconf 85' lang='lat' dir='ltr'>et</span> <span class='ocrx_word' id='word_1_350' title='bbox 1217 2207 1338 2237; x_wconf 83' lang='lat' dir='ltr'>equum</span> <span class='ocrx_word' id='word_1_351' title='bbox 1361 2197 1414 2226; x_wconf 68' lang='grc'><strong>13.</strong></span> <span class='ocrx_word' id='word_1_352' title='bbox 1442 2213 1477 2217; x_wconf 88' lang='grc'>-</span> <span class='ocrx_word' id='word_1_353' title='bbox 1513 2196 1567 2227; x_wconf 86' lang='lat' dir='ltr'>illi</span> <span class='ocrx_word' id='word_1_354' title='bbox 1592 2195 1771 2237; x_wconf 73' lang='lat' dir='ltr'>ASv-gps</span> 
     </span>
     <span class='ocr_line' id='line_1_40' title="bbox 239 2237 1771 2281; baseline 0.001 -12"><span class='ocrx_word' id='word_1_355' title='bbox 239 2237 369 2275; x_wconf 67' lang='lat' dir='ltr'>„Rodt</span> <span class='ocrx_word' id='word_1_356' title='bbox 398 2237 485 2268; x_wconf 66' lang='lat' dir='ltr'>Bon.</span> <span class='ocrx_word' id='word_1_357' title='bbox 511 2238 577 2268; x_wconf 51' lang='grc' dir='ltr'>(Ν.</span> <span class='ocrx_word' id='word_1_358' title='bbox 622 2249 694 2269; x_wconf 84' lang='grc'><strong>0111.</strong></span> <span class='ocrx_word' id='word_1_359' title='bbox 716 2239 819 2270; x_wconf 80' lang='lat' dir='ltr'>s-bl‘.</span> <span class='ocrx_word' id='word_1_360' title='bbox 958 2243 1010 2271; x_wconf 78' lang='lat'>11.</span> <span class='ocrx_word' id='word_1_361' title='bbox 1053 2239 1218 2281; x_wconf 81' lang='lat' dir='ltr'>Lucilius]</span> <span class='ocrx_word' id='word_1_362' title='bbox 1239 2250 1295 2280; x_wconf 82' lang='lat' dir='ltr'>up.</span> <span class='ocrx_word' id='word_1_363' title='bbox 1321 2239 1494 2271; x_wconf 71' lang='lat' dir='ltr'>Gerlach.</span> <span class='ocrx_word' id='word_1_364' title='bbox 1520 2251 1561 2270; x_wconf 90' lang='lat' dir='ltr'>ex</span> <span class='ocrx_word' id='word_1_365' title='bbox 1591 2239 1676 2270; x_wconf 79' lang='lat' dir='ltr'>libr.</span> <span class='ocrx_word' id='word_1_366' title='bbox 1701 2239 1771 2270; x_wconf 78' lang='lat' dir='ltr'>inc.</span> 
     </span>
     <span class='ocr_line' id='line_1_41' title="bbox 245 2282 1765 2326; baseline 0.002 -15"><span class='ocrx_word' id='word_1_367' title='bbox 245 2284 293 2311; x_wconf 74' lang='lat'>1⁶2.</span> <span class='ocrx_word' id='word_1_368' title='bbox 347 2282 499 2313; x_wconf 86' lang='lat' dir='ltr'>Lucilius</span> <span class='ocrx_word' id='word_1_369' title='bbox 525 2292 617 2314; x_wconf 81' lang='lat' dir='ltr'>vero</span> <span class='ocrx_word' id='word_1_370' title='bbox 645 2287 734 2319; x_wconf 86' lang='lat' dir='ltr'>(om.</span> <span class='ocrx_word' id='word_1_371' title='bbox 753 2294 901 2325; x_wconf 82' lang='lat' dir='ltr'>namque</span> <span class='ocrx_word' id='word_1_372' title='bbox 928 2285 996 2321; x_wconf 81' lang='grc' dir='ltr'>υἱ-ν)</span> <span class='ocrx_word' id='word_1_373' title='bbox 1021 2283 1057 2315; x_wconf 89' lang='lat' dir='ltr'>S.</span> <span class='ocrx_word' id='word_1_374' title='bbox 1092 2303 1129 2306; x_wconf 97' lang='lat'><strong>—</strong></span> <span class='ocrx_word' id='word_1_375' title='bbox 1166 2285 1290 2315; x_wconf 78' lang='lat' dir='ltr'>sciens</span> <span class='ocrx_word' id='word_1_376' title='bbox 1316 2283 1413 2315; x_wconf 82' lang='lat' dir='ltr'>Gell.</span> <span class='ocrx_word' id='word_1_377' title='bbox 1444 2301 1484 2306; x_wconf 89' lang='lat'>--</span> <span class='ocrx_word' id='word_1_378' title='bbox 1519 2294 1642 2325; x_wconf 81' lang='lat' dir='ltr'>equum</span> <span class='ocrx_word' id='word_1_379' title='bbox 1672 2283 1765 2326; x_wconf 81' lang='lat' dir='ltr'>eqni-</span> 
     </span>
    </p>
   </div>
   <div class='ocr_carea' id='block_1_6' title="bbox 238 2380 1771 2642">
    <p class='ocr_par' dir='ltr' id='par_1_6' title="bbox 240 2380 1771 2423">
     <span class='ocr_line' id='line_1_42' title="bbox 240 2380 1771 2423; baseline 0.001 -13"><span class='ocrx_word' id='word_1_380' title='bbox 240 2380 409 2417; x_wconf 71' lang='lat' dir='ltr'>sercndn.</span> <span class='ocrx_word' id='word_1_381' title='bbox 447 2380 539 2411; x_wconf 67' lang='lat' dir='ltr'>hau-c</span> <span class='ocrx_word' id='word_1_382' title='bbox 567 2391 634 2411; x_wconf 84' lang='lat' dir='ltr'>non</span> <span class='ocrx_word' id='word_1_383' title='bbox 658 2385 757 2413; x_wconf 84' lang='lat' dir='ltr'>esset</span> <span class='ocrx_word' id='word_1_384' title='bbox 778 2383 818 2421; x_wconf 88' lang='lat' dir='ltr'>d,</span> <span class='ocrx_word' id='word_1_385' title='bbox 853 2383 915 2414; x_wconf 81' lang='lat' dir='ltr'>scd</span> <span class='ocrx_word' id='word_1_386' title='bbox 942 2393 969 2422; x_wconf 81' lang='lat' dir='ltr'>s,</span> <span class='ocrx_word' id='word_1_387' title='bbox 1084 2385 1115 2413; x_wconf 75' lang='lat'>9.</span> <span class='ocrx_word' id='word_1_388' title='bbox 1169 2382 1293 2413; x_wconf 78' lang='lat' dir='ltr'>veteris</span> <span class='ocrx_word' id='word_1_389' title='bbox 1325 2382 1491 2423; x_wconf 84' lang='lat' dir='ltr'>lectionis]</span> <span class='ocrx_word' id='word_1_390' title='bbox 1538 2380 1673 2413; x_wconf 83' lang='lat' dir='ltr'>(licitur</span> <span class='ocrx_word' id='word_1_391' title='bbox 1707 2391 1771 2422; x_wconf 82' lang='lat' dir='ltr'>pro</span> 
     </span>
    </p>

    <p class='ocr_par' dir='ltr' id='par_1_7' title="bbox 239 2424 1771 2512">
     <span class='ocr_line' id='line_1_43' title="bbox 239 2424 1771 2467; baseline 0.001 -13"><span class='ocrx_word' id='word_1_392' title='bbox 239 2428 388 2466; x_wconf 79' lang='lat' dir='ltr'>propter</span> <span class='ocrx_word' id='word_1_393' title='bbox 408 2424 622 2456; x_wconf 74' lang='lat' dir='ltr'>adverbium</span> <span class='ocrx_word' id='word_1_394' title='bbox 644 2426 705 2457; x_wconf 85' lang='lat' dir='ltr'>bis.</span> <span class='ocrx_word' id='word_1_395' title='bbox 1039 2437 1081 2457; x_wconf 83' lang='lat' dir='ltr'>eo</span> <span class='ocrx_word' id='word_1_396' title='bbox 1104 2426 1198 2467; x_wconf 88' lang='lat' dir='ltr'>quod</span> <span class='ocrx_word' id='word_1_397' title='bbox 1225 2425 1364 2467; x_wconf 73' lang='lat' dir='ltr'>legitur</span> <span class='ocrx_word' id='word_1_398' title='bbox 1390 2426 1499 2467; x_wconf 77' lang='lat' dir='ltr'>paulo</span> <span class='ocrx_word' id='word_1_399' title='bbox 1525 2425 1640 2466; x_wconf 79' lang='lat' dir='ltr'>infra,</span> <span class='ocrx_word' id='word_1_400' title='bbox 1681 2430 1771 2456; x_wconf 81' lang='lat' dir='ltr'>vete-</span> 
     </span>
     <span class='ocr_line' id='line_1_44' title="bbox 284 2468 1322 2512; baseline 0.001 -12"><span class='ocrx_word' id='word_1_401' title='bbox 284 2469 331 2501; x_wconf 85' lang='lat' dir='ltr'>ad</span> <span class='ocrx_word' id='word_1_402' title='bbox 351 2470 482 2500; x_wconf 80' lang='lat' dir='ltr'>hiatum</span> <span class='ocrx_word' id='word_1_403' title='bbox 502 2468 770 2512; x_wconf 74' lang='lat' dir='ltr'>procurandum]</span> <span class='ocrx_word' id='word_1_404' title='bbox 787 2472 970 2510; x_wconf 81' lang='lat' dir='ltr'>tamquam</span> <span class='ocrx_word' id='word_1_405' title='bbox 1037 2481 1123 2502; x_wconf 76' lang='lat' dir='ltr'>rum</span> <span class='ocrx_word' id='word_1_406' title='bbox 1155 2471 1322 2502; x_wconf 85' lang='lat' dir='ltr'>lectionis·</span> 
     </span>
    </p>

    <p class='ocr_par' dir='ltr' id='par_1_8' title="bbox 240 2512 1732 2554">
     <span class='ocr_line' id='line_1_45' title="bbox 240 2512 1732 2554; baseline -0.001 -11"><span class='ocrx_word' id='word_1_407' title='bbox 240 2512 448 2553; x_wconf 70' lang='lat' dir='ltr'>prodigium</span> <span class='ocrx_word' id='word_1_408' title='bbox 478 2514 534 2544; x_wconf 73' lang='lat' dir='ltr'>vet</span> <span class='ocrx_word' id='word_1_409' title='bbox 560 2517 762 2553; x_wconf 74' lang='lat' dir='ltr'>ostentum,</span> <span class='ocrx_word' id='word_1_410' title='bbox 794 2514 866 2545; x_wconf 80' lang='lat' dir='ltr'>vid.</span> <span class='ocrx_word' id='word_1_411' title='bbox 896 2516 915 2553; x_wconf 55' lang='grc' dir='ltr'><strong>ἕ</strong></span> <span class='ocrx_word' id='word_1_412' title='bbox 937 2516 970 2545; x_wconf 84' lang='grc'>2.</span> <span class='ocrx_word' id='word_1_413' title='bbox 1083 2514 1284 2546; x_wconf 79' lang='lat' dir='ltr'>bibliotheca</span> <span class='ocrx_word' id='word_1_414' title='bbox 1309 2513 1434 2554; x_wconf 87' lang='lat' dir='ltr'>vetere]</span> <span class='ocrx_word' id='word_1_415' title='bbox 1461 2512 1516 2545; x_wconf 85' lang='lat' dir='ltr'>Cf.</span> <span class='ocrx_word' id='word_1_416' title='bbox 1542 2523 1571 2542; x_wconf 82' lang='lat' dir='ltr'>c.</span> <span class='ocrx_word' id='word_1_417' title='bbox 1602 2514 1632 2551; x_wconf 74' lang='lat' dir='ltr'>l,</span> <span class='ocrx_word' id='word_1_418' title='bbox 1657 2513 1678 2550; x_wconf 83' lang='lat'><strong>§</strong></span> <span class='ocrx_word' id='word_1_419' title='bbox 1699 2514 1732 2542; x_wconf 81' lang='lat'>3.</span> 
     </span>
    </p>

    <p class='ocr_par' dir='ltr' id='par_1_9' title="bbox 239 2554 1769 2599">
     <span class='ocr_line' id='line_1_46' title="bbox 239 2554 1769 2599; baseline -0.001 -12"><span class='ocrx_word' id='word_1_420' title='bbox 239 2557 385 2588; x_wconf 78' lang='lat' dir='ltr'>Gellius</span> <span class='ocrx_word' id='word_1_421' title='bbox 413 2557 525 2588; x_wconf 67' lang='lat' dir='ltr'>habet</span> <span class='ocrx_word' id='word_1_422' title='bbox 546 2562 706 2589; x_wconf 81' lang='lat' dir='ltr'>tuntum:</span> <span class='ocrx_word' id='word_1_423' title='bbox 744 2559 904 2599; x_wconf 82' lang='lat' dir='ltr'>qnoniam</span> <span class='ocrx_word' id='word_1_424' title='bbox 936 2559 972 2590; x_wconf 86' lang='lat' dir='ltr'>id</span> <span class='ocrx_word' id='word_1_425' title='bbox 1086 2560 1136 2588; x_wconf 85' lang='lat'>11.</span> <span class='ocrx_word' id='word_1_426' title='bbox 1188 2558 1341 2589; x_wconf 80' lang='lat' dir='ltr'>Lucilius</span> <span class='ocrx_word' id='word_1_427' title='bbox 1373 2555 1532 2598; x_wconf 81' lang='lat' dir='ltr'>namque]</span> <span class='ocrx_word' id='word_1_428' title='bbox 1567 2554 1624 2586; x_wconf 87' lang='lat' dir='ltr'>Cf.</span> <span class='ocrx_word' id='word_1_429' title='bbox 1648 2555 1769 2587; x_wconf 84' lang='lat' dir='ltr'>Hand.</span> 
     </span>
    </p>

    <p class='ocr_par' dir='ltr' id='par_1_10' title="bbox 238 2601 1465 2642">
     <span class='ocr_line' id='line_1_47' title="bbox 238 2601 1465 2642; baseline 0 -11"><span class='ocrx_word' id='word_1_430' title='bbox 238 2602 421 2632; x_wconf 78' lang='lat' dir='ltr'>videbatur</span> <span class='ocrx_word' id='word_1_431' title='bbox 446 2612 516 2632; x_wconf 78' lang='lat' dir='ltr'>esse</span> <span class='ocrx_word' id='word_1_432' title='bbox 537 2602 628 2633; x_wconf 79' lang='lat' dir='ltr'>dictu</span> <span class='ocrx_word' id='word_1_433' title='bbox 645 2602 806 2641; x_wconf 84' lang='lat' dir='ltr'>facilius.</span> <span class='ocrx_word' id='word_1_434' title='bbox 1040 2601 1203 2633; x_wconf 85' lang='lat' dir='ltr'>Tursell.</span> <span class='ocrx_word' id='word_1_435' title='bbox 1229 2602 1286 2641; x_wconf 59' lang='lat' dir='ltr'>lt,</span> <span class='ocrx_word' id='word_1_436' title='bbox 1310 2612 1342 2642; x_wconf 79' lang='lat' dir='ltr'>p.</span> <span class='ocrx_word' id='word_1_437' title='bbox 1368 2602 1390 2631; x_wconf 80' lang='lat'><strong>2</strong></span> <span class='ocrx_word' id='word_1_438' title='bbox 1413 2611 1465 2640; x_wconf 87' lang='lat' dir='ltr'>sq.</span> 
     </span>
    </p>
   </div>
   <div class='ocr_carea' id='block_1_7' title="bbox 239 2646 971 2895">
    <p class='ocr_par' dir='ltr' id='par_1_11' title="bbox 239 2646 971 2893">
     <span class='ocr_line' id='line_1_48' title="bbox 282 2646 971 2686; baseline 0.003 -11"><span class='ocrx_word' id='word_1_439' title='bbox 282 2648 313 2675; x_wconf 75' lang='lat'>7.</span> <span class='ocrx_word' id='word_1_440' title='bbox 362 2655 449 2686; x_wconf 80' lang='lat' dir='ltr'>quae</span> <span class='ocrx_word' id='word_1_441' title='bbox 480 2656 540 2686; x_wconf 79' lang='lat' dir='ltr'>per</span> <span class='ocrx_word' id='word_1_442' title='bbox 565 2651 712 2677; x_wconf 75' lang='lat' dir='ltr'>aetatem</span> <span class='ocrx_word' id='word_1_443' title='bbox 743 2646 829 2677; x_wconf 76' lang='lat' dir='ltr'>dnos</span> <span class='ocrx_word' id='word_1_444' title='bbox 853 2646 971 2678; x_wconf 82' lang='lat' dir='ltr'>dentes</span> 
     </span>
     <span class='ocr_line' id='line_1_49' title="bbox 240 2689 970 2730; baseline 0.003 -11"><span class='ocrx_word' id='word_1_445' title='bbox 240 2689 380 2720; x_wconf 77' lang='lat' dir='ltr'>altiores</span> <span class='ocrx_word' id='word_1_446' title='bbox 415 2689 588 2730; x_wconf 77' lang='lat' dir='ltr'>haberent]</span> <span class='ocrx_word' id='word_1_447' title='bbox 623 2689 806 2720; x_wconf 83' lang='lat' dir='ltr'>Similiter</span> <span class='ocrx_word' id='word_1_448' title='bbox 839 2689 970 2721; x_wconf 72' lang='lat' dir='ltr'>Festus</span> 
     </span>
     <span class='ocr_line' id='line_1_50' title="bbox 240 2732 968 2774; baseline 0.003 -11"><span class='ocrx_word' id='word_1_449' title='bbox 240 2742 297 2773; x_wconf 80' lang='lat' dir='ltr'>ap.</span> <span class='ocrx_word' id='word_1_450' title='bbox 321 2732 427 2763; x_wconf 77' lang='lat' dir='ltr'>Paul.</span> <span class='ocrx_word' id='word_1_451' title='bbox 455 2733 517 2763; x_wconf 89' lang='lat' dir='ltr'>lib.</span> <span class='ocrx_word' id='word_1_452' title='bbox 539 2733 584 2763; x_wconf 90' lang='grc'>11.</span> <span class='ocrx_word' id='word_1_453' title='bbox 610 2745 641 2774; x_wconf 84' lang='lat' dir='ltr'>p.</span> <span class='ocrx_word' id='word_1_454' title='bbox 669 2736 723 2764; x_wconf 80' lang='lat'>33.</span> <span class='ocrx_word' id='word_1_455' title='bbox 748 2734 874 2765; x_wconf 81' lang='lat' dir='ltr'>Muell.</span> <span class='ocrx_word' id='word_1_456' title='bbox 902 2735 968 2765; x_wconf 71' lang='lat' dir='ltr'>ut-</span> 
     </span>
     <span class='ocr_line' id='line_1_51' title="bbox 240 2777 971 2809; baseline 0.004 -3"><span class='ocrx_word' id='word_1_457' title='bbox 240 2777 390 2807; x_wconf 86' lang='lat' dir='ltr'>dentes</span> <span class='ocrx_word' id='word_1_458' title='bbox 442 2782 556 2808; x_wconf 80' lang='lat' dir='ltr'>autem</span> <span class='ocrx_word' id='word_1_459' title='bbox 609 2783 689 2809; x_wconf 86' lang='lat' dir='ltr'>sunt</span> <span class='ocrx_word' id='word_1_460' title='bbox 738 2789 815 2809; x_wconf 80' lang='lat' dir='ltr'>oves</span> <span class='ocrx_word' id='word_1_461' title='bbox 868 2779 971 2809; x_wconf 87' lang='lat' dir='ltr'>duos</span> 
     </span>
     <span class='ocr_line' id='line_1_52' title="bbox 239 2820 968 2893; baseline 0.005 -43"><span class='ocrx_word' id='word_1_462' title='bbox 239 2820 391 2893; x_wconf 60' lang='lat' dir='ltr'>gentes</span> <span class='ocrx_word' id='word_1_463' title='bbox 433 2821 659 2863; x_wconf 73' lang='lat' dir='ltr'>longiores</span> <span class='ocrx_word' id='word_1_464' title='bbox 696 2822 852 2854; x_wconf 80' lang='lat' dir='ltr'>ceteris</span> <span class='ocrx_word' id='word_1_465' title='bbox 899 2822 968 2854; x_wconf 55' lang='lat' dir='ltr'>lta*-</span> 
     </span>
    </p>

    <p class='ocr_par' dir='ltr' id='par_1_12' title="bbox 269 2868 396 2895">
     <span class='ocr_line' id='line_1_53' title="bbox 269 2868 396 2895; baseline 0.016 -2"><span class='ocrx_word' id='word_1_466' title='bbox 269 2868 396 2895; x_wconf 83' lang='lat' dir='ltr'>entes.</span> 
     </span>
    </p>
   </div>
   <div class='ocr_carea' id='block_1_8' title="bbox 1036 2642 1771 2905">
    <p class='ocr_par' dir='ltr' id='par_1_13' title="bbox 1036 2642 1771 2905">
     <span class='ocr_line' id='line_1_54' title="bbox 1081 2642 1770 2687; baseline -0.004 -10"><span class='ocrx_word' id='word_1_467' title='bbox 1081 2647 1183 2687; x_wconf 85' lang='lat' dir='ltr'>scius]</span> <span class='ocrx_word' id='word_1_468' title='bbox 1209 2656 1289 2676; x_wconf 87' lang='lat' dir='ltr'>cum</span> <span class='ocrx_word' id='word_1_469' title='bbox 1313 2643 1476 2684; x_wconf 69' lang='lat' dir='ltr'>genitivo</span> <span class='ocrx_word' id='word_1_470' title='bbox 1494 2642 1655 2674; x_wconf 69' lang='lat' dir='ltr'>iunctum</span> <span class='ocrx_word' id='word_1_471' title='bbox 1675 2642 1770 2684; x_wconf 83' lang='lat' dir='ltr'>legi-</span> 
     </span>
     <span class='ocr_line' id='line_1_55' title="bbox 1038 2686 1770 2730; baseline -0.004 -10"><span class='ocrx_word' id='word_1_472' title='bbox 1038 2692 1096 2721; x_wconf 82' lang='lat' dir='ltr'>tur</span> <span class='ocrx_word' id='word_1_473' title='bbox 1116 2689 1252 2730; x_wconf 79' lang='lat' dir='ltr'>alioqui</span> <span class='ocrx_word' id='word_1_474' title='bbox 1273 2692 1410 2719; x_wconf 79' lang='lat' dir='ltr'>tantum</span> <span class='ocrx_word' id='word_1_475' title='bbox 1428 2687 1522 2727; x_wconf 85' lang='lat' dir='ltr'>apud</span> <span class='ocrx_word' id='word_1_476' title='bbox 1541 2686 1770 2718; x_wconf 75' lang='lat' dir='ltr'>Lactantium</span> 
     </span>
     <span class='ocr_line' id='line_1_56' title="bbox 1038 2730 1771 2772; baseline -0.003 -8"><span class='ocrx_word' id='word_1_477' title='bbox 1038 2733 1086 2772; x_wconf 68' lang='lat'>11,</span> <span class='ocrx_word' id='word_1_478' title='bbox 1113 2735 1160 2770; x_wconf 76' lang='lat'>14,</span> <span class='ocrx_word' id='word_1_479' title='bbox 1186 2736 1216 2763; x_wconf 87' lang='lat'>6.</span> <span class='ocrx_word' id='word_1_480' title='bbox 1248 2731 1357 2763; x_wconf 73' lang='lat' dir='ltr'>Nullo</span> <span class='ocrx_word' id='word_1_481' title='bbox 1379 2731 1503 2761; x_wconf 83' lang='lat' dir='ltr'>addito</span> <span class='ocrx_word' id='word_1_482' title='bbox 1528 2730 1692 2772; x_wconf 81' lang='lat' dir='ltr'>genitivo</span> <span class='ocrx_word' id='word_1_483' title='bbox 1716 2731 1771 2762; x_wconf 88' lang='lat' dir='ltr'>le-</span> 
     </span>
     <span class='ocr_line' id='line_1_57' title="bbox 1038 2774 1771 2818; baseline -0.001 -11"><span class='ocrx_word' id='word_1_484' title='bbox 1038 2777 1139 2818; x_wconf 80' lang='lat' dir='ltr'>gitur</span> <span class='ocrx_word' id='word_1_485' title='bbox 1167 2775 1260 2816; x_wconf 83' lang='lat' dir='ltr'>npud</span> <span class='ocrx_word' id='word_1_486' title='bbox 1287 2775 1440 2805; x_wconf 67' lang='lat' dir='ltr'>(nitidem</span> <span class='ocrx_word' id='word_1_487' title='bbox 1469 2774 1541 2815; x_wconf 80' lang='lat'>111,</span> <span class='ocrx_word' id='word_1_488' title='bbox 1563 2777 1626 2813; x_wconf 74' lang='lat'>24,</span> <span class='ocrx_word' id='word_1_489' title='bbox 1649 2778 1702 2806; x_wconf 89' lang='grc'>10.</span> <span class='ocrx_word' id='word_1_490' title='bbox 1733 2778 1771 2806; x_wconf 79' lang='lat' dir='ltr'>et</span> 
     </span>
     <span class='ocr_line' id='line_1_58' title="bbox 1036 2818 1769 2860; baseline -0.001 -8"><span class='ocrx_word' id='word_1_491' title='bbox 1036 2820 1130 2860; x_wconf 80' lang='lat' dir='ltr'>apud</span> <span class='ocrx_word' id='word_1_492' title='bbox 1159 2818 1366 2850; x_wconf 74' lang='lat' dir='ltr'>Petronium</span> <span class='ocrx_word' id='word_1_493' title='bbox 1391 2821 1444 2855; x_wconf 79' lang='lat'>63,</span> <span class='ocrx_word' id='word_1_494' title='bbox 1461 2821 1491 2849; x_wconf 89' lang='grc'>9.</span> <span class='ocrx_word' id='word_1_495' title='bbox 1517 2823 1551 2851; x_wconf 81' lang='lat' dir='ltr'>et</span> <span class='ocrx_word' id='word_1_496' title='bbox 1575 2829 1594 2850; x_wconf 83' lang='lat' dir='ltr'>e</span> <span class='ocrx_word' id='word_1_497' title='bbox 1610 2818 1769 2851; x_wconf 76' lang='lat' dir='ltr'>Pacuvio</span> 
     </span>
     <span class='ocr_line' id='line_1_59' title="bbox 1036 2861 1766 2905; baseline 0 -10"><span class='ocrx_word' id='word_1_498' title='bbox 1036 2864 1265 2904; x_wconf 79' lang='lat' dir='ltr'>desumptum</span> <span class='ocrx_word' id='word_1_499' title='bbox 1281 2863 1375 2904; x_wconf 79' lang='lat' dir='ltr'>apud</span> <span class='ocrx_word' id='word_1_500' title='bbox 1392 2861 1618 2895; x_wconf 70' lang='lat' dir='ltr'>priscianum</span> <span class='ocrx_word' id='word_1_501' title='bbox 1642 2874 1676 2905; x_wconf 85' lang='lat' dir='ltr'>p.</span> <span class='ocrx_word' id='word_1_502' title='bbox 1689 2864 1766 2895; x_wconf 83' lang='lat'>634.</span> 
     </span>
    </p>
   </div>
  </div>
 </body>
</html>
