1845 3131
238 9 319 49 712
864 10 915 51 IL

237 117 431 193 M<31itlatio
456 117 634 150 moriendi
658 122 714 151 est
731 118 972 162 philosophia

314 164 508 202 .,1aa

240 206 451 238 Meditativa
469 205 587 237 forma
605 206 798 238 verborum
812 209 853 239 D.
867 210 924 250 21,
940 212 972 241 2.

239 248 404 281 Medulla
430 260 494 280 cur
520 249 568 290 sit
593 249 673 281 sine
701 261 810 282 sensu
837 252 918 293 vn,
940 257 973 294 9,

283 295 336 324 ll.
384 310 425 316 —-
461 293 618 334 spinalis
642 294 795 326 animali
824 296 893 328 boe
920 302 975 329 est

282 336 376 378 quod
404 338 487 369 navi
513 338 639 370 carina
670 339 718 370 ib.
743 341 798 370 22.
847 341 872 371 A
900 351 975 372 me-

281 380 375 412 dicis
399 381 492 412 baec
524 382 623 414 dicta
649 387 703 414 est
732 382 881 425 longum
915 396 973 417 ce-

282 426 428 456 rebrum
460 425 549 457 ibid.

238 465 399 509 Μεγάλοι
440 467 525 501 θεοὶ
562 469 652 501 dicti
695 475 778 501 sunt
816 471 972 504 Penates

285 512 351 551 111,
377 514 408 552 4,
432 515 453 544 9
479 523 532 554 sq.

237 556 311 587 Mel
337 556 444 588 dulce
470 562 526 589 est
548 556 585 588 C.
614 557 662 596 11,
693 559 743 597 15,
767 559 809 596 83
836 557 911 597 vll,
939 561 971 597 7,

284 602 334 631 16.
390 600 570 634 Ebrietati
609 605 791 643 repugnat
831 601 878 633 ib.
920 605 971 634 17.

281 644 354 675 Mel
379 644 557 685 optimum
580 645 652 676 fert
685 656 776 687 ager
800 644 971 678 Tarenti-

280 698 347 719 nus
372 688 446 728 111,
477 691 536 729 16,
562 691 612 720 12.
659 688 731 720 Cur
762 690 972 722 recentissi-

281 742 378 763 mum
412 735 449 764 et
478 732 514 764 in
542 732 654 764 fundo
683 732 774 764 dolii
801 734 850 765 sit
877 733 971 776 opti-

280 786 379 807 mum
399 775 476 815 vn,
495 778 548 816 12,
571 779 592 808 9
613 781 649 809 et
672 778 720 808 13.
756 776 910 810 Faecem
935 778 971 810 in

279 829 460 851 summum
479 819 604 862 expuit
619 820 665 852 ib.
679 823 712 852 8.
737 820 874 853 Natura
892 822 972 854 eius

278 863 383 895 arida
402 863 450 895 ib.
471 866 522 895 10.
572 864 752 906 Repertor
769 865 893 898 mellis
917 870 972 898 est

277 905 460 939 Saturnus
491 907 528 940 S.
558 908 593 946 Ι,
620 912 656 949 7,
681 910 738 940 25.
789 909 859 941 Met
883 921 970 954 gen-

278 951 362 983 tium
389 951 424 983 S.
447 951 496 992 11,
518 953 551 991 4,
579 954 629 983 12.
660 952 736 983 Vid.
763 957 834 984 not.

234 994 513 1036 Melampsithia
537 1006 608 1029 una
633 996 700 1035 Ill,
722 999 778 1035 20,
801 999 834 1028 7.

234 1039 449 1071 Mellarium
480 1050 545 1072 vas
579 1039 616 1072 in
649 1051 719 1081 quo
754 1040 879 1072 viuum
915 1045 971 1074 est

279 1087 431 1115 vocatur
453 1083 489 1116 in
510 1083 636 1117 Bonae
650 1085 748 1117 Deae
769 1085 907 1127 templo
930 1085 967 1118 S-

278 1127 469 1167 L122s

237 1171 374 1203 Mellita
399 1171 435 1203 S.
460 1171 507 1211 ΙΙ,
532 1175 566 1213 8,
592 1175 625 1204 3.

235 1211 402 1255 Μέλλων,
425 1215 588 1248 futurum
613 1220 755 1258 tempus
782 1215 822 1247 D.
852 1217 910 1255 13,
935 1217 965 1246 4.

278 1259 439 1300 Append.

234 1302 418 1377 Mtlaelodiae
450 1303 613 1336 musicae
650 1303 722 1336 tria
756 1313 894 1345 genera
928 1302 966 1334 C.

298 1347 325 1385 I,
349 1348 382 1386 4,
405 1349 458 1379 13.

231 1389 396 1423 Membra
431 1394 572 1433 septem
612 1401 634 1423 a
668 1390 822 1422 Graecis
861 1389 967 1432 nigra

274 1434 372 1466 dicta
397 1435 441 1466 ad
464 1434 585 1466 cibum
611 1438 648 1466 et
671 1434 841 1476 spiritum
868 1433 965 1466 acci-

274 1477 446 1519 piendum
472 1478 766 1519 reddendumque
793 1478 966 1520 deputata

274 1521 314 1553 C.
337 1522 367 1563 Ι,
391 1525 424 1562 6,
449 1526 502 1554 77,
536 1522 784 1554 Membrorum
802 1522 966 1563 corporis

273 1565 426 1598 humani
465 1566 660 1607 dispositio
698 1577 762 1607 per
798 1570 966 1608 septena-

274 1610 369 1641 rium
401 1609 489 1642 ibid.
512 1621 589 1651 sqq.
637 1609 794 1651 Singula
823 1610 866 1641 ad
896 1608 966 1641 ali-

273 1654 368 1694 quod
384 1653 629 1686 ministerium
649 1654 747 1686 facta
762 1654 900 1694 Vll,15,
914 1655 965 1684 18.

230 1697 445 1730 Membrana
471 1698 530 1729 ovi
552 1698 591 1729 C.
618 1697 645 1737 l,
671 1700 703 1737 6,
729 1700 785 1730 63.

231 1742 421 1774 Meminens
445 1742 497 1773 De
522 1741 620 1773 verb.
648 1743 700 1781 10,
726 1744 779 1773 17.

228 1785 407 1817 Memoria
452 1785 677 1818 animalibus
717 1797 780 1827 pro
824 1784 965 1817 ratione

273 1829 359 1861 data
380 1829 418 1862 C.
440 1830 467 1869 Ι,
496 1831 548 1869 14,
572 1832 625 1860 12.
676 1829 877 1861 Memoriae
904 1829 965 1860 de-

272 1873 391 1905 fectus
425 1876 481 1906 est
514 1873 699 1915 opinionis
733 1878 835 1906 ortus
871 1872 909 1904 C.
935 1873 964 1913 Ι,

275 1919 387 1957 m‚a

230 1960 428 1993 Memoriter
452 1960 490 1992 C.
519 1961 548 2000 Ι,
575 1963 631 2002 21,
657 1963 708 1992 17.

226 2003 392 2045 Memphi
423 2005 489 2036 bos
511 2004 598 2046 Apis
631 2004 722 2037 solis
758 2004 873 2035 instar
903 2014 962 2035 ex-

272 2048 409 2089 cipitur
427 2049 463 2080 S.
489 2049 518 2086 I,
538 2052 593 2088 21,
619 2051 675 2081 20.

226 2091 417 2124 Menelaus
459 2093 556 2124 ultro
595 2093 638 2124 ad
677 2089 962 2133 Agamemnonis

271 2147 422 2168 coenam
447 2136 596 2169 veniens
621 2136 657 2167 S.
680 2136 709 2173 I,
732 2139 765 2173 7,
786 2137 835 2165 10,
886 2134 961 2164 Ho-

271 2180 430 2211 mericus
461 2191 590 2211 censor
619 2179 705 2220 quid
726 2176 880 2209 Graecis
907 2177 961 2208 in-

272 2227 440 2263 precatus
467 2223 516 2254 sit
539 2223 577 2253 C.
598 2223 625 2262 1,
650 2226 682 2259 6,
705 2225 758 2252 37.

226 2265 420 2307 Menippus
446 2277 488 2298 ex
517 2277 622 2298 servo
655 2264 901 2307 philosophus
924 2264 959 2295 S.

273 2310 455 2349 21a42

228 2353 329 2384 Meus
353 2353 489 2391 diviua,
514 2352 613 2392 νοῦς,
635 2362 755 2383 rerum
782 2354 818 2382 et
844 2350 961 2382 virtu-

271 2401 345 2429 tum
372 2397 474 2428 ideas
500 2395 689 2427 continens
716 2395 753 2426 C.
781 2395 813 2433 l,
839 2397 872 2434 2,
901 2397 959 2433 14,

270 2444 304 2481 ὃ,
334 2443 386 2472 10.
428 2440 484 2472 Cf.
512 2442 565 2480 14,
591 2442 623 2471 5.
674 2439 776 2471 Mens
803 2438 961 2470 divinior

270 2488 328 2516 est
352 2484 474 2517 anima
499 2484 536 2515 C.
562 2483 590 2523 Ι,
620 2484 671 2522 14,
685 2484 717 2514 3.
762 2501 801 2506 -
829 2493 870 2513 ex
886 2483 959 2513 Deo

270 2532 355 2560 nata
381 2529 418 2559 C.
444 2529 471 2567 Ι,
496 2530 530 2566 2,
559 2530 598 2558 14
617 2531 651 2559 et
670 2529 729 2565 163
757 2530 790 2565 6,
807 2529 828 2556 8
846 2529 881 2557 et
896 2529 959 2566 2ος

272 2574 326 2612 14,
351 2575 411 2611 153
439 2575 490 2610 17,
518 2573 568 2602 12.
618 2570 752 2602 Mentis
778 2573 881 2611 pater
906 2574 961 2602 est

270 2616 360 2648 deus
397 2616 436 2646 C.
471 2616 507 2656 1,
546 2616 605 2653 14,
641 2617 674 2645 6.
730 2614 890 2645 Addenzl.
927 2626 960 2656 p.

268 2662 346 2691 312.
400 2660 505 2690 Mens
542 2663 577 2690 et
617 2658 704 2689 deus
739 2658 837 2690 ultra
879 2658 959 2689 aui-

269 2714 363 2735 mam
389 2707 425 2734 et
455 2712 566 2744 supra
599 2705 767 2733 naturam
802 2701 841 2731 C.
871 2703 903 2742 1,
926 2705 958 2741 2,

273 2749 321 2778 16.
358 2748 475 2785 Mens,
503 2745 627 2778 mundi
654 2744 775 2777 anima
797 2744 836 2775 C.
855 2747 884 2784 1,
906 2748 959 2787 14,

268 2792 320 2821 14.
374 2810 407 2813 -
433 2788 639 2831 sphaericis
663 2788 877 2830 corporibus
905 2788 960 2821 in-

271 2834 352 2865 fusa
380 2834 419 2867 C.
452 2836 485 2873 1,
512 2835 574 2872 14,
599 2835 630 2864 9.
678 2850 720 2857 -
746 2831 852 2865 nobis
878 2844 958 2866 cuin

978 12 1154 57 lNDEX

1085 123 1186 155 caelo
1218 123 1473 165 sideribusque
1505 125 1708 158 communis
1737 126 1777 158 C.

1089 169 1148 206 14,
1180 168 1211 198 4.
1271 167 1398 199 Mundi
1431 168 1554 201 officia
1588 169 1705 211 inplet
1738 170 1776 201 C.

1087 212 1120 250 1,
1145 213 1206 249 12,
1232 212 1284 242 12.
1332 212 1385 243 De
1417 223 1456 244 se
1488 212 1646 245 animam
1675 219 1778 247 creat

1088 254 1127 286 C.
1154 254 1183 293 Ι,
1212 256 1263 293 14,
1287 257 1307 286 6
1336 259 1372 287 et
1405 258 1466 295 153
1493 260 1546 298 17,
1572 259 1625 289 12.
1674 258 1777 290 Mens

1089 302 1143 330 est
1171 299 1316 340 proprie
1340 299 1450 330 homo
1473 300 1533 332 So.
1554 304 1588 339 8,
1608 304 1641 333 2.
1688 302 1778 334 Eius

1089 342 1194 374 sedes
1220 349 1276 373 est
1298 343 1334 374 iu
1361 342 1481 384 capite
1506 343 1544 375 C.
1571 347 1604 385 l,
1635 347 1693 385 14,
1719 348 1776 385 10;

1086 386 1122 418 S.
1149 387 1177 427 Ι,
1206 388 1258 426 19,
1285 389 1334 418 14.
1383 387 1449 418 Est
1474 398 1613 420 sumina
1641 390 1777 421 veloci-

1088 434 1143 462 tas
1176 430 1225 462 ib.
1258 434 1312 462 99.
1369 430 1435 462 Est
1465 429 1580 471 μονὰς
1610 436 1646 464 et
1676 433 1777 465 vices

1086 479 1289 516 temporum
1316 474 1431 506 nescit
1453 474 1490 505 C.
1512 475 1540 514 Ι,
1555 478 1586 513 6,
1602 478 1634 507 8.
1673 477 1777 510 Mens

1086 518 1210 550 mundi
1236 522 1292 550 est
1321 519 1376 550 sol
1404 522 1440 550 et
1468 517 1633 561 luppiter
1658 519 1718 552 So.
1743 523 1776 562 4,

1085 564 1126 601 2;
1152 562 1192 592 C.
1220 562 1407 602 1,17,14;
1435 562 1470 594 S.
1495 562 1522 601 I,
1554 565 1604 603 18,
1631 566 1682 595 15.

1042 606 1168 638 Mensa
1197 606 1319 638 dicata
1347 616 1431 638 arae
1464 606 1580 638 vicem
1614 611 1778 649 praestat

1085 650 1160 690 ΙΙΙ,
1188 652 1246 690 11,
1270 653 1301 681 5.
1352 650 1390 681 ln
1428 661 1591 682 mensam
1633 652 1776 692 quando

1086 693 1205 726 libare
1245 693 1394 726 licuerit
1438 693 1488 726 ib.
1528 697 1561 726 7.
1628 695 1777 728 Mensae

1085 738 1265 769 secundas
1291 737 1454 770 admovit
1477 737 1647 770 minister
1670 738 1706 771 S.
1728 739 1777 779 Il,

1084 784 1118 821 8,
1139 783 1168 813 1.
1219 781 1269 813 l)e
1293 782 1453 813 secunda
1479 792 1605 814 mensa
1628 783 1777 824 placen-

1086 829 1142 857 tas
1172 824 1329 856 removit
1355 825 1468 857 Varro
1494 825 1544 857 ib.
1567 827 1600 857 2.
1651 826 1776 859 Primis

1085 870 1210 901 mensis
1243 869 1381 901 remotis
1420 868 1506 908 Vll,
1545 870 1582 904 1.
1626 872 1675 910 1.,
1713 870 1776 902 ubi

1084 912 1156 944 vid.
1179 916 1253 944 not.
1285 913 1410 945 Mensa
1422 912 1550 945 Sicula
1569 912 1629 945 vel
1643 913 1776 947 Asiana

1084 956 1161 995 vll,
1185 959 1217 997 5,
1239 958 1295 988 24.

1040 999 1178 1032 Mensis
1205 1011 1225 1033 a
1255 1001 1341 1032 luna
1369 999 1489 1032 dictus
1517 1009 1608 1041 quae
1634 999 1774 1032 Graeco

1084 1044 1229 1076 nomine
1260 1040 1356 1085 μήνη
1385 1048 1537 1076 vocatur
1565 1042 1605 1074 C.
1638 1043 1692 1083 11,
1719 1046 1773 1083 11,

1082 1091 1115 1120 6.
1164 1089 1228 1120 Est
1261 1088 1401 1120 lunaris
1433 1098 1548 1120 annus
1578 1086 1665 1119 ibid.
1695 1091 1731 1120 et
1753 1089 1775 1128 ἓ

1084 1134 1159 1170 11,,
1193 1132 1230 1164 S.
1264 1131 1301 1171 I,
1339 1133 1398 1171 14,
1434 1133 1464 1164 4.
1514 1148 1557 1154 -
1584 1131 1774 1164 conversio

1079 1175 1201 1208 media
1229 1176 1428 1208 secundum
1462 1176 1585 1208 lunam
1619 1175 1657 1207 C.
1684 1176 1713 1216 l,
1738 1178 1772 1215 6,

1078 1223 1122 1252 58
1146 1223 1182 1252 et
1208 1222 1263 1252 60.
1322 1219 1461 1252 Mensis
1494 1219 1671 1261 cuiusque
1698 1219 1768 1251 ini·

1081 1264 1171 1296 tium
1193 1264 1236 1295 ab
1254 1267 1381 1295 exortu
1400 1264 1508 1296 lunae
1528 1273 1550 1295 a
1572 1262 1772 1295 maioribus

1079 1308 1313 1340 observatum
1342 1307 1379 1340 S.
1406 1307 1440 1348 l,
1468 1310 1528 1345 15,
1553 1309 1584 1338 5.
1631 1307 1772 1339 Mensis

1078 1351 1343 1394 Aegyptiorum
1360 1361 1429 1383 xxx
1454 1351 1583 1383 diebus
1609 1350 1774 1383 constitit

1079 1396 1116 1428 S.
1130 1396 1157 1435 1,
1174 1397 1275 1434 15,Ἷ.
1295 1394 1476 1426 Mensium
1496 1395 1575 1426 dies
1593 1395 1771 1435 quomodo

1077 1439 1292 1471 numerandi
1317 1438 1391 1470 sint
1415 1438 1451 1470 S.
1471 1438 1499 1477 1,
1522 1440 1575 1478 16,
1592 1441 1648 1470 40.
1697 1437 1769 1470 Nu-

1078 1494 1200 1515 merus
1229 1482 1377 1514 Romuli
1407 1487 1528 1514 aetate
1554 1481 1625 1513 fuit
1650 1481 1770 1513 incer-

1079 1532 1138 1559 tus
1168 1526 1204 1558 S.
1231 1526 1268 1566 I,
1296 1528 1356 1566 15,
1378 1528 1411 1557 6.
1459 1525 1563 1566 Quod
1594 1524 1770 1566 cuiusque

1078 1569 1225 1602 initium
1254 1573 1289 1601 et
1315 1573 1402 1610 quot
1430 1568 1660 1610 singulorum
1691 1569 1771 1601 fue-

1078 1613 1152 1646 rint
1186 1613 1266 1645 dies
1302 1624 1321 1644 e
1357 1612 1506 1644 Romuli
1540 1612 1770 1645 ordinatione

1079 1658 1115 1690 S.
1142 1658 1171 1698 Ι,
1201 1660 1252 1696 12,
1277 1660 1298 1689 3
1325 1660 1361 1688 et
1384 1659 1406 1687 8
1430 1660 1466 1688 et
1488 1659 1551 1695 383
1578 1659 1630 1695 15,
1655 1658 1676 1687 5
1693 1668 1768 1699 sqq.

1078 1703 1175 1743 Quot
1207 1701 1437 1743 singulorum
1469 1699 1605 1732 suerint
1636 1699 1716 1732 dies
1750 1711 1770 1732 e

1077 1746 1217 1777 Numae
1234 1744 1464 1777 ordinatione
1487 1743 1523 1776 S.
1549 1744 1578 1783 Ι,
1603 1746 1656 1783 13,
1674 1747 1695 1776 6
1717 1755 1769 1786 sq.

1077 1807 1121 1813 --
1146 1799 1190 1820 ex
1217 1788 1304 1820 Iulii
1336 1787 1508 1820 Caesaris
1540 1787 1770 1821 ordinatione

1077 1832 1114 1864 S.
1138 1833 1167 1872 I,
1195 1834 1246 1872 14,
1268 1835 1288 1864 6
1313 1843 1390 1873 sqq.

1033 1877 1222 1908 Menstrua
1245 1887 1325 1908 esse
1351 1873 1491 1916 frigida
1515 1873 1592 1915 Vll,
1615 1877 1648 1913 7,
1673 1876 1704 1906 9.

1036 1921 1184 1952 Montila
1209 1921 1277 1952 tela
1302 1919 1360 1957 VI,
1386 1922 1419 1959 6,
1443 1920 1494 1949 17.

1032 1964 1240 1996 Mercurius
1283 1962 1472 1995 hominum
1520 1963 1660 1992 mentes
1709 1960 1768 1993 vel

1076 2009 1202 2039 oculos
1228 2012 1262 2039 et
1283 2007 1416 2039 excitat
1438 2009 1473 2037 et
1499 2004 1596 2046 sopit
1621 2004 1768 2045 S.1,17‚

1074 2054 1129 2083 22.
1179 2052 1335 2083 Deorum
1362 2059 1576 2091 superorum
1609 2052 1646 2080 et
1677 2047 1769 2079 infc-

1075 2106 1197 2126 rorum
1235 2099 1290 2125 est
1324 2093 1474 2125 nuntius
1506 2093 1628 2123 alatus
1664 2091 1700 2123 S.
1737 2091 1766 2131 Ι,

1077 2141 1128 2178 19,
1143 2141 1164 2169 8
1176 2149 1250 2178 sqq.
1270 2138 1343 2168 Cur
1360 2137 1480 2168 dictus
1496 2135 1545 2166 sit
1558 2134 1767 2176 Argiphon-

1076 2185 1130 2213 tes
1170 2181 1217 2212 ib.
1250 2183 1301 2211 12.
1360 2176 1488 2219 Ἑρμῆς
1522 2177 1657 2209 dieitur
1693 2174 1766 2209 ἀπὸ

1073 2224 1138 2255 τοῦ
1168 2220 1370 2265 ἑρμηνεύειν
1397 2222 1444 2254 ib.
1468 2225 1508 2260 93
1542 2223 1593 2259 17,
1616 2223 1647 2253 5.
1701 2221 1767 2252 Est

1076 2268 1176 2299 vocis
1212 2273 1248 2299 et
1286 2265 1465 2298 sermonis
1500 2269 1628 2306 potens
1665 2264 1700 2296 S.
1736 2264 1765 2303 Ι,

1075 2313 1137 2351 12,
1162 2313 1216 2342 20.
1266 2329 1306 2333 -
1341 2309 1474 2341 mentis
1511 2312 1640 2349 potens
1671 2308 1708 2339 S.
1736 2308 1767 2346 Ι,

1077 2357 1136 2393 19,
1161 2358 1192 2386 9.
1248 2353 1424 2385 Mercurii
1459 2363 1588 2384 nomen
1623 2351 1768 2393 accepit:

1074 2398 1164 2430 solis
1184 2397 1299 2430 virtus
1321 2408 1414 2438 quae
1439 2395 1618 2428 sermonis
1642 2399 1767 2427 auctor

1073 2446 1129 2474 est
1160 2441 1195 2474 S.
1225 2442 1259 2479 l,
1290 2444 1346 2480 17,
1372 2444 1406 2472 5.
1466 2440 1536 2471 Pro
1571 2439 1648 2471 sole
1683 2449 1765 2470 eum

1074 2485 1216 2518 censeri
1256 2485 1471 2516 documento
1505 2487 1589 2515 sunt
1626 2492 1766 2523 pennae

1073 2540 1164 2571 quae
1190 2532 1394 2561 monstrant
1419 2527 1508 2559 solis
1532 2526 1765 2559 velocitatem

1074 2574 1112 2605 S.
1139 2573 1166 2611 l,
1194 2575 1245 2611 19,
1263 2576 1296 2603 8.
1344 2572 1444 2603 Idem
1469 2574 1525 2602 est
1551 2581 1631 2601 cum
1652 2569 1765 2611 Apol-

1074 2617 1147 2649 line
1165 2616 1214 2648 ib.
1231 2620 1262 2647 7.
1298 2615 1542 2657 coniungitur
1561 2624 1641 2644 cum
1666 2616 1765 2646 terra

1073 2660 1109 2692 S.
1134 2661 1170 2699 1,
1197 2662 1256 2699 12,
1282 2662 1338 2691 20.
1384 2657 1657 2690 simulachrum
1685 2657 1765 2689 eius

1072 2704 1288 2745 quadratum
1313 2703 1399 2744 quid
1417 2700 1603 2743 significet
1617 2700 1652 2732 S.
1665 2700 1694 2739 I,
1712 2703 1763 2740 19,

1075 2750 1126 2779 14.
1158 2748 1277 2779 Mater
1298 2746 1377 2778 eius
1407 2750 1463 2776 est
1486 2744 1584 2776 Maia
1607 2744 1643 2776 S.
1658 2745 1687 2783 l,
1708 2746 1764 2785 12,

1073 2794 1126 2823 19.
1178 2790 1276 2822 Maio
1306 2799 1430 2821 mense
1464 2787 1499 2820 ei
1534 2787 1766 2821 sacrificatur

1071 2834 1159 2867 ibid.
1190 2832 1324 2866 Tuscis
1342 2835 1397 2865 est
1409 2831 1590 2865 Camillus
1604 2832 1670 2872 111,
1683 2834 1718 2873 8,
1731 2835 1762 2864 6.
