1830 3126
224 4 308 47 268
863 12 1140 58 MACROBII

155 131 197 173 [6]
222 117 364 172 quinto
399 116 554 158 decimo
583 118 734 159 Rerum
769 119 992 165 divinarum
1023 126 1077 167 ita
1110 127 1248 179 refert,
1294 135 1399 187 quod
1423 138 1603 192 pontiseoe
1630 140 1673 181 in
1704 155 1768 181 sa-

220 175 299 215 eris
347 174 579 228 quibusdam
617 175 782 216 titulari
823 180 960 229 soleat,
1009 183 1114 236 quod
1150 184 1297 227 Graeci
1336 192 1572 242 παιωνίζειν
1616 204 1765 237 vocant.

156 231 206 271 12
220 231 301 270 Has
342 234 403 269 tot
443 228 782 283 interpretationis
821 235 1006 290 ambages
1043 252 1163 292 quam
1203 243 1339 295 paucis
1375 248 1503 288 verbis
1530 250 1647 292 docta
1687 252 1763 293 ele-

217 284 349 340 gantia
378 285 557 326 Maronis
588 287 800 341 expressit:

385 365 440 371 —
471 342 704 399 Laetumque
734 345 849 386 choro
879 362 1038 402 paeana
1068 353 1271 394 canentes!

216 397 316 438 Nam
349 397 379 437 si
411 399 575 439 ‘vitulam'
603 406 662 440 est
694 416 782 442 rece
813 403 972 452 laetari,
1019 407 1128 460 quod
1165 414 1224 449 est
1259 411 1515 463 παιανίζειν,
1555 430 1687 457 nonne
1721 418 1762 459 in

153 452 201 494 13
215 458 335 494 eantu
364 453 454 494 laeti
482 456 662 504 παιᾶνος
694 459 890 500 enarratio
920 461 1028 502 verbi
1061 462 1231 516 perfecta
1264 473 1417 508 servata
1449 471 1532 510 est?
1602 472 1672 521 Et,
1717 479 1762 514 ut

216 509 310 550 huie
339 512 531 551 vocabulo
560 512 709 553 diutius
740 514 1002 566 immoremur,
1050 520 1190 573 Hyllus
1219 521 1319 563 libro
1350 537 1469 577 quem
1503 526 1551 566 (le
1579 527 1639 568 dis
1667 542 1760 569 eon-

151 566 350 620 l-'lposuit
376 567 430 607 ait
466 568 628 609 Vetulam
655 572 792 611 vocar-z·
820 572 931 613 deam
959 588 1058 628 quae
1084 576 1252 618 laetitiae
1271 588 1438 633 praeest.
1498 582 1592 623 Piso
1622 584 1678 624 ait
1702 586 1758 626 vi-

213 624 334 664 tulam
372 625 575 665 victoriam
616 628 828 669 nominari.
899 628 1025 669 Cuius
1071 631 1128 671 rei
1170 632 1246 674 hoe
1283 642 1563 689 argumentum
1597 640 1759 693 profert,

213 679 316 734 quod
339 680 534 734 postridie
564 681 697 722 Nonas
726 683 851 724 Iulias
886 699 929 725 re
966 686 1058 728 bene
1091 697 1213 742 qesta,
1261 705 1348 731 enm
1372 694 1508 746 pridie
1534 697 1707 750 populus
1733 712 1758 737 a

215 736 348 776 Tuscis
376 738 419 776 in
443 738 580 790 suqam
607 751 742 778 versus
774 740 825 779 sit
855 739 974 792 (unde
1007 743 1265 799 Populisuqia
1295 750 1500 803 vocantur)
1526 759 1618 805 post
1639 753 1757 793 vieto-

148 789 314 832 l5rz'am
344 793 456 832 certis
485 793 690 847 sacrificiis
720 794 791 847 siat
819 796 1008 838 vitulatio.
1077 799 1253 849 Quidam
1285 816 1431 844 nemen
1462 805 1547 846 eius
1578 807 1756 848 animad-

211 860 368 889 versum
402 852 562 902 putant,
609 849 716 904 quod
753 854 895 904 potens
924 852 976 893 sit
1004 853 1105 895 vitae
1130 857 1375 899 tolerandae:
1425 859 1515 902 ideo
1539 860 1631 904 huie
1660 863 1757 905 deae

298 976 402 1018 [uss.
428 976 596 1011 ABGPS.

207 1032 292 1064 viri
314 1031 353 1063 Α.
377 1050 418 1055 -
441 1033 613 1076 Cingius
635 1034 729 1067 coni.
750 1036 906 1070 Merkel.
932 1039 976 1071 ad
1002 1038 1108 1073 Ovid.
1124 1039 1220 1074 Fast.
1240 1044 1409 1087 prolegg.
1435 1057 1468 1087 p.
1495 1057 1614 1079 Lxxvr
1648 1048 1752 1089 „Non

206 1076 353 1116 dubito,
390 1076 527 1118 inquit,
568 1079 653 1120 quin
690 1092 782 1122 quae
814 1082 1025 1115 Macrobius
1060 1084 1136 1118 Sat.
1163 1086 1233 1126 111,
1257 1091 1289 1119 2.
1316 1113 1349 1120 ..
1381 1091 1448 1122 sub
1483 1091 1577 1124 Titii
1606 1093 1753 1126 nomine

206 1122 357 1163 profert,
383 1121 456 1153 sint
483 1133 524 1153 ex
551 1123 589 1154 l..
617 1126 728 1157 Cincii
758 1126 863 1158 libris
889 1129 933 1160 de
958 1129 1081 1161 verbis
1108 1130 1254 1171 priscis,
1280 1144 1346 1164 non
1374 1145 1416 1165 ex
1448 1136 1482 1167 C.
1515 1137 1598 1169 Titii
1620 1137 1703 1170 Sex.
1727 1139 1751 1170 f.

207 1166 291 1198 Sex.
316 1178 348 1198 n.
375 1166 512 1198 tribuni
540 1168 657 1209 plebis
683 1180 714 1201 a.
743 1181 774 1201 u.
798 1182 827 1202 e.
852 1175 930 1204 597.
955 1173 1224 1207 orationibus.“
1270 1176 1459 1211 Consentit
1487 1180 1531 1211 M.
1556 1181 1683 1214 Hertz.
1707 1183 1752 1215 de

203 1210 329 1242 Luciis
351 1210 490 1242 Cinolis
519 1224 551 1253 p.
578 1214 630 1244 35.
659 1214 857 1247 adiiciens:
890 1218 1019 1258 „Quae
1047 1219 1258 1253 coniectura
1283 1222 1475 1264 ingeniosa
1500 1225 1752 1267 diplomaticis

204 1259 304 1287 uerte
330 1256 536 1288 rationibus
565 1258 718 1301 egregie
744 1259 936 1293 firmatur'·
961 1266 1029 1294 cet.
1082 1264 1134 1295 Cf.
1160 1266 1192 1304 Ι,
1224 1268 1279 1306 16,
1302 1269 1356 1298 28.
1402 1285 1436 1291 —
1480 1271 1597 1309 quinto
1620 1272 1749 1304 decimo

203 1301 290 1332 libro
320 1301 519 1333 divinarum
545 1313 657 1335 rerum
685 1304 728 1335 G.
767 1323 811 1328 —
851 1307 961 1338 l'arro
987 1330 1016 1339 ..
1044 1310 1150 1348 refert
1175 1321 1255 1341 enm
1289 1322 1385 1352 seqq.
1416 1312 1508 1344 Titii
1537 1315 1660 1347 verbis
1685 1316 1751 1348 ad-

202 1350 443 1377 numerantur
468 1346 501 1377 in
524 1347 597 1377 s—b.
634 1366 676 1370 —
716 1348 913 1388 παιανίζειν
938 1357 1061 1384 vocant
1086 1363 1155 1384 om.
1183 1354 1221 1385 P.
1245 1365 1315 1386 una
1339 1355 1437 1387 linea
1465 1357 1595 1390 relicta
1621 1370 1749 1393 vacua.

202 1391 265 1422 ita
291 1391 512 1431 ianrpzein
539 1397 662 1424 vocant
686 1392 724 1423 Λ.
772 1399 808 1425 ut
835 1395 868 1425 in
890 1406 947 1437 gr.
973 1401 1096 1428 vocant
1119 1397 1160 1429 G.
1304 1402 1353 1431 12.
1390 1401 1546 1434 Maronis
1568 1404 1748 1446 elegantia

202 1434 339 1476 v-ng.
399 1435 625 1476 eloquentia
654 1437 810 1469 Maronis
839 1450 908 1469 s-z.
951 1440 1027 1480 „An
1056 1440 1116 1471 hie
1141 1442 1267 1483 agitur
1290 1444 1334 1475 de
1366 1445 1561 1487 eloquentia
1586 1439 1746 1489 puetac‘ss

202 1478 306 1510 Nune
342 1489 484 1520 quoque
520 1479 748 1521 Stephanum
786 1482 969 1515 andimus.
1035 1485 1183 1527 Antiqui
1223 1488 1423 1530 elegantia,
1467 1491 1527 1531 qui
1568 1491 1746 1526 iudicium

201 1533 321 1555 meum
347 1523 571 1565 accipiuntf‘
597 1525 706 1557 Gron,
746 1526 822 1558 Vid.
850 1532 922 1559 not.
951 1547 985 1551 —
1018 1530 1242 1572 Laetumque]
1269 1533 1353 1564 Aen.
1382 1534 1438 1573 Vl,
1463 1538 1541 1566 657.
1566 1554 1610 1560 -
1634 1542 1682 1570 est
1708 1544 1747 1571 nt

201 1569 237 1600 in
263 1579 321 1611 gr.
345 1568 387 1599 G.
424 1587 467 1591 -—-
506 1579 713 1602 παιαΝοοε.
745 1573 903 1604 narratio
937 1572 977 1604 B.
1031 1584 1268 1607 παιαΝ-οοε.
1304 1578 1464 1609 narratio
1497 1579 1535 1610 A.
1594 1581 1747 1614 παιανί-

199 1611 325 1651 ζουσι
349 1614 507 1644 narratio
532 1613 567 1644 S.
615 1616 791 1647 enarratio
818 1616 906 1656 (om.
931 1616 1102 1656 παιᾶνος)
1137 1619 1178 1650 G.
1215 1638 1256 1643 -
1294 1627 1433 1654 servata
1459 1623 1548 1663 (om.
1574 1626 1642 1666 est)
1667 1637 1745 1669 v—g.

339 1660 389 1688 13.
432 1657 549 1699 Ilylus
579 1658 642 1689 l'v.
695 1660 881 1702 Hyginus
905 1661 1190 1704 „Rescripserat
1214 1664 1422 1698 Scriverius
1457 1668 1500 1699 ad
1528 1679 1627 1701 oram
1658 1668 1745 1704 libri

199 1700 270 1733 sui.
319 1701 390 1743 Qui
417 1706 452 1733 et
475 1702 671 1743 aliquoties
698 1715 719 1736 a
747 1705 935 1737 Macrobio
963 1706 999 1738 in
1026 1708 1275 1741 testimonium
1312 1711 1517 1744 adducitur.
1567 1714 1745 1755 Quamvis

199 1746 326 1777 eodem
352 1750 501 1778 notante
525 1747 651 1788 Hyllus
678 1748 773 1780 inter
798 1750 961 1783 Romana
985 1752 1096 1785 etiam
1123 1753 1268 1786 nomina
1294 1756 1500 1797 reperiatur
1526 1757 1561 1789 in
1588 1758 1746 1802 inserip-

199 1790 362 1822 tionibus
383 1795 418 1822 et
441 1792 536 1833 apud
562 1792 815 1825 Martialem-‘⁶
842 1795 946 1827 Pont.
989 1814 1021 1818 —
1076 1799 1284 1830 I'itulinam
1313 1811 1337 1842 g
1363 1800 1397 1831 in
1421 1812 1493 1844 ing.
1537 1820 1570 1825 -
1607 1810 1746 1845 praeest

198 1836 310 1868 leticie
343 1836 384 1867 G.
526 1839 579 1868 14.
620 1837 699 1870 Piso
730 1838 762 1870 G
794 1849 814 1871 a
845 1850 916 1871 see.
947 1850 1015 1879 m.;
1046 1841 1205 1873 Si-bM2.
1260 1855 1329 1876 «im.
1365 1845 1404 1876 B.
1466 1847 1566 1879 Poso
1599 1847 1624 1878 Λ
1648 1848 1696 1885 (Β
1721 1859 1744 1881 a

199 1891 271 1912 sec.
299 1891 332 1912 m
358 1892 367 1919 3
393 1880 424 1911 G
449 1891 470 1912 a
494 1892 526 1922 p.
552 1885 617 1919 m.)
644 1882 770 1915 Ple.
794 1902 839 1909 —
868 1885 1102 1928 Populifugia
1129 1887 1306 1920 ‹licuntu
1318 1900 1333 1919 r
1358 1889 1443 1933 clig.
1466 1908 1510 1914 --
1530 1896 1609 1933 post
1633 1892 1742 1925 victo-

197 1926 287 1957 riam
322 1931 566 1968 sequentem
598 1937 631 1958 v.
773 1930 825 1960 15.
872 1930 1058 1973 l‘irgilius]
1086 1931 1215 1974 Eclog.
1242 1932 1314 1974 111,
1340 1937 1393 1966 77.
1429 1953 1475 1959 -
1508 1936 1654 1968 vitulam
1680 1948 1745 1980 pro

243 2042 296 2071 1⁶2.
345 2041 446 2073 docta
468 2042 648 2084 elegantia
669 2043 837 2084 Maronis]
859 2043 936 2082 „Ea

200 2084 372 2116 consistit
394 2085 428 2116 in
448 2087 590 2118 delectu
610 2087 841 2128 propriorum
859 2088 935 2119 cui-

196 2140 267 2170 que
301 2129 355 2160 rei
386 2131 603 2170 verborum,
646 2142 752 2172 quam
792 2131 826 2162 in
867 2131 934 2163 illo

197 2172 345 2205 Vettius
370 2172 442 2205 iam
470 2175 640 2206 ostendit.
687 2175 788 2206 Infra
820 2187 849 2208 e.
879 2178 931 2207 11.

199 2217 231 2260 [§
257 2218 325 2259 9.]:
373 2219 480 2251 Poeta
510 2220 597 2250 enim
629 2230 736 2261 aeque
768 2220 803 2251 in
835 2221 934 2253 rebus

195 2263 373 2294 doctrinae
408 2268 439 2295 et
473 2264 507 2295 in
533 2263 644 2296 verbis
673 2268 821 2296 sectator
851 2266 934 2297 ele-

197 2308 394 2350 gantiae.
430 2307 519 2349 Cap.
544 2310 575 2339 4.
602 2308 638 2349 [δ
663 2307 709 2349 6.]
737 2312 845 2340 vocat
866 2321 932 2342 non

197 2352 407 2383 incuriosam
434 2353 697 2384 subtilitatem.“
722 2352 841 2385 Gnmv.

244 2398 294 2427 14.
348 2397 494 2428 vitulam
528 2397 707 2429 victoriam
743 2398 932 2440 nominari]

194 2439 257 2472 Sic
296 2441 409 2483 vulgo
450 2441 562 2473 etiam
599 2442 745 2473 vitulari
783 2446 933 2483 putatur

194 2489 314 2517 ortum
351 2496 434 2517 esse
467 2497 486 2517 e
519 2487 706 2518 victulari.
754 2485 810 2518 Cf.
837 2487 932 2519 llar-

193 2534 295 2571 tnng.
324 2530 377 2567 ΙΙ,
403 2542 438 2571 p.
465 2533 542 2562 256.
588 2530 658 2562 Sed
685 2531 931 2564 Doederlinus

193 2574 264 2605 hoe
300 2575 450 2606 verbum
486 2575 575 2607 dicit
617 2586 699 2606 esse
735 2576 932 2608 deminuti-

193 2630 279 2651 vum
306 2619 438 2651 Graeci
466 2617 600 2659 αἴθειν,
623 2630 839 2662 comparans
862 2621 933 2663 Sy-

193 2674 277 2695 non.
304 2663 361 2701 vl,
388 2675 420 2705 p.
447 2665 524 2695 408.
563 2664 760 2696 Gothicum
787 2666 931 2707 withan,

194 2708 265 2740 sich
302 2709 451 2748 weiden,
495 2708 640 2740 Handb.
674 2709 707 2741 d.
739 2709 861 2753 Etym.
897 2722 930 2753 p.

193 2754 272 2785 209.
317 2752 516 2784 Gothicum
544 2753 670 2793 vitlzon,
693 2754 865 2797 bewegcn.

238 2808 260 2828 α
290 2797 423 2839 Tuscis]
461 2797 581 2840 Supra
608 2798 661 2837 (Ι,
689 2800 749 2838 11,
774 2801 847 2837 37.)
875 2798 931 2831 di-

194 2844 325 2873 cuntur
375 2841 492 2874 fuisse
539 2841 690 2874 finitimi
743 2843 806 2885 qui
858 2842 930 2876 sibi

194 2885 440 2926 praefecerint
495 2885 727 2921 Postumium
784 2886 931 2922 Livium

1003 2044 1238 2078 Fidenatium
1272 2047 1500 2080 dictatorem.
1543 2049 1598 2082 Cf.
1629 2050 1741 2083 Varro

1002 2088 1043 2120 L.
1070 2089 1108 2120 L.
1145 2091 1208 2131 vl,
1233 2093 1270 2128 3,
1301 2094 1349 2122 ¹8.
1388 2094 1455 2132 Qui
1479 2098 1550 2125 tum
1574 2094 1633 2125 sub
1658 2096 1738 2127 urbe

1000 2134 1142 2175 populi,
1183 2140 1220 2167 ut
1254 2136 1447 2169 Ficuleates
1477 2149 1517 2169 ac
1553 2139 1739 2172 Fidenates

1003 2182 1033 2209 et
1055 2179 1204 2218 finitimi
1233 2180 1314 2221 alti,
1348 2186 1467 2213 contra
1490 2193 1551 2214 nos
1573 2184 1735 2216 coniura-

1003 2227 1095 2253 runt.

1050 2266 1296 2310 Populifugia]
1323 2268 1377 2300 Cf.
1406 2269 1518 2302 Varro
1545 2270 1571 2302 Ι.
1597 2281 1627 2302 c.
1657 2271 1739 2303 Dies

1005 2310 1278 2354 Poplifugia
1335 2314 1471 2345 videtur
1526 2316 1738 2356 nominatus,

1001 2356 1092 2396 quod
1117 2366 1154 2388 eo
1180 2357 1235 2388 die
1266 2359 1415 2390 tumultu
1440 2364 1577 2400 repente
1595 2361 1738 2401 sugerit

998 2400 1160 2440 populus.
1216 2400 1372 2433 Merkel.
1412 2402 1435 2433 l.
1474 2414 1503 2434 c.
1539 2415 1573 2445 p.
1609 2414 1735 2435 cnvnr.

1001 2443 1074 2474 huc
1097 2445 1211 2476 refert
1237 2445 1348 2477 etiam
1378 2457 1419 2478 ea
1444 2457 1535 2488 quae
1562 2448 1736 2489 leguntur

1000 2489 1095 2528 apud
1120 2489 1314 2531 Augustin.
1341 2490 1380 2521 C.
1408 2491 1449 2521 D.
1486 2491 1537 2530 11,
1566 2494 1620 2522 6.:
1664 2491 1735 2522 Nec

1000 2532 1059 2564 ubi
1095 2534 1296 2576 Fugalia
1336 2535 1588 2566 celebrarentur
1623 2534 1734 2575 effusa

1000 2578 1094 2609 omni
1120 2578 1260 2609 licentia
1286 2579 1560 2620 turpitudinum,
1597 2582 1628 2609 et
1656 2589 1733 2611 vere

1002 2621 1172 2665 Fugalia,
1198 2623 1256 2653 sed
1282 2623 1426 2664 pudoris
1449 2627 1480 2653 et
1501 2622 1701 2654 honestatis.

1048 2669 1096 2698 15.
1150 2666 1298 2706 Quidam
1329 2677 1450 2697 nomen
1472 2666 1545 2697 eius
1568 2667 1733 2698 animad-

998 2721 1132 2743 versum
1153 2714 1291 2751 putant,
1315 2710 1405 2751 quod
1426 2715 1546 2751 potens
1573 2710 1617 2742 sit
1640 2711 1733 2743 vitae

998 2754 1215 2794 tolerandae]
1241 2753 1264 2785 i.
1295 2764 1327 2785 e.
1354 2753 1513 2794 Quidam
1539 2757 1667 2795 putant
1691 2766 1731 2787 se

998 2797 1230 2830 intellexisse
1258 2808 1388 2829 nomen
1419 2798 1498 2830 eius
1524 2797 1608 2830 inde
1633 2799 1732 2831 deri-

998 2842 1156 2875 vandum
1179 2842 1273 2883 quod
1296 2845 1425 2884 potens
1451 2842 1500 2874 sit
1523 2846 1591 2876 cet.
1619 2843 1731 2877 Prae-

999 2890 1098 2921 terea
1121 2885 1194 2919 vid.
1221 2890 1294 2921 not.
1319 2887 1365 2921 ad
1387 2886 1417 2929 1,
1441 2890 1474 2929 9,
1497 2889 1529 2921 6.
