1844 3168
337 67 809 113 SATURNALIORUM
850 67 950 109 LlB.
983 69 1013 108 l.
1053 67 1170 110 CAP.
1209 67 1300 108 V11.
1532 67 1588 110 59

48 181 116 223 sed
148 180 322 222 accensis
351 181 568 222 luminibus
602 180 848 228 excolentes,
890 180 984 234 quia
1020 194 1099 220 non
1134 179 1263 220 solum
1297 179 1422 221 virum
1451 178 1519 219 sed
1551 185 1590 220 et

48 237 196 279 lumina
226 238 348 292 φῶτα
375 237 581 290 significat.
650 236 746 277 Inde
777 250 863 276 mos
893 250 964 298 per
994 236 1221 277 Saturnalia
1255 235 1495 277 missitandis
1526 237 1656 280 ce-32

48 293 124 335 reis
161 294 302 348 coepit.
366 290 445 335 Alii
479 307 615 334 cereos
651 307 730 334 non
764 293 814 333 ob
852 292 956 333 aliud
994 293 1094 333 mitti
1135 298 1275 346 putant
1312 306 1432 346 quam
1479 293 1588 346 quod

48 350 123 391 hoc
161 350 338 404 principe
369 352 418 391 ab
453 350 596 390 incomi
631 356 669 389 et
705 349 914 389 tenebrosa
946 349 1022 389 vita
1058 348 1169 402 quasi
1205 348 1251 387 ml
1284 349 1408 388 lucem
1442 354 1479 389 et
1518 350 1588 390 bo-

48 419 186 446 narum
220 407 364 447 artium
395 407 596 447 scientiam
629 406 721 446 editi
751 419 900 446 sumus.
968 405 1069 445 lllud
1105 418 1267 458 quoque
1297 404 1335 444 in
1364 405 1502 445 litteris
1531 406 1588 445 in-
1603 407 1655 449 33

48 462 184 510 venio,
220 463 350 516 quod,
392 477 481 503 cum
510 463 622 503 multi
657 462 866 502 occasione
893 461 1207 502 Saturnaliorum
1238 474 1306 514 per
1339 461 1542 502 avaritiam
1568 476 1589 502 a

47 519 255 559 clientibus
285 519 494 559 ambitiose
523 533 687 559 munera
716 519 916 571 exigerent
947 518 1067 571 idque
1094 530 1195 557 onus
1227 516 1428 557 tenuiores
1455 531 1589 568 gram-

48 581 119 623 ret,
141 575 346 615 Publicius
371 576 555 615 tribunus
584 575 685 628 plebi
711 575 812 622 tulit,
839 588 917 614 non
947 574 1019 614 nisi
1050 573 1152 613 cerei
1179 572 1390 613 ditioribus
1421 573 1590 613 missita-

49 637 195 671 rentur.
262 631 336 671 Hic
367 632 536 672 Albinus
566 631 735 672 Caecina
767 630 955 670 subiecit:
989 629 1159 680 Qualem
1192 643 1297 669 nunc
1329 630 1590 683 permutatio-
1605 631 1658 672 34

48 701 138 727 nem
167 687 366 736 sacrificii,
403 688 676 735 Praetextato,
714 686 964 734 memorasti,
1001 685 1157 726 invenio
1186 691 1323 739 postea
1358 686 1591 740 Compitali-

48 743 123 783 bus
153 743 414 793 celebratam,
447 757 536 784 cum
569 742 650 783 ludi
682 756 751 796 per
778 743 917 783 urbem
949 742 987 782 in
1016 741 1201 796 compitis
1232 741 1507 796 agitabantur,
1531 756 1592 783 re-

48 799 174 840 stituti
204 799 355 841 seilicet
381 814 403 841 a
431 799 650 855 Tarquinio
667 799 850 854 Superbo
874 798 1042 840 Laribus
1072 812 1116 839 ac
1142 798 1300 840 Maniae
1325 812 1372 839 ex
1401 812 1593 853 responso

1096 920 1186 954 Edd.
1213 920 1500 964 vicahgspdzb.]

46 987 144 1019 pace,
160 976 375 1009 dimittendis
396 976 609 1009 adversariis
624 976 720 1007 etc.“
744 975 856 1008 Gron.
881 994 921 998 —
940 977 1022 1018 fota
1045 975 1179 1008 ABGS.
1198 993 1239 1000 —-
1265 977 1490 1027 significant
1516 987 1595 1021 v-g.

157 1023 212 1054 32.
249 1023 367 1054 simus
393 1021 430 1053 A.
544 1023 599 1053 33.
635 1021 793 1053 tribunus
815 1021 937 1063 plebis
956 1020 991 1053 ia
1013 1020 1138 1063 „Lego
1162 1032 1203 1053 ex
1223 1027 1435 1054 coniectura
1455 1026 1491 1054 et
1517 1032 1548 1053 v.
1567 1034 1594 1055 c.

49 1065 210 1098 tribunus
231 1067 344 1109 plebei
367 1066 447 1099 tulit
466 1070 503 1098 ut
529 1077 597 1098 non
626 1077 661 1098 n.
688 1077 714 1097 c.
740 1066 772 1097 d.
799 1065 992 1098 Genitivus
1018 1065 1191 1107 antiquus
1213 1066 1363 1108 plebei.‘·
1389 1066 1527 1099 Meurs.
1553 1084 1594 1091 —-

51 1111 131 1143 tulit
160 1116 205 1143 ut
232 1122 297 1142 non
322 1121 400 1153 v-g.
451 1111 529 1143 tulit
552 1121 600 1142 ne
621 1110 655 1142 S.
683 1127 725 1134 —
751 1111 838 1142 cerei
863 1110 1061 1143 ditionibus
1082 1110 1124 1142 G.
1175 1111 1357 1143 ditioribus
1381 1113 1468 1144 cerei
1489 1112 1594 1144 s-bP.

184 1157 237 1186 34.
279 1166 367 1187 cum
392 1155 633 1197 compitalibus
655 1154 682 1185 Β
711 1154 762 1192 (G
786 1165 805 1186 a
829 1166 901 1186 sec.
928 1156 1006 1196 m.).
1033 1173 1075 1178 -——
1101 1155 1136 1186 in
1164 1155 1452 1198 compitalibus
1480 1157 1523 1189 G.
1554 1175 1593 1180 —

49 1200 220 1242 tarquino
246 1198 282 1232 S.
322 1217 365 1224 —-
405 1200 575 1242 capitibus
596 1210 660 1242 pro
685 1200 856 1242 capitibus
884 1199 973 1231 ΒΗ.
1021 1200 1192 1243 capitibus
1216 1201 1306 1241 (om.
1330 1211 1394 1243 pro
1418 1202 1545 1245 capit.)
1572 1201 1594 1234 i.

47 1313 180 1346 oscilla
200 1324 281 1345 cum
301 1313 499 1346 Bacchicis
515 1324 608 1355 quae
629 1325 788 1346 comme·

49 1362 238 1391 morantur
263 1369 283 1391 a
298 1358 455 1400 Virgilio
473 1359 609 1402 Georg.
631 1360 678 1399 II,
696 1361 788 1397 389„

49 1414 143 1445 quae
175 1407 259 1435 sunt
295 1402 429 1445 αἰῶραι
460 1403 708 1444 Graecorum,
745 1404 789 1436 de

48 1447 180 1490 quibus
213 1447 286 1479 vid.
310 1448 480 1480 Servium
514 1449 558 1480 ad
594 1448 700 1480 illum
734 1449 789 1480 lo-

50 1503 144 1530 cum,
171 1492 396 1525 Snlmasium
425 1493 469 1525 ad
496 1492 718 1525 Tertullian.
745 1493 789 1525 de

52 1537 166 1579 pallio
193 1548 225 1579 p.
246 1540 331 1576 130„
359 1536 522 1569 Tur-neb.
542 1539 693 1570 Advers.
711 1537 789 1577 XX,

49 1583 124 1620 24„
151 1581 322 1614 Creuzer.
353 1581 411 1614 lv.
437 1594 471 1624 p.
499 1584 554 1615 93.
602 1584 682 1615 Hoc
709 1583 789 1614 loco

51 1627 206 1658 oscillum
245 1631 300 1658 est
334 1626 599 1659 deminutivum
631 1626 792 1660 nominis

51 1682 100 1710 os,
121 1670 184 1702 sed
208 1671 301 1712 apud
326 1671 523 1712 Virgilium
549 1671 789 1704 derivandum

53 1720 109 1748 est
136 1715 181 1746 ab
207 1716 414 1747 oscillando.

96 1760 248 1834 alcggnsis
267 1758 466 1801 luminibus]
494 1757 548 1790 cf.
574 1757 747 1791 Creuzer.
762 1757 790 1790 1.

54 1815 85 1846 p.
183 1826 190 1834 .

97 1850 150 1880 32.
198 1847 416 1879 missitandis
439 1846 556 1889 cereis]
592 1845 647 1878 Cf.
675 1856 706 1877 c.
734 1848 788 1878 11.

55 1891 147 1934 §49.
175 1896 211 1924 et
237 1891 350 1924 Varro
373 1891 411 1923 L.
435 1891 476 1922 1..
503 1892 546 1929 V,
572 1892 627 1923 64.
663 1892 790 1923 Satur-

52 1937 192 1969 nalibus
212 1937 322 1968 cerei
341 1936 577 1978 superioribus
597 1936 792 1968 mittuntur.

55 1980 186 2013 Festus
221 1991 277 2022 ap.
312 1980 418 2012 Paul.
457 1980 520 2012 lib.
562 1980 628 2012 III.
672 1991 706 2022 p.
736 1983 790 2012 54.

55 2026 183 2058 Muell.
221 2027 370 2058 Cereos
390 2025 638 2058 Saturnalibus
661 2025 795 2057 muneri

54 2071 186 2102 dabant
210 2070 410 2102 humiliores
427 2070 692 2112 potentioribus,
711 2070 794 2112 quia

54 2115 209 2146 candelis
237 2125 429 2157 pauperes,
469 2114 653 2157 locupletes
690 2115 794 2146 cereis

54 2160 250 2191 utebantur.
273 2177 315 2182 —
341 2158 515 2198 Dativus,
556 2169 662 2200 quem
691 2158 794 2191 dicas

56 2203 145 2236 licet
189 2202 352 2235 dativum
397 2203 597 2243 commodi,
647 2203 795 2246 ponitur

56 2259 120 2291 pro
147 2247 330 2291 genitivo,
353 2248 559 2280 missitaudi
583 2259 705 2280 cereos.

99 2295 154 2324 33.
205 2293 298 2324 Illud
323 2315 357 2324 ..
383 2293 539 2332 invenio,
576 2293 680 2335 quod]
716 2293 795 2326 I'id.

57 2341 131 2368 not.
156 2336 199 2368 ad
225 2337 362 2368 Comm.
390 2337 418 2376 1,
443 2339 496 2376 13,
527 2339 578 2369 18.

103 2380 294 2421 ambitiose]
324 2380 362 2410 h.
390 2391 422 2412 e.
447 2380 559 2412 nimio
586 2380 707 2413 studio
734 2381 794 2413 vel

58 2423 204 2456 blandis
245 2423 368 2456 verbis
403 2425 573 2467 singulos
614 2426 795 2466 adeundo,

59 2469 104 2500 cf.
138 2469 283 2501 Pctron-
311 2468 388 2500 Sat.
413 2472 469 2500 65.
494 2480 582 2510 quae
603 2474 641 2501 ut
666 2481 794 2502 comes—

57 2524 188 2552 semus,
234 2513 598 2545 ambitiosissime
638 2525 660 2545 a
700 2515 796 2546 nobis

63 2558 272 2590 Trimalchio
311 2558 426 2600 petiit.
498 2557 575 2589 Cic.
617 2558 659 2590 ad
708 2558 795 2590 sam.

58 2601 167 2643 XIII,
197 2604 231 2643 Ι,
257 2604 288 2633 5.
313 2602 411 2635 homo
437 2603 575 2634 minime
599 2603 796 2634 ambitio-

59 2658 147 2687 sus,
188 2647 326 2678 minime
360 2647 394 2678 in
428 2648 588 2690 rogando
624 2648 797 2680 molestus.

59 2690 183 2723 Iuven.
202 2691 269 2729 111,
292 2693 356 2722 182
379 2703 433 2733 sq.
461 2692 516 2724 hic
542 2693 687 2724 vivimus
717 2703 797 2723 am—

61 2736 219 2768 bitiosa
249 2735 461 2778 Paupertate
484 2747 620 2774 omnes‚·
653 2737 712 2768 vel
738 2747 798 2768 ar-

60 2784 235 2822 roganter
272 2781 446 2821 petendo,
497 2781 543 2812 cf.
584 2781 672 2814 Tac.
709 2781 798 2813 Ann.

60 2823 131 2863 III,
159 2826 212 2856 13.
243 2825 468 2857 ambitiose
500 2836 674 2868 avareque
697 2826 797 2858 habi-

61 2872 131 2900 tam
160 2869 391 2911 Hispaniam,
423 2869 546 2912 Agric.
572 2872 626 2902 30.
650 2871 680 2904 si
703 2871 799 2904 locu-

60 2912 135 2954 ples
169 2913 275 2946 hostis
313 2919 382 2955 est,
422 2915 542 2956 avari,
584 2916 614 2948 si
651 2926 798 2959 pauper,

65 2956 301 2990 ambitiosi.

899 1314 1056 1357 munera]
1095 1314 1149 1347 Cf.
1187 1314 1337 1348 sueton.
1378 1315 1506 1349 Octav.
1541 1318 1595 1349 75.

855 1358 950 1391 Plin.
976 1370 1033 1401 ep.
1061 1360 1119 1398 IV,
1145 1363 1178 1399 9,
1201 1364 1232 1392 7.
1267 1360 1429 1393 martial.
1457 1361 1503 1401 V,
1528 1364 1596 1401 18„

856 1403 939 1446 vll,
966 1406 1021 1436 53.
1061 1404 1212 1437 Lucian.
1245 1404 1439 1438 Cronosol.
1476 1407 1517 1438 14
1541 1417 1595 1449 sq.

856 1448 922 1490 Ep.
950 1448 1027 1480 Sat.
1057 1451 1071 1480 1
1099 1454 1136 1481 et
1160 1452 1193 1481 2.

903 1493 1080 1526 Publicius
1108 1498 1151 1526 tr.
1183 1494 1234 1536 pl.
1263 1493 1356 1536 tulit]
1389 1493 1494 1536 Quod
1527 1505 1598 1536 quo

857 1541 1021 1580 tempore
1047 1539 1183 1571 factum
1210 1538 1270 1577 sit,
1291 1549 1360 1571 non
1388 1543 1544 1572 constat.

900 1584 956 1614 34.
1009 1582 1271 1626 Compitalibus]
1294 1583 1371 1616 Vici.
1395 1588 1468 1617 not.
1497 1584 1541 1616 ad
1568 1583 1597 1625 Ι,

856 1628 911 1701 4,,
933 1630 966 1658 9.
1007 1632 1043 1659 et
1082 1627 1322 1661 hildebrand.
1370 1628 1416 1661 ad
1464 1627 1597 1661 Arnob.

857 1671 893 1703 11
917 1695 926 1711 ‚
951 1673 1007 1703 41.

903 1726 978 1746 cum
1015 1715 1090 1747 ludi
1120 1726 1181 1758 per
1215 1716 1330 1748 urbem
1369 1717 1405 1748 in
1440 1716 1600 1758 compitis

858 1759 1102 1801 agitabantur]
1129 1759 1182 1791 cf.
1201 1760 1278 1792 Cic.
1301 1766 1394 1793 orat.
1418 1760 1454 1792 in
1471 1761 1547 1792 Pis.
1565 1761 1600 1798 4,

858 1806 888 1834 8.
916 1803 960 1835 ad
993 1813 1099 1845 quem
1127 1804 1247 1836 locum
1274 1804 1465 1838 adnotavit
1488 1805 1600 1837 Asco-

858 1847 941 1879 nius
968 1852 1021 1889 (p.
1046 1851 1077 1879 7.
1104 1847 1206 1886 Or.):
1246 1849 1412 1883 Solebam
1436 1850 1601 1893 magistri

858 1893 1083 1935 collegiorum
1108 1893 1209 1925 ludos
1227 1895 1367 1934 facere,
1409 1894 1497 1926 sicut
1521 1905 1599 1926 rna-

858 1938 965 1980 gistri
997 1937 1147 1969 vicorum
1175 1939 1356 1977 faciebant
1397 1939 1602 1981 Compitali-

860 1982 943 2019 tios,
968 1982 1182 2024 praetextati
1209 1982 1287 2024 [Or.
1312 1993 1453 2015 comma
1479 1982 1602 2024 posuit

860 2030 944 2068 post.
977 2026 1192 2068 faciebant]‚
1241 2028 1300 2069 qui
1338 2028 1415 2059 ludi
1455 2028 1602 2060 sublatis

860 2071 1018 2113 collegiis
1037 2069 1096 2111 (L.
1115 2070 1211 2103 Iulio
1236 2076 1272 2104 et
1287 2071 1325 2104 C.
1343 2071 1463 2104 Mario
1487 2075 1601 2110 coss.)

861 2115 1008 2147 discussi
1044 2120 1134 2148 sunt.
1199 2116 1281 2149 Post
1320 2128 1439 2149 novem
1478 2117 1603 2149 deinde

861 2171 990 2199 annoS‚
1016 2171 1118 2202 quam
1149 2160 1287 2194 sublata
1313 2166 1425 2201 erant,
1452 2161 1491 2193 P.
1523 2161 1603 2194 Clo-

861 2205 941 2237 dius
966 2206 1126 2237 tribunus
1146 2206 1257 2248 plebis
1284 2206 1363 2249 lege
1395 2206 1471 2239 lata
1500 2206 1602 2239 resti-

861 2249 929 2282 tuit
955 2250 1117 2292 collegia.
1168 2250 1284 2283 Verba
1305 2261 1381 2283 cum
1407 2274 1415 2282 .
1437 2276 1444 2283 .
1476 2251 1602 2295 agita·

862 2294 987 2326 bantur
1043 2294 1215 2326 videntur
1270 2294 1486 2338 significare
1535 2295 1603 2327 ina

863 2342 984 2370 aetate
1009 2338 1077 2370 hos
1108 2339 1215 2371 ludos
1241 2351 1310 2372 non
1333 2340 1494 2382 amplius
1521 2350 1604 2371 esse

863 2382 1081 2415 celebratos.
1122 2383 1274 2416 Servius
1295 2390 1422 2417 auctor
1443 2388 1499 2416 est
1523 2383 1605 2416 Vir-

863 2427 997 2470 gilium
1031 2428 1117 2459 Aen.
1144 2428 1240 2462 vm.
1266 2431 1329 2461 717
1355 2440 1431 2471 sqq.
1462 2428 1604 2461 descri-

863 2473 950 2504 bere
972 2472 1040 2504 hos
1066 2473 1185 2504 ludos.

906 2517 1058 2549 restituti
1089 2518 1219 2550 scilicet
1252 2529 1273 2549 a
1309 2517 1498 2560 Tarquinio
1533 2516 1603 2547 Su-

861 2561 962 2602 perbo
986 2561 1132 2594 Laribus
1157 2573 1197 2594 ac
1220 2562 1376 2604 Maniae]
1402 2560 1547 2594 Plinius
1562 2559 1603 2592 N.

864 2605 910 2636 H.
949 2604 1105 2637 xxxvl.
1147 2611 1239 2638 extr.
1288 2607 1402 2638 refert
1443 2603 1604 2645 Tarqui—

864 2647 964 2680 nium
994 2649 1159 2682 Priscum
1193 2650 1323 2683 Servio
1355 2649 1501 2689 Tullio,
1542 2647 1604 2689 qui

864 2692 969 2725 Laris
1001 2693 1200 2727 familiaris
1231 2706 1312 2726 esse
1342 2694 1443 2726 filius
1478 2692 1605 2724 crede-

864 2742 978 2777 τρίτη.
1005 2745 1090 2771 nato
1118 2740 1275 2780 primum
1299 2737 1521 2780 Compitalia
1548 2737 1605 2768 Iu—

866 2783 930 2814 dos
955 2783 1161 2814 instituisse
1188 2782 1358 2815 Laribus.
1404 2781 1605 2825 Dionysius

865 2827 904 2859 A.
932 2827 972 2858 R.
998 2827 1055 2865 IV.
1081 2829 1131 2858 14.
1154 2828 1244 2859 urbe
1271 2827 1305 2859 in
1332 2831 1453 2859 certas
1479 2831 1604 2869 partes

866 2871 984 2904 divisa
1022 2871 1074 2904 ait
1113 2870 1282 2904 Servium
1325 2871 1493 2904 Tullium
1540 2881 1606 2913 per

867 2915 990 2949 omnia.
1024 2915 1183 2958 compita
1215 2912 1326 2958 (κατὰ
1357 2913 1496 2954 πάντας
1518 2911 1606 2952 τοὺς

869 2955 1089 3004 στενωπούς)
1098 2961 1235 2995 sacella
1248 2961 1404 2995 iussisse
1417 2958 1605 2998 constitui,
