1871 3126
289 165 433 223 pocula
462 157 739 202 iucundiorem
771 155 1117 210 liberalioremque
1152 155 1444 206 invitationem,
1475 169 1578 211 quae
1614 155 1727 198 fieret
1760 155 1835 197 sub

291 218 531 278 quibusdam
575 213 688 269 quasi
724 211 883 253 arbitris
921 217 961 253 et
996 211 1196 266 magistris
1235 211 1506 252 conviviorum
1543 212 1707 262 sobriis,
1754 226 1836 253 non

293 273 552 332 inprobasse?
595 271 649 312 Et
676 270 753 310 hoc
778 273 838 309 est
862 267 971 322 quod
999 267 1038 307 in
1068 267 1196 322 primo
1227 272 1266 307 et
1293 268 1469 308 secundo
1501 268 1550 309 de
1580 269 1731 322 legibus
1756 282 1838 309 non

256 332 434 381 Ginutile
462 328 554 371 viris
587 340 672 367 esse
703 324 890 366 decernit.
958 325 1059 365 Nam
1092 329 1131 364 et
1161 323 1326 364 modieis
1352 323 1611 378 honestisque
1640 325 1742 365 inter
1779 324 1839 365 bi-

295 389 469 432 bendum
508 382 810 425 remissionibus
849 380 954 420 refici
997 379 1266 433 integrarique
1301 379 1455 419 animos
1492 380 1540 419 ad
1585 379 1840 421 instauranda

297 442 524 488 sobrietatis
559 439 688 481 oflicia
719 436 979 484 existimax‘it,
1022 435 1280 488 redditosque
1308 435 1452 475 sensim
1487 435 1670 476 laetiores
1704 436 1751 476 ad
1783 436 1841 476 in-

300 501 496 543 tentiones
523 509 660 537 rursus
691 492 952 548 capessendas
982 491 1065 531 lieri
1097 491 1330 536 habiliores;
1375 496 1415 531 et
1444 491 1581 540 simul,
1618 491 1649 531 si
1675 491 1743 545 qui
1774 505 1841 545 pe-

299 558 408 599 nitus
440 555 479 595 in
508 553 569 593 his
599 550 852 591 affectionum
884 547 1229 602 cupiditatumque
1261 560 1413 587 errores
1444 546 1621 586 inessent
1649 560 1750 599 quos
1779 561 1841 588 ce-

300 615 397 655 laret
426 609 603 663 alioquin
630 606 761 661 pudor
788 618 989 652 reverens,
1028 618 1073 643 ea
1109 602 1242 643 onmia
1270 603 1355 643 sine
1384 602 1489 655 gravi
1520 602 1695 655 periculo
1726 602 1842 643 liber—

302 675 382 711 tate
414 680 483 721 per
509 665 643 706 vinum
678 662 768 702 data
797 660 928 713 detegi
955 665 993 700 et
1019 660 1067 699 ad
1100 659 1374 712 corrigendum
1409 658 1732 712 medendumque
1760 657 1845 698 lieri

266 722 577 779 Toportuniora.
637 722 773 771 Atque
800 716 876 757 hoc
908 716 1024 756 etiam
1056 716 1169 756 Plato
1199 715 1343 755 ibidem
1374 714 1486 763 dicit,
1529 728 1610 754 non
1637 713 1844 768 diffugien-

304 783 373 821 das
407 792 492 819 esse
524 772 800 816 huiuscemodi
835 771 1135 812 exercitationes
1170 771 1379 812 adversum
1417 770 1726 824 propulsandam
1764 769 1843 810 vini

304 834 553 880 violentiam,
595 843 725 883 neque
752 828 878 868 ullum
914 840 1107 880 umquam
1137 826 1405 867 continentem
1436 840 1617 881 prorsum
1651 830 1721 866 aut
1744 830 1844 866 tem-

306 896 507 947 perantem
541 886 634 927 satis
666 884 834 925 fideliter
873 882 1001 924 visum
1041 895 1127 922 esse
1161 882 1224 922 cui
1257 881 1335 923 vita
1371 896 1452 922 non
1487 882 1589 922 inter
1623 881 1707 935 ipsa
1738 894 1845 922 erro-

307 962 394 989 rum
439 943 611 1000 pericula
659 946 698 981 et
744 940 783 980 in
829 938 968 979 mediis
1005 937 1253 991 voluptatum
1295 937 1503 978 inlecebris
1546 937 1747 990 explorata
1784 937 1845 977 sit.

271 1006 409 1047 &Nam
447 1000 510 1041 cui
545 997 731 1039 libentiae
769 995 998 1048 gratiaeque
1030 1007 1169 1034 omnes
1200 992 1470 1034 conviviorum
1502 992 1726 1045 incognitae
1757 993 1847 1042 sint,

309 1060 461 1113 quique
492 1056 646 1095 illarum
679 1051 844 1093 omnino
872 1063 1010 1104 expers
1045 1049 1114 1098 sit,
1161 1049 1192 1089 si
1224 1063 1314 1090 eum
1344 1049 1446 1089 forte
1476 1048 1525 1088 ad
1556 1047 1848 1101 participandas

310 1112 542 1155 huiusmodi
577 1110 800 1161 voluptates
835 1112 904 1147 aut
936 1106 1119 1146 voluntas
1147 1105 1283 1146 tulerit
1316 1110 1385 1145 aut
1412 1118 1527 1145 casus
1552 1103 1753 1144 induxerit
1780 1108 1850 1144 aut

310 1168 525 1211 necessitas
551 1163 756 1218 inpulerit,
780 1176 872 1203 mox
903 1161 1065 1202 deleniri
1092 1167 1131 1202 et
1160 1160 1267 1215 capi,
1294 1174 1425 1215 neque
1453 1165 1626 1201 mentem
1653 1159 1737 1201 eius
1765 1158 1847 1200 ani·

400 1290 502 1332 [Mss.
526 1285 694 1319 ABGPS.

308 1346 395 1378 Sab.
441 1342 600 1375 extimas
627 1340 750 1381 viclig.
776 1355 819 1361 -—
842 1336 1075 1368 iucundiorem
1181 1336 1356 1368 diluamus
1379 1338 1418 1377 (ἓ
1435 1337 1504 1379 9.)]
1529 1336 1626 1368 Gell.
1648 1335 1689 1368 N.
1712 1336 1750 1368 Α.
1777 1335 1801 1369 l.
1817 1347 1846 1368 c.

310 1390 327 1430 §
353 1390 438 1419 4-8.
476 1403 516 1409 —
553 1384 676 1426 magis
703 1382 936 1414 conviviorum
963 1379 1003 1410 B.
1040 1398 1085 1403 —
1121 1385 1152 1412 et
1177 1380 1218 1411 ιἰι
1243 1382 1389 1412 secundo
1415 1392 1482 1423 hg
1507 1381 1603 1412 Gell.
1628 1381 1650 1412 l.
1673 1392 1702 1412 c.
1738 1398 1782 1404 -
1810 1380 1847 1412 in

307 1433 420 1475 primo
446 1435 478 1461 et
502 1429 648 1460 secundo
675 1427 716 1457 de
741 1424 890 1468 legibus]
926 1423 979 1455 Cf.
1008 1434 1039 1465 p.
1066 1426 1143 1463 638,
1167 1426 1246 1463 647,
1272 1426 1350 1466 649,
1377 1428 1453 1463 666,
1481 1427 1556 1456 671.
1586 1424 1714 1466 steph.

310 1479 343 1507 6.
385 1473 568 1506 extimavit
592 1470 717 1513 viclig.
743 1486 785 1492 -—
816 1473 853 1501 et
879 1468 927 1499 ad
952 1467 1038 1508 Si-g
1063 1469 1181 1506 (Gell.
1206 1469 1377 1511 reddique
1402 1480 1466 1501 eos
1497 1480 1583 1501 scnS.
1613 1470 1693 1502 laet.
1721 1473 1871 1511 atque,

311 1520 358 1551 ad
385 1519 448 1550 int.
471 1527 560 1548 rurs.
586 1515 806 1557 capiendas)
857 1530 902 1535 —
941 1512 1079 1553 alioqui
1103 1513 1148 1550 (A
1175 1522 1195 1544 a
1220 1524 1252 1554 p.
1275 1517 1341 1550 m.)
1366 1513 1436 1555 i-g.
1481 1514 1574 1545 alios
1599 1514 1663 1555 qui
1685 1513 1765 1545 Sar.
1805 1530 1849 1537 —-
1870 1530 1871 1561 l

311 1563 451 1605 detegit
475 1563 529 1591 vl.
665 1562 695 1589 7.
734 1556 980 1599 defugiendas
1004 1556 1101 1587 Gell.
1127 1575 1169 1579 —-—
1200 1557 1404 1588 huiusmodi
1429 1568 1506 1598 v-g.
1536 1575 1574 1579 —
1604 1557 1850 1590 eser-rationes

309 1605 463 1647 „Lipsio
493 1604 623 1645 [Elect.
648 1602 684 1640 Ι,
708 1601 755 1642 7,]
781 1600 927 1631 omnino
953 1600 1216 1631 emendandum
1244 1601 1402 1640 placuit,
1444 1605 1482 1632 ut
1507 1600 1682 1633 videlicet
1708 1601 1760 1633 ita
1786 1611 1850 1643 ap-

311 1648 508 1692 pellaverit
537 1645 671 1677 mentis
706 1644 792 1676 illos
817 1654 960 1675 errores
988 1646 1022 1674 et
1047 1643 1150 1684 quasi
1180 1643 1315 1684 primas
1340 1644 1634 1677 halucinationes
1662 1649 1747 1677 ante
1771 1645 1851 1687 ple-

310 1704 393 1725 nam
418 1690 676 1723 ebrietatem-‘⁶
701 1689 806 1720 Pont.
825 1705 867 1711 —-
892 1687 1063 1719 adversus
1090 1699 1158 1730 μς
1179 1688 1274 1719 Gell.
1324 1689 1370 1720 ad
1394 1701 1418 1731 g
1442 1689 1476 1720 in
1504 1700 1575 1731 mg.
1600 1708 1645 1714 —-
1666 1700 1775 1732 neque
1797 1687 1871 1722 il-r

310 1739 379 1769 lum
405 1736 486 1767 Sar.
512 1752 554 1757 —
578 1744 724 1776 prorsus
753 1731 851 1763 Gell.
876 1731 957 1762 Sar.
984 1749 1025 1753 —
1052 1733 1107 1763 cui
1131 1732 1203 1763 vita
1228 1733 1451 1775 victusque
1472 1733 1668 1775 „Agellius
1693 1722 1871 1768 auctioni

310 1781 381 1813 Sed
409 1779 444 1811 in
471 1777 609 1818 scripto
635 1780 671 1809 et
696 1776 883 1808 veteribus
907 1779 962 1807 est
987 1775 1043 1806 cui
1067 1777 1179 1808 vita.“
1207 1776 1309 1808 Pont.
1446 1780 1478 1809 8.
1520 1778 1675 1810 licentia
1699 1777 1778 1810 Sar.
1806 1795 1849 1801 —

309 1825 455 1857 deleniri
480 1824 508 1855 Β
535 1823 585 1861 (Ο
609 1832 630 1854 a
652 1833 686 1863 p.
712 1824 779 1859 ιιι.)
805 1820 903 1852 Gell.
949 1819 1099 1852 deliniri
1121 1821 1146 1852 A
1170 1821 1223 1859 (G
1245 1832 1264 1853 a
1289 1832 1360 1853 sec.
1383 1822 1448 1862 ιιι.)
1474 1821 1600 1854 SEdd.
1617 1822 1655 1854 P.
1688 1840 1727 1846 —-
1759 1823 1850 1855 sub-

308 1934 427 1965 modo.
478 1932 533 1965 Cf.
565 1931 684 1964 Hand.
719 1930 882 1962 Tursell.
913 1929 976 1971 IV,
1011 1941 1045 1971 p.
1116 1927 1221 1972 φύσει
1245 1929 1305 1962 καὶ
1328 1927 1453 1973 μελέτῃ
1480 1932 1597 1969 καλῶς
1626 1927 1862 1973 παρεσκευά-ἶ

307 1981 376 2010 405
403 1989 418 2008 s
449 2002 455 2007 .

351 1988 444 2053 inteii
472 2020 607 2051 minuta
639 2018 779 2060 pocula]
817 2017 942 2048 loann.
977 2015 1045 2047 Sa-

308 2065 404 2095 resb.
431 2064 454 2094 l.
482 2074 511 2094 c.
536 2062 636 2093 addit
661 2067 692 2093 et
716 2061 891 2099 modesta,
919 2063 958 2090 ut
983 2059 1043 2090 Ci-

308 2118 392 2139 cero
418 2107 502 2138 Sen.
531 2108 589 2145 14,
614 2107 670 2135 46.
703 2104 794 2135 dicit
822 2104 949 2146 pocula
979 2103 1043 2134 mi-

306 2156 393 2183 nuta
420 2155 524 2191 atque
548 2148 720 2180 rorantia.

351 2198 383 2226 6.
442 2193 662 2233 redditosque
707 2190 831 2222 sensim
884 2190 1043 2222 laetiores

308 2238 392 2278 cet]
432 2236 486 2268 Cf.
524 2237 631 2267 Plato
659 2236 702 2267 de
733 2235 806 2276 leg.
838 2235 872 2273 l,
905 2245 937 2275 p.
965 2236 1042 2266 649.

310 2280 448 2315 Πιόντα
462 2278 525 2312 τὸν
538 2276 737 2320 ἄνθρωπον
750 2276 804 2311 ncv'
814 2289 832 2308 τ
842 2275 888 2309 ὸν
906 2274 984 2309 αὐτ
994 2277 1043 2309 οὗ

305 2327 402 2358 ποιεῖ
433 2320 473 2362 (ὁ
509 2320 623 2361 οἶνος)
654 2321 798 2364 πρῶτον
829 2321 954 2353 ἵλεων
983 2318 1044 2353 εὐ-

304 2367 377 2407 θὺς
396 2363 600 2409 μᾶλλονῆ
625 2364 854 2407 πρότερον,
871 2364 931 2397 καὶ
956 2361 1045 2397 ὁπό-

305 2423 355 2455 σῳ
378 2409 423 2444 ἂν
442 2409 548 2443 πλέον
573 2407 689 2443 αὐτοῦ
708 2407 865 2451 γεύηται,
879 2406 1042 2453 τοσούτῳ

303 2455 476 2489 πλειόνων
509 2452 660 2486 ἐλπίδων
691 2451 845 2495 ἀγαθῶν
881 2454 1041 2495 πληροῦ-

305 2502 395 2534 σθαι
427 2497 488 2531 καὶ
519 2496 703 2538 δυνάμεως
738 2498 787 2535 εἰς
813 2495 944 2537 δόξαν;
978 2496 1039 2529 καὶ

303 2543 475 2577 τελευτῶν
496 2540 540 2584 δὴ
564 2541 683 2583 πάσης
704 2538 723 2573 ὁ
747 2541 910 2579 τοιοῦτος
933 2539 1038 2583 παρ’·

312 2587 459 2631 <ησίας
488 2580 537 2624 ὣς
559 2583 673 2628 σοφὸς
695 2582 739 2617 ἄν
762 2586 956 2626 μεστοῦται
976 2584 1038 2617 καὶ

304 2630 584 2672 ελευθερίας,
631 2626 747 2671 πάσης
787 2627 825 2661 δὲ
863 2625 1036 2672 ἀφοβίας,

304 2673 352 2714 ὥς
373 2686 410 2707 τε
435 2674 546 2706 εἰπεῖν
568 2684 605 2706 τε
628 2669 768 2711 α’·όκνως
798 2669 940 2714 ὁτιοῦν,
973 2669 1037 2710 ὤς-

303 2731 421 2756 αυτως
445 2716 483 2750 δὲ
507 2716 568 2750 καὶ
593 2717 749 2760 πρᾶξαι;

347 2768 379 2795 7.
418 2774 485 2794 uon
512 2762 753 2804 diffugiendas
784 2770 855 2792 esse
879 2760 1037 2792 huiusce-

302 2808 395 2839 modi
432 2807 692 2838 exercitationes
729 2804 912 2836 adversum
954 2813 1035 2845 pro-

299 2850 511 2893 pulsandam
533 2850 606 2881 vini
629 2847 842 2890 violentiam]
870 2847 925 2878 Cf.
946 2845 1034 2878 ibid.

304 2906 337 2936 p.
364 2895 441 2926 648.
478 2891 532 2924 Εἴ
556 2902 593 2924 τε
626 2904 678 2931 τις
713 2889 830 2935 ἑαυτῷ
860 2886 1035 2923 πιστεύων

1114 1975 1205 2005 σθαι
1224 1972 1336 2015 μηδὲν
1361 1971 1463 2006 ὀκνοῖ
1483 1973 1592 2015 μετὰ
1615 1974 1847 2015 ξυμποτῶν

1112 2015 1329 2049 πλειόνων
1383 2016 1715 2059 γυμναζόμενος
1769 2014 1846 2049 ἐπι-

1112 2059 1324 2092 δείκνυσθαι
1345 2058 1423 2103 τὴν
1445 2059 1489 2093 ἐν
1522 2062 1571 2104 τῇ
1597 2061 1674 2093 τοῦ
1698 2058 1845 2102 πώμα-

1111 2113 1184 2140 τος
1220 2099 1446 2148 ἀναγκαία
1491 2104 1726 2148 διαφθορᾷ
1770 2102 1845 2138 δ’ὕ-

1109 2157 1193 2187 ναμ
1204 2158 1242 2178 ιν
1263 2143 1452 2189 ’ὑπερθέων
1476 2147 1537 2180 καὶ
1558 2149 1702 2191 κρατῶν
1725 2150 1797 2182 κτλ.

1155 2202 1263 2233 neque
1282 2193 1390 2223 ullum
1408 2215 1415 2223 .
1433 2216 1439 2223 .
1464 2194 1644 2235 explorata
1666 2194 1723 2236 sit]
1741 2193 1844 2226 conf.

1112 2233 1200 2266 ibid.
1229 2246 1260 2276 p.
1286 2231 1418 2268 6=37.³'Ii
1443 2236 1485 2279 τῇ
1506 2235 1570 2277 μὲν
1594 2236 1713 2280 διαίτῃ
1738 2237 1780 2280 τῇ
1805 2235 1843 2270 ἐν

1111 2274 1211 2322 αὐτῷ
1248 2277 1545 2321 προσμαχόμενον
1588 2279 1649 2312 καὶ
1690 2283 1844 2314 νικῶντα

1111 2319 1227 2365 αὐτὴν
1269 2322 1324 2354 δεῖ
1363 2322 1481 2356 τέλεον
1524 2320 1619 2357 οὕτω
1657 2324 1844 2367 γίγνεσθαι

1109 2364 1200 2407 πρὸς
1222 2362 1385 2409 ἀνδρίαν,
1411 2364 1593 2421 ἄπειρος
1618 2366 1664 2401 δὲ
1688 2366 1739 2411 δή
1759 2378 1840 2400 που

1111 2409 1185 2442 καὶ
1210 2407 1494 2453 ἀγύμναστος
1517 2409 1572 2444 ω“ν
1595 2412 1679 2444 τῶν
1698 2408 1842 2443 τοιού-

1107 2465 1190 2486 των
1214 2450 1392 2497 ἀγώνων
1425 2452 1632 2487 ὁστισοῦν
1663 2451 1757 2487 οὐδ’
1790 2449 1841 2486 ὂὶν

1108 2493 1265 2538 ἥμισυς
1308 2497 1473 2531 ἑαυτοῦ
1516 2496 1686 2540 γένοιτο
1725 2495 1839 2540 πρὸς

1105 2539 1278 2584 ἀρετήν.

1150 2589 1183 2618 Β.
1217 2586 1379 2618 libentiae
1396 2585 1604 2628 gratiaeque
1622 2596 1735 2617 omnes
1758 2596 1838 2617 con-

1105 2629 1290 2670 viviorum]
1309 2629 1438 2670 „Plato
1474 2628 1564 2659 dicit
1602 2629 1626 2660 l.
1660 2639 1710 2660 c.:
1755 2627 1839 2661 Σώ-

1105 2684 1207 2714 φρων
1231 2670 1268 2704 δὲ
1299 2671 1372 2713 (ἔρα
1392 2669 1516 2709 τελέως
1544 2669 1643 2703 ἔσται
1672 2669 1721 2714 μὴ
1750 2674 1838 2704 πολ-

1103 2717 1181 2753 λαῖς
1223 2711 1410 2765 ἡδοναῖς
1453 2714 1524 2746 καὶ
1573 2713 1859 2756 ἐπιθυμίαις

1103 2767 1386 2800 προτρεπουσαις
1405 2754 1652 2800 ἀναισχυντεῖν
1674 2759 1733 2791 καὶ
1754 2757 1837 2792 ἀδι-

1101 2804 1175 2853 φξξῖν
1196 2799 1534 2844 διαμεμαχημένος,.
1548 2826 1557 2834 .
1570 2826 1580 2835 .
1592 2799 1667 2834 ἀλλ’
1684 2799 1836 2846 ἀπαθὴς
1853 2814 1856 2842 j

1103 2856 1153 2877 ων
1173 2842 1318 2877 πάντων
1340 2845 1411 2877 τῶν
1430 2843 1615 2879 τοιούτων.
1854 2858 1856 2861 ’

1145 2893 1288 2922 mentem
1310 2889 1383 2922 eius
1402 2890 1621 2933 animumque
1637 2890 1833 2933 consistere]
