1845 3131
211 43 293 84 632
839 38 1113 80 MACROBII

145 154 194 193 21
212 150 445 198 intenderit,
471 148 652 201 agnoscit
682 148 720 188 in
749 152 859 188 turre
885 148 1052 202 angulos
1080 152 1120 188 et
1153 147 1192 187 in
1222 161 1331 189 remo
1360 149 1641 203 integritatem.
1699 149 1754 189 Et

212 207 346 248 omnia
374 207 437 245 illa
468 204 657 244 discernit
684 217 787 257 quae
822 203 1071 244 Academicis
1102 203 1418 244 damnandorum
1454 219 1642 246 sensuum
1683 218 1750 245 oc-

213 263 414 302 (asionem
440 259 655 300 dederunt:
688 273 777 299 cum
810 272 949 299 sensus
978 259 1080 298 inter
1108 259 1348 298 certissimas
1377 273 1439 299 res
1468 260 1637 301 habendi
1674 260 1753 300 sint

214 317 427 357 comitante
466 315 635 363 ratione,
681 315 745 355 cui
794 328 1096 368 nonnumquam
1142 313 1189 353 ad
1237 314 1534 355 discernendam
1579 316 1750 369 speciem

146 372 295 412 221]οη
326 370 474 411 suflicit
509 384 650 411 sensus
681 384 797 410 unus.
857 371 957 410 Nam
991 384 1021 409 s¹
1050 369 1205 409 eminus
1236 369 1343 422 pomi
1377 370 1484 422 quod
1514 371 1660 411 malum
1694 371 1751 411 di-

215 428 319 467 citur
343 427 468 480 figura
497 426 668 475 visatur,
712 440 792 466 non
823 427 930 466 omni
961 425 1081 465 modo
1113 424 1150 465 id
1182 425 1328 464 malum
1365 430 1439 473 est,
1485 426 1615 478 potuit
1646 427 1752 467 enim

215 496 262 523 ex
303 458 435 536 ᾏΙίῃῠυει
476 482 640 522 materia
682 482 771 534 finni
809 482 899 521 mali
939 480 1169 521 similitudo.
1235 480 1501 520 Advocandus
1541 486 1600 521 est
1634 482 1755 534 igitur

214 552 353 579 sensus
381 538 496 585 alter,
535 542 580 577 ut
611 537 711 577 odor
746 537 903 577 iudicet.
963 536 1039 576 Sed
1074 536 1215 597 potuit
1242 536 1344 575 inter
1375 536 1597 589 congeriem
1631 537 1754 577 malo-

217 607 305 633 rum
339 593 512 647 positum
549 606 685 632 auram
723 593 856 632 odoris
894 592 1016 644 ipsius
1054 591 1302 645 concepisse.
1347 590 1410 631 liic
1446 597 1577 632 tactus
1612 606 1755 633 consu-

218 649 358 688 lendus
389 653 448 688 est
477 648 544 701 qui
576 653 707 701 potest
735 648 782 687 de
813 648 988 701 pondere
1027 647 1211 687 iudicaie.
1272 646 1346 687 Sed
1380 652 1508 687 metus
1538 652 1597 688 est
1631 662 1681 688 ne
1719 652 1757 688 et

218 704 302 757 ipse
330 703 497 751 fallatur,
535 703 565 742 si
590 702 703 742 fallax
731 703 862 756 opifex
891 702 1095 742 materiam
1129 716 1231 756 quae
1258 701 1365 756 pomi
1397 703 1552 756 pondus
1584 703 1754 744 imitare-

216 764 283 798 tur
316 758 450 811 elegit:
494 758 803 811 confugiendum
839 763 898 798 est
936 758 1055 809 i0·itur
1095 758 1140 797 ad
1182 771 1383 810 saporem,
1429 758 1495 811 qui
1536 758 1566 798 si
1609 758 1756 799 formae

152 813 460 861 0300nsent11t‚
508 814 655 853 malum
688 827 772 853 esse
804 813 908 853 nulli
946 812 1142 852 dubititio
1176 818 1246 852 est.
1306 812 1368 852 Sic
1402 814 1593 866 probatur
1628 814 1755 854 eslica-

154 869 348 924 [offuciam
373 882 561 908 sensuum
588 869 636 909 de
665 869 818 909 ratione
851 868 1035 922 pendere.
1094 869 1189 907 Ideo
1219 868 1316 907 deus
1345 868 1474 921 opifex
1503 882 1641 909 omnes
1671 883 1756 909 sen-

221 939 287 966 sus
317 925 356 965 in
383 924 522 978 capite,
552 924 589 964 id
618 929 677 964 est
708 925 812 964 eirea
837 924 969 964 sedem
997 923 1173 972 rationis,
1201 922 1355 963 locaiit.

334 981 424 1019 XV.
485 980 557 1019 His
594 980 708 1020 dictis
743 979 852 1019 favor
885 980 934 1019 ab
964 978 1150 1018 omnibus
1181 983 1343 1018 exortus
1369 982 1428 1017 est
1457 979 1758 1020 ammirantibus

222 1036 421 1075 dictorum
449 1034 688 1075 soliditatem
725 1036 824 1074 adeo
854 1040 898 1074 ut
929 1034 1105 1074 attestari
1138 1033 1197 1073 vel
1237 1034 1366 1087 ipsum
1397 1034 1645 1087 Euangelum
1677 1049 1757 1075 non

221 1091 382 1144 pigeret.
442 1090 624 1130 Disarius
658 1090 799 1129 deinde
827 1090 1015 1130 subiecit:
1042 1089 1111 1129 Isti
1137 1089 1298 1142 plausus
1325 1094 1419 1128 sunt
1447 1090 1513 1142 qui
1543 1096 1760 1143 provocant

221 1144 511 1199 philosophiam
549 1145 596 1185 ad
635 1145 894 1186 vindicandos
929 1145 1001 1184 sihi
1037 1144 1085 1184 dc
1119 1144 1242 1184 aliena
1275 1149 1358 1185 arte
1393 1150 1608 1196 tractatus,
1650 1147 1758 1187 unde

314 1256 419 1298 [Mss.
445 1257 582 1289 APSH.

220 1311 351 1343 miacis
373 1313 427 1343 vl.
477 1311 758 1344 achademiacis
785 1311 823 1343 A.
863 1329 908 1335 —
945 1322 1063 1344 sensus
1092 1322 1195 1343 nnus
1232 1311 1318 1343 Mss.
1342 1314 1376 1343 et
1400 1311 1488 1343 Edd.
1529 1329 1569 1334 -
1609 1312 1759 1344 habendi

221 1356 290 1387 sint
314 1355 391 1386 PH.
438 1355 588 1387 habendi
613 1360 703 1387 sunt
726 1356 763 1386 A.
812 1356 1001 1388 habendus
1024 1361 1088 1387 est
1114 1355 1205 1385 Edd.
1231 1355 1266 1386 S.
1403 1358 1459 1386 22.
1494 1367 1605 1387 unam
1632 1358 1662 1388 si
1684 1356 1758 1388 HS.

221 1415 264 1422 —
292 1399 477 1431 visitatur
499 1399 574 1430 SH.
606 1416 648 1421 —
677 1400 825 1430 omnino
851 1410 929 1441 v-g.
964 1418 996 1423 —
1032 1400 1161 1431 malum
1185 1402 1274 1435 (oni.
1294 1402 1359 1436 est]
1386 1399 1425 1431 A.
1451 1418 1496 1423 —
1526 1404 1562 1431 ut
1589 1401 1673 1431 odor
1697 1401 1759 1432 υἰ-

223 1443 361 1475 delicet
381 1453 412 1473 v.
440 1460 480 1465 —
507 1443 596 1474 hinc
622 1442 660 1474 A.
686 1460 728 1465 ——
759 1443 816 1485 qui
835 1448 945 1484 potest

969 1468 976 1475 .
993 1467 1022 1475 ..
1047 1448 1154 1475 metus
1178 1448 1224 1474 est
1248 1453 1317 1474 orn.
1346 1443 1392 1474 1⁷1.
1425 1461 1466 1466 ·—-
1499 1444 1557 1475 scd
1578 1450 1687 1476 metus
1711 1449 1761 1476 est

301 1487 337 1517 in
360 1487 586 1518 ventriculum
615 1490 667 1524 (c.
695 1489 753 1527 15,
778 1487 793 1527 §
821 1488 870 1524 4.)
902 1487 936 1518 in
965 1487 991 1518 P
1014 1487 1211 1518 obliterata
1236 1490 1320 1518 sunt
1345 1491 1383 1518 ut
1411 1487 1486 1529 legi
1513 1499 1579 1518 non
1606 1488 1758 1529 possint.

221 1546 264 1553 ——
289 1535 397 1562 melus
420 1534 509 1567 (om.
533 1534 598 1565 est)
625 1531 734 1571 Av—g.
765 1549 792 1552 —
824 1541 866 1561 ne
890 1531 962 1571 ipse
986 1535 1075 1569 (om.
1103 1533 1151 1566 et)
1177 1542 1254 1572 v-g.
1281 1548 1322 1552 ——
1348 1538 1566 1564 consenseat
1589 1532 1625 1564 h.

310 1573 384 1605 XV.
437 1575 548 1616 Caput
576 1575 650 1605 XV.
685 1573 797 1606 Satin'
823 1580 911 1606 recte
935 1576 1097 1617 scriptum
1120 1575 1163 1606 sit
1187 1557 1388 1613 (1⁰,l'latone
1415 1576 1521 1606 cibum
1545 1587 1606 1617 per
1629 1581 1759 1608 stoma-

221 1617 320 1649 chum
340 1617 451 1657 trahi,
469 1623 588 1660 potum
613 1628 692 1649 vero
715 1629 776 1660 per
799 1619 984 1657 arteriam,
1011 1629 1099 1660 quae
1125 1619 1274 1659 τραχεῖα
1299 1619 1444 1657 dicitur,
1462 1620 1565 1660 fibris
1587 1620 1761 1662 pulmonis

220 1661 328 1693 illabi.
354 1661 420 1692 ch-
425 1662 455 1692 b.

222 1773 322 1807 Sext.
344 1774 482 1817 Empir.
502 1775 684 1818 Pyrrhon.
703 1776 776 1818 Hy
778 1776 868 1807 ›oth
894 1776 956 1808 lib.

223 1819 655 1894 I,c.13.[„uc1·=0t21v,
680 1823 745 1851 354
771 1832 847 1861 sqq.
890 1817 961 1851 lsi-

224 1864 304 1894 dor.
329 1863 434 1904 Orig.
460 1863 536 1900 XV,
592 1846 679 1902 ‚1⁷9.
727 1864 826 1896 Adde
854 1864 959 1907 Diog.

223 1906 345 1939 Laert.
369 1907 542 1938 Alexand.
562 1866 611 1938 ll.
634 1919 684 1938 ce.

267 1952 322 1981 21.
371 1962 460 1992 quae
490 1952 706 1983 Academicis
742 1951 960 1983 damnando-

222 2005 298 2025 rum
334 2005 492 2026 sensuum
532 1996 740 2027 occasionem
778 1996 959 2036 dederunt]

224 2037 278 2068 Cf.
305 2037 433 2070 Cicero
460 2039 565 2070 Acad.
593 2039 616 2069 l.
639 2050 668 2069 c.
695 2043 730 2069 et
756 2039 802 2079 ll,
830 2042 879 2078 19,
904 2043 957 2071 61.

228 2082 322 2113 'I'unc
359 2105 389 2113 ..
425 2093 499 2113 eam
533 2083 786 2124 philosophiam
822 2094 960 2124 sequere

224 2135 311 2167 quae
349 2148 382 2156 ..
425 2137 487 2157 nos
528 2149 558 2157 ..
598 2127 791 2157 omnibus
839 2128 958 2159 orbat

223 2169 445 2206 sensibus3
493 2168 535 2200 N.
582 2170 622 2200 D.
667 2170 720 2207 11,
769 2172 833 2207 59,
883 2172 957 2201 147.

229 2212 369 2251 Quanta
402 2223 480 2243 vero
516 2213 579 2243 illa
614 2218 713 2252 sunt,
761 2224 868 2254 quae
900 2225 959 2245 vos

224 2255 471 2286 Academici
497 2256 744 2295 infirmatis
769 2262 806 2288 et
836 2258 958 2288 tolli-

222 2298 301 2336 tis,
326 2299 416 2340 quod
442 2304 472 2330 et
504 2300 697 2331 sensibus
727 2304 757 2331 ct
781 2301 895 2332 animo
919 2311 960 2332 ea

224 2352 313 2382 quae
352 2347 449 2373 extra
491 2347 569 2374 sunt
605 2344 815 2385 percipimus
857 2349 960 2386 atque

226 2385 543 2426 conprehendimus

268 2439 344 2460 cum
369 2440 486 2460 sensus
507 2429 713 2461 ..habendi
733 2430 812 2473 sint]
831 2430 959 2461 Plura-

223 2471 271 2502 lis
296 2483 468 2504 numerus
488 2474 563 2504 fere
584 2474 753 2505 omnibus
772 2474 959 2506 codicibus

224 2515 395 2547 fulcitur:
423 2522 615 2558 propterea
638 2518 804 2558 equidem
829 2529 959 2550 censeo

225 2570 350 2591 vocem
376 2572 485 2600 unus,
521 2571 613 2601 quac
637 2561 671 2592 in
713 2561 828 2593 isdem
853 2567 892 2594 ut
923 2562 959 2593 in

225 2603 305 2634 edd.
328 2604 467 2645 legitur
494 2609 573 2646 post
596 2616 725 2643 sensus,
751 2606 822 2636 hnc
846 2610 960 2637 trans—

225 2647 337 2678 latam
356 2658 436 2679 esse
456 2649 499 2679 al·
515 2648 623 2679 huius
638 2649 863 2690 paragraphi
878 2649 959 2680 fine.

269 2693 325 2720 22.
376 2703 444 2723 non
471 2692 561 2723 omni
589 2693 703 2733 modo]
739 2693 833 2724 idem
862 2694 961 2724 valet

225 2743 267 2763 ac
291 2746 359 2765 non
381 2736 552 2772 continuo,
576 2747 643 2766 non
668 2747 816 2778 semper,
842 2761 864 2775 „
856 2737 960 2769 :nicht

223 2777 258 2806 in
283 2778 394 2816 jedem
425 2779 533 2810 Falle.
537 2781 559 2797 “
605 2778 959 2820 Cf.Comm.1‚20,

225 2821 278 2849 15.
308 2821 377 2852 Sed
402 2833 479 2854 non
505 2823 616 2854 omni
647 2823 766 2855 modo
794 2804 960 2856 medietas

225 2867 273 2893 est
298 2864 397 2895 orbis.

600 1664 628 1692 1.
672 1673 691 1693 υ
702 1662 918 1694 endicandos
949 1662 985 1694 S.

1034 1662 1254 1694 iudicandos
1280 1663 1305 1694 A
1330 1672 1350 1694 a
1374 1673 1445 1695 sec.
1472 1674 1516 1694 ιιι.
1543 1681 1584 1686 -
1609 1665 1761 1706 manife-

1070 1778 1183 1820 potuit
1229 1800 1259 1809 ..
1306 1777 1507 1819 concepisse]
1561 1777 1761 1810 Dicendum

1030 1826 1109 1853 erat
1133 1822 1317 1863 concipere,
1347 1825 1386 1852 nt
1417 1832 1526 1862 supra
1547 1823 1658 1865 fingi.

1073 1875 1138 1917 hic]
1164 1875 1258 1906 idem
1286 1878 1341 1906 est
1367 1886 1408 1907 ac
1433 1881 1521 1916 tvm,
1549 1877 1610 1916 „in
1638 1877 1762 1908 diesem

1031 1920 1166 1951 Fallc.“
1200 1919 1278 1950 vm.
1300 1919 1418 1951 Hand.
1443 1919 1605 1951 Tui-soll.
1628 1921 1693 1960 ΙΙΙ,
1710 1922 1762 1952 13.

1072 1976 1127 2005 23.
1164 1975 1247 2006 deus
1271 1975 1400 2017 opifeoe]
1429 1974 1506 2006 Vid.
1533 1975 1703 2017 prolegg.
1729 1986 1762 2016 p.

1029 2030 1078 2049 lv.
1107 2022 1180 2049 not.
1206 2021 1262 2049 22.

1073 2073 1185 2093 omnes
1211 2073 1328 2093 sensus
1357 2062 1391 2092 in
1424 2062 1537 2104 capite

1026 2104 1080 2136 Cf.
1106 2105 1244 2137 Cotum.
1272 2105 1301 2144 l,
1329 2108 1361 2144 6,
1386 2108 1439 2135 81.

1071 2159 1144 2197 XV,
1173 2162 1202 2189 1.
1230 2158 1353 2199 favor]
1380 2158 1432 2189 Cf.
1457 2169 1485 2189 c.
1512 2161 1545 2197 3,
1571 2160 1591 2198 ἓ
1612 2161 1641 2190 l.
1667 2159 1762 2191 Haec

1026 2203 1189 2234 dicentem
1208 2205 1343 2243 sanor
1368 2203 1496 2244 excepit
1521 2204 1680 2234 onmium.

1072 2247 1238 2277 dictorum
1273 2246 1494 2288 soliditatem]
1533 2258 1624 2278 novo
1655 2247 1761 2278 niodo

1028 2289 1164 2321 dietum
1192 2294 1264 2321 est:
1291 2300 1369 2320 nam
1396 2289 1469 2321 alia
1492 2301 1550 2321 res
1571 2294 1627 2322 est
1649 2291 1763 2322 solida

1029 2334 1118 2373 laus,
1145 2338 1183 2365 ut
1209 2333 1261 2365 ait
1287 2333 1415 2365 Cicero
1440 2345 1473 2375 p.
1496 2333 1590 2366 Sest.
1613 2336 1669 2375 43,
1689 2337 1744 2366 93.

1077 2389 1137 2420 Isti
1163 2387 1322 2430 plausus]
1361 2387 1532 2427 „Arbiter
1556 2388 1645 2431 [Sat.
1673 2389 1760 2431 36.]:

1032 2432 1162 2463 Damus
1193 2442 1306 2463 omnes
1334 2433 1535 2473 plausum
1568 2444 1588 2463 a
1616 2433 1762 2472 familia

1028 2476 1208 2518 inceptum.
1257 2475 1452 2507 Suetonius
1486 2476 1520 2507 in
1554 2475 1696 2507 Nerone
1729 2487 1760 2508 c.

1027 2522 1101 2550 2().:
1136 2519 1291 2560 Undique
1313 2520 1418 2562 elegit
1445 2520 1502 2561 qui
1527 2520 1758 2561 plausuum

1027 2574 1157 2604 genera
1178 2563 1416 2594 condiscerent.
1456 2564 1535 2604 Quo
1559 2566 1699 2603 spectat
1725 2567 1760 2594 et

1028 2607 1120 2637 illud
1147 2606 1269 2638 Ovidii
1303 2607 1346 2637 de
1376 2610 1454 2637 arte
1486 2606 1535 2647 [1,
1570 2606 1677 2648 1¹3.]:
1720 2607 1759 2637 In

1026 2651 1138 2681 medio
1162 2650 1344 2690 plausu,
1368 2650 1555 2691 plausus
1579 2655 1659 2681 tunc
1685 2655 1759 2682 arte

1027 2694 1201 2725 carcbat.“
1228 2693 1339 2724 Powr.
1364 2710 1403 2716 —
1432 2693 1459 2722 Ε
1482 2692 1653 2724 Petronio
1679 2697 1759 2734 pot-

1028 2740 1107 2768 erat
1146 2736 1229 2768 addi
1266 2746 1294 2766 c.
1330 2738 1383 2766 50.
1426 2736 1642 2768 Plausum
1680 2742 1759 2779 post

1027 2781 1087 2811 hoc
1111 2783 1323 2810 automatum
1341 2779 1485 2819 familia
1513 2780 1625 2821 dedit,
1660 2784 1695 2811 et
1726 2791 1757 2812 c.

1026 2826 1082 2854 90.
1119 2822 1186 2862 Qui
1215 2822 1418 2864 plausum
1452 2823 1587 2865 ingenii
1611 2824 1665 2856 sui
1692 2835 1755 2855 no·

1027 2869 1136 2898 verat.

1560 2085 1567 2093 .
1583 2088 1587 2094 .
1620 2063 1761 2104 locavit]
