1798 3142
109 50 147 90 X
778 61 1029 88 raam-*Auo

105 158 180 199 hae
205 157 485 199 adnotationes
515 157 638 198 multa
666 170 769 211 quae
796 171 818 198 a
845 171 910 198 me
937 155 1097 198 aliunde
1125 156 1269 198 hausta
1304 172 1386 199 non
1423 164 1484 200 est
1514 158 1624 213 quod
1654 171 1716 200 re-

106 229 260 278 petam:
305 223 452 263 multae
496 227 699 276 praeterea
738 223 876 265 insunt
915 223 1170 264 coniecturae
1203 237 1303 277 quas
1343 225 1500 278 cognita
1531 224 1716 266 codicum

106 303 229 330 manu
258 289 498 342 scriptorum
529 288 700 330 lectione
732 289 864 330 futiles
902 303 988 330 esse
1018 289 1223 343 apparuit:
1271 289 1345 330 alia
1374 303 1468 331 vero
1499 290 1716 331 etiamnum

107 354 225 407 digna
254 359 349 394 sunt
377 367 480 408 quae
510 353 550 394 in
580 354 709 395 lucem
741 354 1010 409 proferantur,
1049 355 1311 409 quamobrem
1352 355 1495 396 additis
1533 356 1581 396 iis
1613 369 1718 410 quae

107 419 288 460 addenda
320 433 406 461 esse
437 420 534 461 mihi
568 421 806 462 videbantur
836 434 881 462 ea
915 421 979 462 hic
1012 420 1221 462 inserenda
1252 434 1336 462 esse
1365 421 1515 476 putavi.

223 537 298 570 Sat.
323 537 353 578 Ῑ,
376 541 407 577 7,
426 541 458 571 8.
489 540 629 583 Religio
654 541 753 572 nulla
777 541 916 573 vetuit
939 540 1039 582 Virg.
1066 540 1201 582 Georg.
1224 539 1252 578 I,
1277 541 1354 571 270.
1387 557 1420 562 —·
1449 542 1482 579 7,
1507 542 1562 571 36.
1591 538 1716 576 Schol,

112 589 253 623 Comici
280 592 324 624 ad
353 591 519 634 Νεφέλας
543 606 572 636 p.
603 596 676 625 149.
699 595 732 626 b.
758 595 815 636 [ad
842 606 876 626 v.
902 595 994 636 397.]
1010 606 1018 626 ε
1035 591 1135 626 ’Ἐστι
1160 591 1197 626 ὁὲ
1223 590 1361 635 Κρόνια
1383 591 1482 635 παρὰ
1505 595 1581 631 τοῖς
1594 589 1718 635 ’Ἕλλη-

109 653 164 676 σιν
191 643 314 687 ἑορτὴ,
342 643 386 677 τὰ
412 644 512 689 παρὰ
537 644 722 689 Ῥωμαίοις
744 646 947 690 καλούμενα
977 645 1302 689 Σατουρνιὶλια
1328 641 1349 689 ἢ
1373 643 1645 690 Ἀπατούρια.
1674 665 1717 670 —

108 701 149 737 8,
174 701 204 730 9.
243 702 411 743 Suthyros
439 713 502 743 pro
530 703 706 735 Sathunos
738 709 822 735 ante
850 704 1062 735 emendarat
1087 703 1134 734 Is.
1162 703 1401 735 Casaubonus
1429 703 1492 734 lib.
1518 702 1547 734 Ι.
1577 713 1656 744 cap.
1684 705 1717 734 2.

108 752 153 783 de
179 752 313 786 Satira.
355 773 388 778 —
427 759 467 796 9,
493 759 525 787 9.
561 756 656 789 Sane
686 762 722 789 ut
751 758 834 789 lano
861 758 955 799 apud
984 757 1132 789 Latinos
1162 757 1215 789 sic
1242 757 1406 799 Apollini
1433 757 1528 799 apud
1555 757 1719 789 Graecos

107 817 224 839 novus
254 819 369 840 annus
401 820 517 841 sacer.
568 811 604 843 V.
633 812 677 843 ad
704 813 744 843 ll.
768 812 876 844 Attic.
903 812 1012 844 Petit.
1047 823 1081 854 p.
1104 814 1160 843 85.
1197 829 1238 835 —-
1283 814 1342 851 12,
1365 813 1396 842 3.
1435 811 1658 843 Plutarchus
1680 811 1718 843 iu

109 861 398 902 Quaestionibus
434 864 626 902 Romanis,
669 877 738 897 non
778 867 904 907 procul
942 867 987 898 ab
1027 865 1131 897 initio
1179 865 1285 907 [18.]:
1326 864 1400 898 Καὶ
1433 862 1592 907 παρέστη
1626 863 1719 897 τισὶν

112 915 258 949 οἴεσθαι
288 916 347 949 καὶ
379 915 488 959 λέγειν
518 914 566 956 ω“ς
602 915 644 951 οὗ
673 917 812 952 δώδεκα
841 918 947 961 μησὶν
978 915 1066 950 ἀλλὰ
1098 916 1183 951 δέκα
1209 918 1453 961 συνεπλήρουν
1479 918 1513 951 οἱ
1536 916 1615 951 τότε
1635 915 1718 951 Ῥω-

110 972 215 1010 μαῖοι
241 968 305 1003 τὸν
330 968 506 1003 ἐνιαυτόν.
539 991 580 996 -
622 977 678 1014 12,
705 978 736 1006 S.
774 975 886 1006 Varro
915 975 937 1005 l.
963 974 1000 1005 V.
1029 974 1072 1005 de
1098 974 1122 1004 1.
1150 974 1173 1005 Ι.
1195 985 1226 1004 c.
1253 975 1284 1004 4.
1311 974 1383 1015 ΠΙ,
1408 973 1490 1016 33.].
1537 975 1717 1006 Secundus

109 1026 248 1066 mensis,
272 1031 309 1059 ut
335 1027 479 1058 Fulvius
503 1029 618 1061 scribit
643 1035 673 1062 et
700 1030 832 1068 Iunius,
860 1040 881 1060 a
912 1030 1051 1068 I'enere,
1076 1029 1166 1070 quod
1193 1040 1232 1060 ea
1259 1029 1302 1060 sit
1325 1028 1522 1069 Aphrodite.
1546 1046 1590 1050 —
1614 1030 1667 1068 13,
1688 1031 1718 1061 1.

108 1076 212 1110 Nihil
239 1085 337 1112 muto
364 1081 413 1122 [in
437 1082 578 1114 verbis:
599 1085 658 1115 sub
685 1084 779 1115 caelo
804 1083 912 1124 rudi}
960 1083 1148 1114 Iuvenalis
1167 1082 1225 1124 [X‚
1245 1082 1314 1123 50.]
1347 1083 1536 1123 Crassoqne
1559 1083 1618 1114 sub
1642 1094 1720 1115 aere

110 1134 218 1165 nasci.
255 1152 294 1158 -
323 1136 383 1174 14,
409 1138 440 1167 5.
484 1136 563 1169 Una
588 1149 674 1169 voce
700 1138 820 1170 scribe
846 1138 1092 1178 antertninum,
1128 1141 1166 1168 ut
1189 1137 1323 1168 Gracci
1356 1133 1533 1177 ἄμπέδιον
1557 1148 1623 1178 pro
1647 1133 1720 1169 ἇνᾶ

110 1186 245 1219 πεδίον.
275 1208 317 1214 -
344 1194 403 1231 15,
431 1194 482 1222 11.
511 1191 665 1223 Glossae
688 1192 842 1224 Isidori:
874 1193 1113 1232 Conclassare,
1141 1201 1336 1223 convocare.
1364 1207 1404 1214 —
1432 1193 1491 1231 16,
1515 1193 1570 1222 26.
1602 1191 1630 1222 Ε
1657 1190 1719 1224 Li-

110 1240 169 1272 vio
195 1243 268 1275 alia
296 1247 420 1286 paullo
445 1247 489 1278 de
515 1246 573 1278 die
599 1247 715 1278 cladis
740 1246 916 1278 Alliensis
944 1252 1069 1278 narrat
1095 1245 1318 1277 Plutarchus
1354 1248 1390 1276 et
1420 1245 1554 1278 refutat
1580 1246 1718 1287 Κεφαλ.

110 1305 258 1339 καταγρ.
281 1294 381 1341 Ῥωμ.
409 1312 442 1343 p.
468 1303 545 1333 481.
573 1301 628 1333 ed.
653 1301 782 1342 Steph.
803 1300 846 1342 [c.
868 1301 948 1343 25..]
978 1319 1019 1324 —
1054 1303 1105 1339 16,
1129 1302 1183 1331 33.
1218 1299 1356 1331 Seneca
1383 1311 1437 1341 ep.
1464 1299 1585 1332 xcw.
1627 1301 1719 1332 Pro-

110 1348 173 1381 bat
198 1351 311 1386 Turn.
341 1354 421 1396 XV,
445 1358 520 1395 22.;
550 1353 756 1388 Κανούσιον
780 1356 879 1388 Plut.
925 1354 1036 1396 [Adde
1063 1356 1107 1387 ad
1134 1354 1207 1386 ind.
1236 1358 1330 1385 auct.
1358 1365 1391 1385 n.
1423 1355 1604 1386 Geminus.-
1628 1354 1720 1386 Sue-

113 1408 185 1435 ton.
211 1405 314 1440 Caes.
339 1411 373 1439 9.
411 1411 631 1442 Tanusius
661 1410 861 1442 Geminus
891 1410 925 1440 in
952 1410 1122 1441 Historia.
1170 1408 1359 1440 Plutarch.
1388 1408 1492 1440 Caes.
1517 1411 1572 1440 22.
1602 1405 1721 1441 Τανύ-

113 1466 206 1497 σιος
225 1459 314 1503 λέγει
335 1463 406 1495 κτλ.
454 1463 581 1495 Senec.
606 1475 662 1506 ep.
685 1467 740 1505 93,
762 1467 812 1495 10.
843 1465 994 1495 Annales
1022 1464 1208 1495 'I'anusii
1231 1465 1296 1495 scis
1321 1474 1422 1505 quam
1442 1464 1626 1505 ponderosi
1650 1464 1720 1496 sint

113 1517 145 1545 et
170 1515 254 1556 quid
277 1523 457 1557 vocentur,
497 1518 558 1550 ubi
588 1518 748 1550 Fickert.
780 1518 868 1550 citat
894 1519 991 1550 Voss.
1021 1519 1063 1549 de
1090 1517 1180 1549 hist.
1205 1517 1298 1550 Latt.
1323 1518 1352 1558 l,
1384 1529 1415 1560 p.
1443 1521 1497 1549 59.
1524 1518 1579 1550 cd.
1603 1517 1718 1560 Frcf.]

111 1583 150 1590 -
187 1571 247 1608 17,
270 1573 325 1602 23.
363 1572 581 1614 Sos—pitatem.
629 1572 690 1603 Sic
708 1574 929 1613 faustitatem
955 1572 1130 1604 Horatius
1157 1572 1236 1614 [Od.
1264 1573 1322 1611 lv,
1347 1575 1378 1611 5,
1408 1572 1473 1614 18.]
1501 1572 1593 1604 dixit
1614 1582 1719 1605 nove.

112 1637 155 1643 —
194 1624 245 1662 17,
272 1627 327 1656 35.
364 1625 497 1658 Suidas
524 1626 559 1658 iu
589 1626 811 1668 Πείσανδρος
836 1633 870 1659 et
901 1624 1101 1667 Κάμειρος
1124 1632 1159 1658 et
1182 1628 1429 1668 Καμειραῖος
1454 1626 1595 1658 scribit.
1643 1625 1718 1659 Nec

112 1681 212 1708 muto
237 1679 444 1720 quidquam,
473 1692 581 1722 quum
612 1682 843 1713 Camerienses
869 1681 917 1713 sit
944 1681 1131 1712 Macrobio
1158 1683 1246 1712 satis
1273 1681 1436 1722 dignum.
1490 1681 1722 1714 Camerienses

113 1733 151 1762 ut
182 1732 507 1777 Carthaginienses,
538 1736 813 1775 Nemausienses,
844 1736 1069 1777 Berytienses.
1117 1734 1329 1766 Posteriora
1361 1735 1429 1766 duo
1456 1734 1598 1767 invenis
1623 1735 1718 1777 apud

112 1783 309 1818 Eusebium
335 1788 368 1819 iu
392 1788 591 1828 Chronieo3
618 1789 686 1821 nisi
713 1789 922 1830 impedierit
950 1794 1067 1820 tamen
1094 1789 1186 1830 quod
1214 1800 1246 1830 p.
1274 1791 1350 1820 303.
1378 1789 1412 1830 [ἓ
1437 1790 1505 1831 45.]
1537 1790 1718 1822 Camiren-

111 1848 163 1870 ses
187 1840 289 1872 (lixit.
315 1860 354 1865 --
384 1845 436 1882 17,
460 1846 515 1874 38.
545 1844 579 1874 V.
612 1844 797 1876 Heracliti.
825 1844 926 1874 Pont.
951 1844 1068 1885 Alleg.
1099 1844 1202 1875 Hom.
1228 1855 1260 1884 p.
1287 1845 1350 1874 417
1377 1855 1428 1884 sq.
1456 1844 1511 1875 ed.
1538 1843 1642 1875 Gale.
1676 1861 1712 1867 —

115 1894 166 1932 17,
186 1896 239 1925 45.
280 1895 451 1934 Ναπαῖος
479 1897 600 1939 potius
630 1909 650 1929 a
679 1895 785 1938 νάπη.
835 1897 889 1928 lta
915 1897 1047 1938 Delphi
1074 1901 1156 1928 ante
1184 1896 1292 1934 (licti;
1323 1908 1355 1927 V.
1381 1897 1488 1928 Paus.
1516 1896 1573 1938 [X‚
1597 1901 1630 1937 6,
1657 1898 1717 1940 l.].

113 1947 233 1979 Aliter
257 1949 465 1990 Stephanus
491 1951 525 1982 in
555 1949 667 1991 Νιὶπη
697 1948 808 1991 [πόλις
833 1948 971 1992 Λέσβου
996 1974 1003 1982 .
1019 1975 1026 1982 .
1042 1974 1049 1981 .
1080 1946 1098 1981 ὁ
1124 1950 1268 1992 πολίτης
1294 1951 1484 1991 Nanniog,
1521 1951 1581 1983 καὶ
1602 1949 1719 1984 Ἀπόλ-

116 2001 187 2032 λων
215 2003 413 2045 Ναπαῖος].
440 2022 480 2027 -—
511 2007 563 2044 17,
590 2007 641 2035 46.
670 2005 914 2046 Etymologus
938 2016 1026 2036 voce
1050 2000 1166 2045 ἤλιοςε
1192 1999 1212 2046 ἢ
1237 2001 1337 2044 παρὰ
1361 2002 1402 2035 τὸ
1431 2000 1519 2043 ἅλες,
1546 2004 1587 2037 τὸ
1613 2015 1719 2048 συνη-

112 2054 331 2096 θροισμένον
358 2058 441 2099 πῦρ.
475 2056 609 2100 λέγεται
636 2055 703 2100 γὰρ
727 2056 825 2099 παρὰ
850 2055 890 2089 τὸ
917 2055 1021 2096 caiigo>
1047 2055 1087 2089 τὸ
1115 2058 1361 2100 συναθροίζω,
1396 2055 1444 2096 ὥς
1464 2056 1717 2102 Ἐμπεδοκλῆς·

112 2103 190 2138 Ἀλλ’
217 2106 236 2141 ὁ
258 2108 322 2151 μὲν
349 2108 508 2150 fumeus
527 2111 634 2153 μέσον
660 2109 818 2153 οὐρανὸν
844 2109 1089 2153 (Rammium.
1117 2129 1162 2134 -—-
1198 2115 1257 2151 17,
1281 2116 1335 2144 49.
1368 2113 1556 2146 Aristoteli
1587 2110 1718 2156 ὑέτιος,

116 2162 202 2194 aliis
226 2160 384 2207 ὅμβριος.
435 2167 485 2198 De
508 2168 593 2198 Iove
619 2171 738 2198 tamen
769 2167 838 2197 hoc
868 2167 979 2203 alias,
1012 2177 1078 2197 non
1108 2166 1150 2197 de
1176 2166 1356 2208 Apolline.
1394 2185 1434 2190 —
1473 2172 1531 2207 17,
1553 2173 1607 2201 50.
1644 2166 1717 2202 ἀπὸ

117 2215 180 2256 τῆς
203 2215 372 2261 πεύσεως,
397 2225 437 2252 ut
460 2221 537 2252 vult
559 2221 690 2252 Strabo
716 2220 757 2251 X.
783 2220 905 2261 [inimo
932 2220 994 2259 IX,
1020 2223 1052 2260 3,
1075 2223 1095 2251 5
1135 2231 1166 2261 p.
1193 2224 1269 2252 419.
1292 2221 1422 2253 habet:
1448 2223 1656 2265 Κεκλῆσθαι
1680 2221 1719 2257 δὲ

117 2269 175 2301 καὶ
199 2268 265 2313 τὴν
290 2273 473 2315 προφῆτιν
498 2271 592 2306 οὕτω
621 2273 681 2306 καὶ
707 2272 773 2315 τὴν
796 2271 898 2305 πόλιν
930 2270 1001 2305 ἀπὸ
1026 2274 1091 2305 τοῦ
1115 2272 1331 2317 anassem]
1361 2281 1395 2307 et
1421 2277 1555 2309 Pborn.
1579 2290 1611 2320 p.
1638 2281 1717 2312 226.

117 2324 203 2365 [vid.
231 2331 316 2365 not,
341 2329 400 2359 ubi
427 2329 540 2360 addas
562 2329 727 2360 Eustath.
751 2340 783 2370 p.
805 2331 881 2369 274,
907 2329 985 2371 15.].
1012 2346 1053 2351 -—
1082 2332 1134 2367 17,
1155 2332 1207 2360 5¹».
1235 2329 1341 2370 Atqui
1366 2331 1532 2371 Προναία
1560 2343 1601 2364 ea
1628 2338 1716 2366 erat.

118 2378 156 2409 V.
181 2379 428 2422 Hesychium,
457 2388 575 2414 tamen
600 2383 690 2414 adde
715 2383 774 2414 Ez.
801 2382 935 2424 Spanh.
963 2384 1004 2414 ad
1029 2383 1175 2414 Gallim.
1201 2395 1232 2424 p.
1258 2386 1334 2415 621.
1368 2403 1405 2407 —
1442 2388 1494 2424 17,
1518 2389 1571 2417 59.
1607 2386 1718 2420 Forte

117 2437 200 2465 sunt
234 2437 420 2476 anapaesti
452 2437 734 2477 Aristophanici.
767 2462 795 2468 ..
830 2436 918 2468 Nam
951 2438 1070 2469 media
1104 2437 1257 2469 Graecis
1290 2434 1477 2480 ἀπόλειψις
1506 2451 1574 2471 non
1606 2452 1717 2483 saepe

119 2488 346 2520 observatur.
372 2508 410 2512 --
437 2493 488 2530 17,
513 2493 564 2522 64.
598 2491 716 2522 Aliter
741 2490 947 2532 Stephanus
974 2491 1008 2522 in
1037 2492 1238 2524 AIAYMA
1260 2493 1351 2530 (vid.
1376 2493 1486 2534 not.];
1520 2494 1630 2526 aliter
1649 2495 1717 2527 So-

121 2541 217 2572 linus
241 2554 318 2584 cap.
344 2543 448 2574 Ll'll.
480 2549 550 2576 vet.
579 2545 636 2576 ed.
682 2545 735 2586 [ln
762 2546 816 2575 ed.
843 2545 956 2576 Salm.
983 2557 1012 2577 e.
1039 2548 1092 2577 49.
1120 2546 1273 2587 legitur:
1306 2547 1352 2577 Ob
1381 2548 1477 2578 cuins
1501 2549 1638 2590 gloriae
1661 2550 1717 2581 in-

118 2595 218 2637 signe
244 2597 336 2629 (ledit
361 2599 491 2629 nomini
517 2610 595 2636 suo,
632 2604 668 2630 ut
698 2600 828 2630 altaria
861 2600 907 2631 ibi
930 2604 1095 2631 statueret
1120 2601 1319 2641 Apollini
1347 2601 1594 2642 Didymaeo.
1642 2603 1717 2636 Hoc

118 2654 166 2680 est
192 2651 402 2683 collimitiurn
433 2653 467 2683 in
494 2664 558 2694 qno
582 2653 677 2684 limes
705 2654 860 2685 Persicus
885 2654 1019 2695 Scythis
1042 2653 1224 2695 iungitur]
1264 2673 1305 2677 —
1344 2657 1401 2693 17,
1422 2656 1476 2685 65.
1509 2654 1561 2686 Ne
1581 2655 1716 2689 Nume—

118 2702 215 2734 nium
242 2706 498 2746 Apameensem
532 2717 632 2748 cape,
657 2707 717 2738 sed
742 2708 895 2739 alterurn
923 2708 989 2739 sub
1014 2706 1176 2738 Traiano
1201 2707 1382 2739 viventem
1408 2708 1621 2741 Rhetorem.
1664 2711 1716 2743 De

118 2760 270 2799 utroque
293 2759 433 2791 suidas.
459 2778 500 2783 —
526 2763 578 2799 16,
599 2763 629 2792 3.
656 2761 815 2802 Apollini
837 2758 1038 2804 Ἀμυκλαίῳ.
1067 2761 1105 2791 V.
1125 2760 1252 2793 Liban.
1280 2759 1482 2804 Διηγήμασι
1505 2773 1583 2805 cap.
1607 2764 1714 2798 XXV.

124 2829 153 2833 —
200 2815 255 2844 18.
288 2816 334 2845 11.
375 2815 557 2847 Sebadium
596 2827 661 2847 non
701 2815 811 2847 facilc
850 2815 1018 2847 mutarim
1059 2815 1092 2847 in
1130 2817 1329 2848 Sabat-ium.
1383 2816 1580 2850 Sabazium
1618 2818 1713 2850 enim
