<?xml version="1.0" encoding="UTF-8"?>
<!DOCTYPE html PUBLIC "-//W3C//DTD XHTML 1.0 Transitional//EN"
    "http://www.w3.org/TR/xhtml1/DTD/xhtml1-transitional.dtd">
<html xmlns="http://www.w3.org/1999/xhtml" xml:lang="en" lang="en">
 <head>
  <title>
</title>
<meta http-equiv="Content-Type" content="text/html;charset=utf-8" />
  <meta name='ocr-system' content='tesseract 3.04.00' />
  <meta name='ocr-capabilities' content='ocr_page ocr_carea ocr_par ocr_line ocrx_word'/>
</head>
<body>
  <div class='ocr_page' id='page_1' title='image "./operaquaesupersu02macruoft_0146.png"; bbox 0 0 1871 3126; ppageno 0'>
   <div class='ocr_carea' id='block_1_1' title="bbox 134 29 1751 1330">
    <p class='ocr_par' dir='ltr' id='par_1_1' title="bbox 203 29 1750 310">
     <span class='ocr_line' id='line_1_1' title="bbox 209 29 1117 78; baseline -0.007 0"><span class='ocrx_word' id='word_1_1' title='bbox 209 36 288 78; x_wconf 70' lang='lat'>122</span> <span class='ocrx_word' id='word_1_2' title='bbox 842 29 1117 74; x_wconf 79' lang='lat' dir='ltr'>MACROBll</span> 
     </span>
     <span class='ocr_line' id='line_1_2' title="bbox 205 141 1750 203; baseline -0.003 -14"><span class='ocrx_word' id='word_1_3' title='bbox 205 150 456 203; x_wconf 85' lang='lat' dir='ltr'>putaverunt.</span> <span class='ocrx_word' id='word_1_4' title='bbox 531 144 633 186; x_wconf 87' lang='lat' dir='ltr'>Nam</span> <span class='ocrx_word' id='word_1_5' title='bbox 670 143 720 184; x_wconf 90' lang='lat' dir='ltr'>de</span> <span class='ocrx_word' id='word_1_6' title='bbox 756 142 948 184; x_wconf 82' lang='lat' dir='ltr'>Kalendis</span> <span class='ocrx_word' id='word_1_7' title='bbox 989 142 1116 186; x_wconf 89' lang='lat' dir='ltr'>Nonis</span> <span class='ocrx_word' id='word_1_8' title='bbox 1151 146 1192 183; x_wconf 86' lang='lat' dir='ltr'>et</span> <span class='ocrx_word' id='word_1_9' title='bbox 1225 141 1365 183; x_wconf 81' lang='lat' dir='ltr'>Idibus</span> <span class='ocrx_word' id='word_1_10' title='bbox 1399 142 1530 196; x_wconf 87' lang='lat' dir='ltr'>deque</span> <span class='ocrx_word' id='word_1_11' title='bbox 1565 144 1750 186; x_wconf 84' lang='lat' dir='ltr'>feriarum</span> 
     </span>
     <span class='ocr_line' id='line_1_3' title="bbox 203 198 1748 253; baseline -0.004 -7"><span class='ocrx_word' id='word_1_12' title='bbox 203 204 320 247; x_wconf 87' lang='lat' dir='ltr'>variis</span> <span class='ocrx_word' id='word_1_13' title='bbox 357 199 703 243; x_wconf 84' lang='lat' dir='ltr'>observationibus</span> <span class='ocrx_word' id='word_1_14' title='bbox 742 198 973 240; x_wconf 90' lang='lat' dir='ltr'>innumeros</span> <span class='ocrx_word' id='word_1_15' title='bbox 1007 204 1193 240; x_wconf 80' lang='lat' dir='ltr'>auctores</span> <span class='ocrx_word' id='word_1_16' title='bbox 1224 212 1318 239; x_wconf 88' lang='lat' dir='ltr'>cura</span> <span class='ocrx_word' id='word_1_17' title='bbox 1359 200 1604 253; x_wconf 80' lang='lat' dir='ltr'>quaestionis</span> <span class='ocrx_word' id='word_1_18' title='bbox 1639 213 1748 241; x_wconf 84' lang='lat' dir='ltr'>exer-</span> 
     </span>
     <span class='ocr_line' id='line_1_4' title="bbox 204 254 1749 310; baseline -0.004 -8"><span class='ocrx_word' id='word_1_19' title='bbox 204 260 308 302; x_wconf 84' lang='lat' dir='ltr'>cuit:</span> <span class='ocrx_word' id='word_1_20' title='bbox 354 263 395 299; x_wconf 87' lang='lat' dir='ltr'>et</span> <span class='ocrx_word' id='word_1_21' title='bbox 429 256 519 298; x_wconf 91' lang='lat' dir='ltr'>ideo</span> <span class='ocrx_word' id='word_1_22' title='bbox 556 270 629 297; x_wconf 89' lang='lat' dir='ltr'>nos</span> <span class='ocrx_word' id='word_1_23' title='bbox 665 269 768 310; x_wconf 88' lang='lat' dir='ltr'>quae</span> <span class='ocrx_word' id='word_1_24' title='bbox 803 255 852 296; x_wconf 89' lang='lat' dir='ltr'>dc</span> <span class='ocrx_word' id='word_1_25' title='bbox 888 254 949 296; x_wconf 89' lang='lat' dir='ltr'>his</span> <span class='ocrx_word' id='word_1_26' title='bbox 989 255 1039 296; x_wconf 87' lang='lat' dir='ltr'>ab</span> <span class='ocrx_word' id='word_1_27' title='bbox 1072 254 1258 296; x_wconf 88' lang='lat' dir='ltr'>omnibus</span> <span class='ocrx_word' id='word_1_28' title='bbox 1293 254 1396 296; x_wconf 87' lang='lat' dir='ltr'>dicta</span> <span class='ocrx_word' id='word_1_29' title='bbox 1431 262 1525 297; x_wconf 91' lang='lat' dir='ltr'>sunt</span> <span class='ocrx_word' id='word_1_30' title='bbox 1553 256 1592 296; x_wconf 91' lang='lat' dir='ltr'>in</span> <span class='ocrx_word' id='word_1_31' title='bbox 1622 270 1749 297; x_wconf 91' lang='lat' dir='ltr'>unum</span> 
     </span>
    </p>

    <p class='ocr_par' dir='ltr' id='par_1_2' title="bbox 163 310 1750 424">
     <span class='ocr_line' id='line_1_5' title="bbox 163 310 1749 366; baseline -0.004 -7"><span class='ocrx_word' id='word_1_32' title='bbox 163 316 375 361; x_wconf 77' lang='lat' dir='ltr'>5brcviter</span> <span class='ocrx_word' id='word_1_33' title='bbox 399 312 632 366; x_wconf 81' lang='lat' dir='ltr'>colligimus.</span> <span class='ocrx_word' id='word_1_34' title='bbox 692 312 902 360; x_wconf 87' lang='lat' dir='ltr'>Romulus,</span> <span class='ocrx_word' id='word_1_35' title='bbox 934 325 1026 352; x_wconf 80' lang='lat' dir='ltr'>cum</span> <span class='ocrx_word' id='word_1_36' title='bbox 1055 310 1213 365; x_wconf 87' lang='lat' dir='ltr'>ingenio</span> <span class='ocrx_word' id='word_1_37' title='bbox 1244 311 1324 352; x_wconf 84' lang='lat' dir='ltr'>aeri</span> <span class='ocrx_word' id='word_1_38' title='bbox 1354 311 1513 365; x_wconf 87' lang='lat' dir='ltr'>quidem</span> <span class='ocrx_word' id='word_1_39' title='bbox 1547 313 1615 353; x_wconf 87' lang='lat' dir='ltr'>sed</span> <span class='ocrx_word' id='word_1_40' title='bbox 1640 326 1749 366; x_wconf 83' lang='lat' dir='ltr'>agre-</span> 
     </span>
     <span class='ocr_line' id='line_1_6' title="bbox 204 367 1750 424; baseline -0.003 -11"><span class='ocrx_word' id='word_1_41' title='bbox 204 372 253 413; x_wconf 89' lang='lat' dir='ltr'>sti</span> <span class='ocrx_word' id='word_1_42' title='bbox 283 377 430 412; x_wconf 82' lang='lat' dir='ltr'>statum</span> <span class='ocrx_word' id='word_1_43' title='bbox 464 369 613 424; x_wconf 89' lang='lat' dir='ltr'>proprii</span> <span class='ocrx_word' id='word_1_44' title='bbox 652 368 854 410; x_wconf 90' lang='lat' dir='ltr'>ordinaret</span> <span class='ocrx_word' id='word_1_45' title='bbox 889 367 1061 422; x_wconf 89' lang='lat' dir='ltr'>imperii,</span> <span class='ocrx_word' id='word_1_46' title='bbox 1107 367 1263 408; x_wconf 90' lang='lat' dir='ltr'>initium</span> <span class='ocrx_word' id='word_1_47' title='bbox 1298 368 1494 421; x_wconf 89' lang='lat' dir='ltr'>cuiusque</span> <span class='ocrx_word' id='word_1_48' title='bbox 1526 369 1671 409; x_wconf 85' lang='lat' dir='ltr'>mensis</span> <span class='ocrx_word' id='word_1_49' title='bbox 1702 383 1750 410; x_wconf 79' lang='lat' dir='ltr'>ex</span> 
     </span>
    </p>

    <p class='ocr_par' dir='ltr' id='par_1_3' title="bbox 163 423 1751 823">
     <span class='ocr_line' id='line_1_7' title="bbox 163 423 1750 480; baseline -0.003 -10"><span class='ocrx_word' id='word_1_50' title='bbox 163 429 268 473; x_wconf 71' lang='lat' dir='ltr'>eino</span> <span class='ocrx_word' id='word_1_51' title='bbox 298 428 483 469; x_wconf 83' lang='lat' dir='ltr'>sumebat</span> <span class='ocrx_word' id='word_1_52' title='bbox 511 426 575 467; x_wconf 89' lang='lat' dir='ltr'>die</span> <span class='ocrx_word' id='word_1_53' title='bbox 604 439 685 480; x_wconf 91' lang='lat' dir='ltr'>quo</span> <span class='ocrx_word' id='word_1_54' title='bbox 719 439 860 466; x_wconf 89' lang='lat' dir='ltr'>novam</span> <span class='ocrx_word' id='word_1_55' title='bbox 900 425 1034 465; x_wconf 90' lang='lat' dir='ltr'>lunam</span> <span class='ocrx_word' id='word_1_56' title='bbox 1068 423 1300 478; x_wconf 74' lang='lat' dir='ltr'>contigisset</span> <span class='ocrx_word' id='word_1_57' title='bbox 1332 423 1467 465; x_wconf 72' lang='lat' dir='ltr'>videri.</span> <span class='ocrx_word' id='word_1_58' title='bbox 1534 425 1639 475; x_wconf 90' lang='lat' dir='ltr'>Quia</span> <span class='ocrx_word' id='word_1_59' title='bbox 1669 438 1750 466; x_wconf 92' lang='lat' dir='ltr'>non</span> 
     </span>
     <span class='ocr_line' id='line_1_8' title="bbox 203 480 1751 535; baseline -0.003 -9"><span class='ocrx_word' id='word_1_60' title='bbox 203 484 397 526; x_wconf 89' lang='lat' dir='ltr'>continuo</span> <span class='ocrx_word' id='word_1_61' title='bbox 434 483 565 525; x_wconf 83' lang='lat' dir='ltr'>evenit</span> <span class='ocrx_word' id='word_1_62' title='bbox 591 488 637 523; x_wconf 90' lang='lat' dir='ltr'>ut</span> <span class='ocrx_word' id='word_1_63' title='bbox 667 482 807 523; x_wconf 89' lang='lat' dir='ltr'>eodem</span> <span class='ocrx_word' id='word_1_64' title='bbox 835 481 899 522; x_wconf 89' lang='lat' dir='ltr'>die</span> <span class='ocrx_word' id='word_1_65' title='bbox 927 494 1083 535; x_wconf 85' lang='lat' dir='ltr'>semper</span> <span class='ocrx_word' id='word_1_66' title='bbox 1109 485 1316 534; x_wconf 85' lang='lat' dir='ltr'>appareat,</span> <span class='ocrx_word' id='word_1_67' title='bbox 1351 480 1418 520; x_wconf 89' lang='lat' dir='ltr'>sed</span> <span class='ocrx_word' id='word_1_68' title='bbox 1449 481 1569 522; x_wconf 91' lang='lat' dir='ltr'>modo</span> <span class='ocrx_word' id='word_1_69' title='bbox 1601 481 1751 522; x_wconf 88' lang='lat' dir='ltr'>tardius</span> 
     </span>
     <span class='ocr_line' id='line_1_9' title="bbox 202 536 1748 590; baseline -0.004 -7"><span class='ocrx_word' id='word_1_70' title='bbox 202 541 322 583; x_wconf 90' lang='lat' dir='ltr'>modo</span> <span class='ocrx_word' id='word_1_71' title='bbox 354 540 522 582; x_wconf 88' lang='lat' dir='ltr'>celerius</span> <span class='ocrx_word' id='word_1_72' title='bbox 553 553 601 580; x_wconf 88' lang='lat' dir='ltr'>ex</span> <span class='ocrx_word' id='word_1_73' title='bbox 630 538 747 580; x_wconf 87' lang='lat' dir='ltr'>certis</span> <span class='ocrx_word' id='word_1_74' title='bbox 780 538 910 579; x_wconf 89' lang='lat' dir='ltr'>causis</span> <span class='ocrx_word' id='word_1_75' title='bbox 941 536 1064 579; x_wconf 91' lang='lat' dir='ltr'>videri</span> <span class='ocrx_word' id='word_1_76' title='bbox 1096 537 1219 586; x_wconf 86' lang='lat' dir='ltr'>solet,</span> <span class='ocrx_word' id='word_1_77' title='bbox 1251 536 1418 590; x_wconf 86' lang='lat' dir='ltr'>contigit</span> <span class='ocrx_word' id='word_1_78' title='bbox 1452 542 1516 586; x_wconf 93' lang='lat' dir='ltr'>ut,</span> <span class='ocrx_word' id='word_1_79' title='bbox 1549 551 1638 577; x_wconf 90' lang='lat' dir='ltr'>cum</span> <span class='ocrx_word' id='word_1_80' title='bbox 1669 542 1748 578; x_wconf 89' lang='lat' dir='ltr'>tar-</span> 
     </span>
     <span class='ocr_line' id='line_1_10' title="bbox 202 592 1749 652; baseline -0.003 -13"><span class='ocrx_word' id='word_1_81' title='bbox 202 598 291 639; x_wconf 91' lang='lat' dir='ltr'>dius</span> <span class='ocrx_word' id='word_1_82' title='bbox 328 596 535 652; x_wconf 86' lang='lat' dir='ltr'>apparuit,</span> <span class='ocrx_word' id='word_1_83' title='bbox 583 594 837 650; x_wconf 80' lang='lat' dir='ltr'>praecedenti</span> <span class='ocrx_word' id='word_1_84' title='bbox 871 593 997 635; x_wconf 89' lang='lat' dir='ltr'>mensi</span> <span class='ocrx_word' id='word_1_85' title='bbox 1033 593 1164 647; x_wconf 89' lang='lat' dir='ltr'>plures</span> <span class='ocrx_word' id='word_1_86' title='bbox 1202 592 1307 642; x_wconf 86' lang='lat' dir='ltr'>dies,</span> <span class='ocrx_word' id='word_1_87' title='bbox 1353 598 1423 634; x_wconf 89' lang='lat' dir='ltr'>aut</span> <span class='ocrx_word' id='word_1_88' title='bbox 1453 607 1544 635; x_wconf 90' lang='lat' dir='ltr'>cum</span> <span class='ocrx_word' id='word_1_89' title='bbox 1570 593 1749 642; x_wconf 91' lang='lat' dir='ltr'>celerius,</span> 
     </span>
     <span class='ocr_line' id='line_1_11' title="bbox 201 649 1749 710; baseline -0.004 -14"><span class='ocrx_word' id='word_1_90' title='bbox 201 654 411 710; x_wconf 87' lang='lat' dir='ltr'>pauciores</span> <span class='ocrx_word' id='word_1_91' title='bbox 455 653 662 694; x_wconf 84' lang='lat' dir='ltr'>darentur:</span> <span class='ocrx_word' id='word_1_92' title='bbox 710 657 750 693; x_wconf 93' lang='lat' dir='ltr'>et</span> <span class='ocrx_word' id='word_1_93' title='bbox 788 650 952 705; x_wconf 89' lang='lat' dir='ltr'>singulis</span> <span class='ocrx_word' id='word_1_94' title='bbox 992 650 1221 704; x_wconf 84' lang='lat' dir='ltr'>quibusque</span> <span class='ocrx_word' id='word_1_95' title='bbox 1268 649 1471 691; x_wconf 90' lang='lat' dir='ltr'>mensibus</span> <span class='ocrx_word' id='word_1_96' title='bbox 1514 655 1749 704; x_wconf 85' lang='lat' dir='ltr'>perpetuam</span> 
     </span>
     <span class='ocr_line' id='line_1_12' title="bbox 201 704 1748 764; baseline -0.005 -11"><span class='ocrx_word' id='word_1_97' title='bbox 201 710 357 752; x_wconf 89' lang='lat' dir='ltr'>numeri</span> <span class='ocrx_word' id='word_1_98' title='bbox 397 710 522 764; x_wconf 88' lang='lat' dir='ltr'>legem</span> <span class='ocrx_word' id='word_1_99' title='bbox 563 708 714 763; x_wconf 89' lang='lat' dir='ltr'>primus</span> <span class='ocrx_word' id='word_1_100' title='bbox 752 722 868 749; x_wconf 87' lang='lat' dir='ltr'>casus</span> <span class='ocrx_word' id='word_1_101' title='bbox 901 706 1063 748; x_wconf 82' lang='lat' dir='ltr'>addixit.</span> <span class='ocrx_word' id='word_1_102' title='bbox 1124 706 1191 747; x_wconf 87' lang='lat' dir='ltr'>Sic</span> <span class='ocrx_word' id='word_1_103' title='bbox 1224 704 1371 747; x_wconf 88' lang='lat' dir='ltr'>factum</span> <span class='ocrx_word' id='word_1_104' title='bbox 1404 712 1466 747; x_wconf 89' lang='lat' dir='ltr'>est</span> <span class='ocrx_word' id='word_1_105' title='bbox 1504 711 1549 746; x_wconf 88' lang='lat' dir='ltr'>ut</span> <span class='ocrx_word' id='word_1_106' title='bbox 1580 706 1645 747; x_wconf 86' lang='lat' dir='ltr'>alii</span> <span class='ocrx_word' id='word_1_107' title='bbox 1679 706 1748 747; x_wconf 90' lang='lat' dir='ltr'>tri-</span> 
     </span>
     <span class='ocr_line' id='line_1_13' title="bbox 164 762 1750 823; baseline -0.005 -13"><span class='ocrx_word' id='word_1_108' title='bbox 164 768 308 823; x_wconf 80' lang='lat' dir='ltr'>7ginta</span> <span class='ocrx_word' id='word_1_109' title='bbox 339 772 379 807; x_wconf 87' lang='lat' dir='ltr'>et</span> <span class='ocrx_word' id='word_1_110' title='bbox 407 780 532 807; x_wconf 90' lang='lat' dir='ltr'>unum</span> <span class='ocrx_word' id='word_1_111' title='bbox 565 765 629 805; x_wconf 90' lang='lat' dir='ltr'>alii</span> <span class='ocrx_word' id='word_1_112' title='bbox 660 764 927 818; x_wconf 82' lang='lat' dir='ltr'>undetriginta</span> <span class='ocrx_word' id='word_1_113' title='bbox 956 763 1196 804; x_wconf 88' lang='lat' dir='ltr'>sortirentur</span> <span class='ocrx_word' id='word_1_114' title='bbox 1228 762 1324 803; x_wconf 83' lang='lat' dir='ltr'>dies.</span> <span class='ocrx_word' id='word_1_115' title='bbox 1386 762 1586 804; x_wconf 88' lang='lat' dir='ltr'>Omnibus</span> <span class='ocrx_word' id='word_1_116' title='bbox 1616 768 1750 803; x_wconf 85' lang='lat' dir='ltr'>tamen</span> 
     </span>
    </p>

    <p class='ocr_par' dir='ltr' id='par_1_4' title="bbox 134 818 1749 1042">
     <span class='ocr_line' id='line_1_14' title="bbox 134 818 1748 880; baseline -0.006 -13"><span class='ocrx_word' id='word_1_117' title='bbox 134 824 430 880; x_wconf 68' lang='lat' dir='ltr'>[2731mensibus</span> <span class='ocrx_word' id='word_1_118' title='bbox 467 836 514 863; x_wconf 86' lang='lat' dir='ltr'>ex</span> <span class='ocrx_word' id='word_1_119' title='bbox 551 822 614 863; x_wconf 89' lang='lat' dir='ltr'>die</span> <span class='ocrx_word' id='word_1_120' title='bbox 644 822 851 863; x_wconf 85' lang='lat' dir='ltr'>Nonarum</span> <span class='ocrx_word' id='word_1_121' title='bbox 891 820 988 861; x_wconf 89' lang='lat' dir='ltr'>Idus</span> <span class='ocrx_word' id='word_1_122' title='bbox 1027 833 1134 860; x_wconf 90' lang='lat' dir='ltr'>nono</span> <span class='ocrx_word' id='word_1_123' title='bbox 1170 818 1234 860; x_wconf 91' lang='lat' dir='ltr'>die</span> <span class='ocrx_word' id='word_1_124' title='bbox 1264 818 1551 873; x_wconf 86' lang='lat' dir='ltr'>repraesentari</span> <span class='ocrx_word' id='word_1_125' title='bbox 1582 818 1748 872; x_wconf 85' lang='lat' dir='ltr'>placuit:</span> 
     </span>
     <span class='ocr_line' id='line_1_15' title="bbox 199 874 1749 931; baseline -0.004 -9"><span class='ocrx_word' id='word_1_126' title='bbox 199 886 241 922; x_wconf 87' lang='lat' dir='ltr'>et</span> <span class='ocrx_word' id='word_1_127' title='bbox 267 881 369 922; x_wconf 90' lang='lat' dir='ltr'>inter</span> <span class='ocrx_word' id='word_1_128' title='bbox 400 879 496 920; x_wconf 90' lang='lat' dir='ltr'>Idus</span> <span class='ocrx_word' id='word_1_129' title='bbox 527 892 571 919; x_wconf 89' lang='lat' dir='ltr'>ac</span> <span class='ocrx_word' id='word_1_130' title='bbox 597 882 810 931; x_wconf 85' lang='lat' dir='ltr'>sequentes</span> <span class='ocrx_word' id='word_1_131' title='bbox 840 876 1042 917; x_wconf 86' lang='lat' dir='ltr'>Kalendas</span> <span class='ocrx_word' id='word_1_132' title='bbox 1075 874 1338 917; x_wconf 87' lang='lat' dir='ltr'>constitutum</span> <span class='ocrx_word' id='word_1_133' title='bbox 1374 881 1432 916; x_wconf 87' lang='lat' dir='ltr'>est</span> <span class='ocrx_word' id='word_1_134' title='bbox 1462 874 1633 916; x_wconf 85' lang='lat' dir='ltr'>sedecim</span> <span class='ocrx_word' id='word_1_135' title='bbox 1665 874 1749 916; x_wconf 88' lang='lat' dir='ltr'>dies</span> 
     </span>
     <span class='ocr_line' id='line_1_16' title="bbox 199 930 1747 985; baseline -0.003 -7"><span class='ocrx_word' id='word_1_136' title='bbox 199 951 287 979; x_wconf 87' lang='lat' dir='ltr'>esse</span> <span class='ocrx_word' id='word_1_137' title='bbox 315 935 595 977; x_wconf 88' lang='lat' dir='ltr'>numerandos.</span> <span class='ocrx_word' id='word_1_138' title='bbox 655 934 752 975; x_wconf 92' lang='lat' dir='ltr'>Ideo</span> <span class='ocrx_word' id='word_1_139' title='bbox 784 933 929 974; x_wconf 90' lang='lat' dir='ltr'>mensis</span> <span class='ocrx_word' id='word_1_140' title='bbox 957 931 1118 974; x_wconf 89' lang='lat' dir='ltr'>uberior</span> <span class='ocrx_word' id='word_1_141' title='bbox 1150 931 1251 972; x_wconf 90' lang='lat' dir='ltr'>duos</span> <span class='ocrx_word' id='word_1_142' title='bbox 1282 931 1369 972; x_wconf 89' lang='lat' dir='ltr'>illos</span> <span class='ocrx_word' id='word_1_143' title='bbox 1400 930 1545 985; x_wconf 89' lang='lat' dir='ltr'>quibus</span> <span class='ocrx_word' id='word_1_144' title='bbox 1576 931 1747 985; x_wconf 88' lang='lat' dir='ltr'>augeba-</span> 
     </span>
     <span class='ocr_line' id='line_1_17' title="bbox 199 987 1749 1042; baseline -0.005 -7"><span class='ocrx_word' id='word_1_145' title='bbox 199 999 266 1035; x_wconf 87' lang='lat' dir='ltr'>tur</span> <span class='ocrx_word' id='word_1_146' title='bbox 292 993 376 1035; x_wconf 88' lang='lat' dir='ltr'>dies</span> <span class='ocrx_word' id='word_1_147' title='bbox 403 992 506 1033; x_wconf 88' lang='lat' dir='ltr'>inter</span> <span class='ocrx_word' id='word_1_148' title='bbox 534 990 735 1032; x_wconf 83' lang='lat' dir='ltr'>Kalendas</span> <span class='ocrx_word' id='word_1_149' title='bbox 768 1004 860 1031; x_wconf 85' lang='lat' dir='ltr'>suas</span> <span class='ocrx_word' id='word_1_150' title='bbox 897 994 937 1030; x_wconf 92' lang='lat' dir='ltr'>et</span> <span class='ocrx_word' id='word_1_151' title='bbox 970 990 1105 1031; x_wconf 88' lang='lat' dir='ltr'>Nonas</span> <span class='ocrx_word' id='word_1_152' title='bbox 1139 987 1322 1029; x_wconf 87' lang='lat' dir='ltr'>habebat.</span> <span class='ocrx_word' id='word_1_153' title='bbox 1381 987 1485 1028; x_wconf 90' lang='lat' dir='ltr'>Hinc</span> <span class='ocrx_word' id='word_1_154' title='bbox 1514 987 1599 1028; x_wconf 90' lang='lat' dir='ltr'>aliis</span> <span class='ocrx_word' id='word_1_155' title='bbox 1631 987 1749 1042; x_wconf 93' lang='lat' dir='ltr'>quin-</span> 
     </span>
    </p>

    <p class='ocr_par' dir='ltr' id='par_1_5' title="bbox 162 1043 1749 1260">
     <span class='ocr_line' id='line_1_18' title="bbox 162 1043 1749 1101; baseline -0.005 -9"><span class='ocrx_word' id='word_1_156' title='bbox 162 1050 266 1092; x_wconf 70' lang='lat' dir='ltr'>Slus</span> <span class='ocrx_word' id='word_1_157' title='bbox 294 1064 316 1091; x_wconf 88' lang='lat' dir='ltr'>a</span> <span class='ocrx_word' id='word_1_158' title='bbox 345 1048 537 1090; x_wconf 90' lang='lat' dir='ltr'>Kalendis</span> <span class='ocrx_word' id='word_1_159' title='bbox 564 1047 647 1088; x_wconf 86' lang='lat' dir='ltr'>dies</span> <span class='ocrx_word' id='word_1_160' title='bbox 671 1046 756 1088; x_wconf 89' lang='lat' dir='ltr'>aliis</span> <span class='ocrx_word' id='word_1_161' title='bbox 784 1045 978 1101; x_wconf 88' lang='lat' dir='ltr'>septimus</span> <span class='ocrx_word' id='word_1_162' title='bbox 1005 1046 1143 1087; x_wconf 85' lang='lat' dir='ltr'>Nonas</span> <span class='ocrx_word' id='word_1_163' title='bbox 1172 1043 1276 1085; x_wconf 87' lang='lat' dir='ltr'>facit.</span> <span class='ocrx_word' id='word_1_164' title='bbox 1341 1043 1488 1085; x_wconf 85' lang='lat' dir='ltr'>Cacsar</span> <span class='ocrx_word' id='word_1_165' title='bbox 1517 1049 1673 1093; x_wconf 87' lang='lat' dir='ltr'>tamen,</span> <span class='ocrx_word' id='word_1_166' title='bbox 1703 1050 1749 1085; x_wconf 90' lang='lat' dir='ltr'>ut</span> 
     </span>
     <span class='ocr_line' id='line_1_19' title="bbox 200 1100 1747 1161; baseline -0.004 -14"><span class='ocrx_word' id='word_1_167' title='bbox 200 1120 319 1161; x_wconf 90' lang='lat' dir='ltr'>supra</span> <span class='ocrx_word' id='word_1_168' title='bbox 349 1105 542 1153; x_wconf 83' lang='lat' dir='ltr'>diximus,</span> <span class='ocrx_word' id='word_1_169' title='bbox 583 1108 685 1145; x_wconf 86' lang='lat' dir='ltr'>stata</span> <span class='ocrx_word' id='word_1_170' title='bbox 718 1116 828 1144; x_wconf 83' lang='lat' dir='ltr'>saera</span> <span class='ocrx_word' id='word_1_171' title='bbox 859 1101 1108 1149; x_wconf 85' lang='lat' dir='ltr'>custodiens,</span> <span class='ocrx_word' id='word_1_172' title='bbox 1152 1114 1224 1141; x_wconf 86' lang='lat' dir='ltr'>nec</span> <span class='ocrx_word' id='word_1_173' title='bbox 1253 1100 1293 1141; x_wconf 89' lang='lat' dir='ltr'>in</span> <span class='ocrx_word' id='word_1_174' title='bbox 1323 1100 1397 1140; x_wconf 91' lang='lat' dir='ltr'>illis</span> <span class='ocrx_word' id='word_1_175' title='bbox 1428 1100 1631 1142; x_wconf 84' lang='lat' dir='ltr'>mensibus</span> <span class='ocrx_word' id='word_1_176' title='bbox 1660 1100 1747 1155; x_wconf 92' lang='lat' dir='ltr'>qui-</span> 
     </span>
     <span class='ocr_line' id='line_1_20' title="bbox 200 1157 1747 1211; baseline -0.005 -7"><span class='ocrx_word' id='word_1_177' title='bbox 200 1163 275 1204; x_wconf 90' lang='lat' dir='ltr'>bus</span> <span class='ocrx_word' id='word_1_178' title='bbox 300 1162 416 1203; x_wconf 88' lang='lat' dir='ltr'>binos</span> <span class='ocrx_word' id='word_1_179' title='bbox 450 1160 595 1202; x_wconf 86' lang='lat' dir='ltr'>adiecit</span> <span class='ocrx_word' id='word_1_180' title='bbox 624 1160 707 1201; x_wconf 89' lang='lat' dir='ltr'>dics</span> <span class='ocrx_word' id='word_1_181' title='bbox 736 1159 917 1200; x_wconf 90' lang='lat' dir='ltr'>ordinem</span> <span class='ocrx_word' id='word_1_182' title='bbox 949 1158 1075 1200; x_wconf 83' lang='lat' dir='ltr'>voluit</span> <span class='ocrx_word' id='word_1_183' title='bbox 1103 1162 1258 1198; x_wconf 88' lang='lat' dir='ltr'>mutare</span> <span class='ocrx_word' id='word_1_184' title='bbox 1283 1158 1504 1205; x_wconf 90' lang='lat' dir='ltr'>Nonarum,</span> <span class='ocrx_word' id='word_1_185' title='bbox 1536 1157 1629 1211; x_wconf 87' lang='lat' dir='ltr'>quia</span> <span class='ocrx_word' id='word_1_186' title='bbox 1660 1170 1747 1211; x_wconf 91' lang='lat' dir='ltr'>per-</span> 
     </span>
     <span class='ocr_line' id='line_1_21' title="bbox 199 1213 1747 1260; baseline -0.004 0"><span class='ocrx_word' id='word_1_187' title='bbox 199 1219 297 1260; x_wconf 83' lang='lat' dir='ltr'>actis</span> <span class='ocrx_word' id='word_1_188' title='bbox 335 1218 460 1260; x_wconf 88' lang='lat' dir='ltr'>totius</span> <span class='ocrx_word' id='word_1_189' title='bbox 504 1216 651 1258; x_wconf 88' lang='lat' dir='ltr'>mensis</span> <span class='ocrx_word' id='word_1_190' title='bbox 692 1216 797 1257; x_wconf 82' lang='lat' dir='ltr'>feriis</span> <span class='ocrx_word' id='word_1_191' title='bbox 838 1215 921 1257; x_wconf 89' lang='lat' dir='ltr'>dies</span> <span class='ocrx_word' id='word_1_192' title='bbox 963 1228 1058 1256; x_wconf 89' lang='lat' dir='ltr'>suos</span> <span class='ocrx_word' id='word_1_193' title='bbox 1100 1214 1156 1255; x_wconf 89' lang='lat' dir='ltr'>rei</span> <span class='ocrx_word' id='word_1_194' title='bbox 1195 1213 1351 1255; x_wconf 88' lang='lat' dir='ltr'>divinae</span> <span class='ocrx_word' id='word_1_195' title='bbox 1389 1218 1531 1254; x_wconf 86' lang='lat' dir='ltr'>cautus</span> <span class='ocrx_word' id='word_1_196' title='bbox 1569 1213 1747 1255; x_wconf 88' lang='lat' dir='ltr'>inseruit.</span> 
     </span>
    </p>

    <p class='ocr_par' dir='ltr' id='par_1_6' title="bbox 160 1269 1746 1330">
     <span class='ocr_line' id='line_1_22' title="bbox 160 1269 1746 1330; baseline -0.003 -14"><span class='ocrx_word' id='word_1_197' title='bbox 160 1276 186 1317; x_wconf 81' lang='grc'><strong>9</strong></span> <span class='ocrx_word' id='word_1_198' title='bbox 200 1275 347 1317; x_wconf 88' lang='lat' dir='ltr'>Priscis</span> <span class='ocrx_word' id='word_1_199' title='bbox 379 1288 473 1330; x_wconf 86' lang='lat' dir='ltr'>ergo</span> <span class='ocrx_word' id='word_1_200' title='bbox 505 1273 766 1330; x_wconf 87' lang='lat' dir='ltr'>temporibus,</span> <span class='ocrx_word' id='word_1_201' title='bbox 799 1277 1013 1328; x_wconf 85' lang='lat' dir='ltr'>antequam</span> <span class='ocrx_word' id='word_1_202' title='bbox 1046 1270 1135 1313; x_wconf 86' lang='lat' dir='ltr'>fasti</span> <span class='ocrx_word' id='word_1_203' title='bbox 1163 1284 1185 1313; x_wconf 90' lang='lat' dir='ltr'>a</span> <span class='ocrx_word' id='word_1_204' title='bbox 1217 1270 1290 1314; x_wconf 86' lang='lat' dir='ltr'>Cn.</span> <span class='ocrx_word' id='word_1_205' title='bbox 1321 1269 1457 1313; x_wconf 86' lang='lat' dir='ltr'>Flavio</span> <span class='ocrx_word' id='word_1_206' title='bbox 1486 1269 1614 1313; x_wconf 88' lang='lat' dir='ltr'>scriba</span> <span class='ocrx_word' id='word_1_207' title='bbox 1649 1269 1746 1313; x_wconf 88' lang='lat' dir='ltr'>invi-</span> 
     </span>
    </p>
   </div>
   <div class='ocr_carea' id='block_1_2' title="bbox 289 1403 585 1447">
    <p class='ocr_par' dir='ltr' id='par_1_7' title="bbox 289 1403 585 1447">
     <span class='ocr_line' id='line_1_23' title="bbox 289 1403 585 1447; baseline 0 -11"><span class='ocrx_word' id='word_1_208' title='bbox 289 1403 393 1447; x_wconf 77' lang='lat' dir='ltr'>[Mss.</span> <span class='ocrx_word' id='word_1_209' title='bbox 419 1403 585 1437; x_wconf 79' lang='lat' dir='ltr'>ABGPS.</span> 
     </span>
    </p>
   </div>
   <div class='ocr_carea' id='block_1_3' title="bbox 201 1454 1747 1505">
    <p class='ocr_par' dir='ltr' id='par_1_8' title="bbox 201 1454 1747 1505">
     <span class='ocr_line' id='line_1_24' title="bbox 201 1454 1747 1505; baseline -0.006 -12"><span class='ocrx_word' id='word_1_210' title='bbox 201 1479 239 1483; x_wconf 90' lang='lat'>—</span> <span class='ocrx_word' id='word_1_211' title='bbox 281 1461 498 1505; x_wconf 81' lang='lat' dir='ltr'>colligemus</span> <span class='ocrx_word' id='word_1_212' title='bbox 528 1459 656 1491; x_wconf 67' lang='lat' dir='ltr'>v3-bP.</span> <span class='ocrx_word' id='word_1_213' title='bbox 1462 1456 1493 1485; x_wconf 88' lang='lat'>6.</span> <span class='ocrx_word' id='word_1_214' title='bbox 1534 1454 1616 1496; x_wconf 85' lang='lat' dir='ltr'>quia</span> <span class='ocrx_word' id='word_1_215' title='bbox 1648 1464 1747 1485; x_wconf 85' lang='lat' dir='ltr'>vcro</span> 
     </span>
    </p>
   </div>
   <div class='ocr_carea' id='block_1_4' title="bbox 794 1454 1324 1490">
    <p class='ocr_par' dir='ltr' id='par_1_9' title="bbox 794 1454 1324 1490">
     <span class='ocr_line' id='line_1_25' title="bbox 794 1454 1324 1490; baseline -0.006 -1"><span class='ocrx_word' id='word_1_216' title='bbox 794 1460 824 1490; x_wconf 84' lang='lat'>5.</span> <span class='ocrx_word' id='word_1_217' title='bbox 873 1457 1039 1489; x_wconf 80' lang='lat' dir='ltr'>Romulus</span> <span class='ocrx_word' id='word_1_218' title='bbox 1078 1455 1184 1488; x_wconf 82' lang='lat' dir='ltr'>enim</span> <span class='ocrx_word' id='word_1_219' title='bbox 1222 1454 1324 1486; x_wconf 78' lang='lat' dir='ltr'>s-bP.</span> 
     </span>
    </p>
   </div>
   <div class='ocr_carea' id='block_1_5' title="bbox 198 1498 1747 1636">
    <p class='ocr_par' dir='ltr' id='par_1_10' title="bbox 198 1498 1747 1636">
     <span class='ocr_line' id='line_1_26' title="bbox 199 1498 1747 1547; baseline -0.005 -9"><span class='ocrx_word' id='word_1_220' title='bbox 199 1506 273 1538; x_wconf 89' lang='lat' dir='ltr'>c-b.</span> <span class='ocrx_word' id='word_1_221' title='bbox 302 1524 342 1529; x_wconf 90' lang='lat'>-—</span> <span class='ocrx_word' id='word_1_222' title='bbox 368 1506 430 1538; x_wconf 88' lang='lat' dir='ltr'>sic</span> <span class='ocrx_word' id='word_1_223' title='bbox 455 1505 639 1547; x_wconf 80' lang='lat' dir='ltr'>contingit</span> <span class='ocrx_word' id='word_1_224' title='bbox 665 1506 720 1535; x_wconf 85' lang='lat' dir='ltr'>vl.</span> <span class='ocrx_word' id='word_1_225' title='bbox 767 1503 828 1535; x_wconf 83' lang='lat' dir='ltr'>sic</span> <span class='ocrx_word' id='word_1_226' title='bbox 849 1502 996 1544; x_wconf 75' lang='lat' dir='ltr'>contigit</span> <span class='ocrx_word' id='word_1_227' title='bbox 1015 1503 1069 1532; x_wconf 78' lang='lat' dir='ltr'>v3.</span> <span class='ocrx_word' id='word_1_228' title='bbox 1096 1519 1134 1524; x_wconf 88' lang='lat'>—</span> <span class='ocrx_word' id='word_1_229' title='bbox 1169 1500 1332 1532; x_wconf 70' lang='lat' dir='ltr'>adduxit</span> <span class='ocrx_word' id='word_1_230' title='bbox 1353 1498 1377 1530; x_wconf 93' lang='lat' dir='ltr'>S</span> <span class='ocrx_word' id='word_1_231' title='bbox 1404 1509 1424 1531; x_wconf 83' lang='lat' dir='ltr'>a</span> <span class='ocrx_word' id='word_1_232' title='bbox 1448 1509 1521 1530; x_wconf 83' lang='lat' dir='ltr'>sec.</span> <span class='ocrx_word' id='word_1_233' title='bbox 1543 1509 1589 1529; x_wconf 86' lang='lat' dir='ltr'>m.</span> <span class='ocrx_word' id='word_1_234' title='bbox 1620 1517 1659 1521; x_wconf 97' lang='lat'><strong>—</strong></span> <span class='ocrx_word' id='word_1_235' title='bbox 1694 1500 1747 1530; x_wconf 83' lang='lat' dir='ltr'>At</span> 
     </span>
     <span class='ocr_line' id='line_1_27' title="bbox 198 1542 1746 1582; baseline -0.005 0"><span class='ocrx_word' id='word_1_236' title='bbox 198 1551 247 1582; x_wconf 88' lang='lat' dir='ltr'>sic</span> <span class='ocrx_word' id='word_1_237' title='bbox 272 1550 315 1582; x_wconf 88' lang='lat' dir='ltr'>G.</span> <span class='ocrx_word' id='word_1_238' title='bbox 454 1553 485 1581; x_wconf 77' lang='lat'>7.</span> <span class='ocrx_word' id='word_1_239' title='bbox 535 1549 699 1581; x_wconf 78' lang='lat' dir='ltr'>Omnibus</span> <span class='ocrx_word' id='word_1_240' title='bbox 729 1548 813 1580; x_wconf 82' lang='lat' dir='ltr'>sibi</span> <span class='ocrx_word' id='word_1_241' title='bbox 841 1558 881 1579; x_wconf 67' lang='lat' dir='ltr'>cs</span> <span class='ocrx_word' id='word_1_242' title='bbox 913 1548 969 1578; x_wconf 82' lang='lat' dir='ltr'>die</span> <span class='ocrx_word' id='word_1_243' title='bbox 999 1545 1040 1577; x_wconf 90' lang='lat' dir='ltr'>P.</span> <span class='ocrx_word' id='word_1_244' title='bbox 1083 1563 1116 1568; x_wconf 92' lang='grc'>--</span> <span class='ocrx_word' id='word_1_245' title='bbox 1158 1555 1326 1577; x_wconf 77' lang='lat' dir='ltr'>nonarum</span> <span class='ocrx_word' id='word_1_246' title='bbox 1358 1543 1394 1575; x_wconf 79' lang='lat' dir='ltr'>id</span> <span class='ocrx_word' id='word_1_247' title='bbox 1420 1548 1484 1576; x_wconf 81' lang='lat' dir='ltr'>cst</span> <span class='ocrx_word' id='word_1_248' title='bbox 1506 1554 1605 1575; x_wconf 81' lang='grc' dir='ltr'><strong><em>ηοιια</em></strong></span> <span class='ocrx_word' id='word_1_249' title='bbox 1638 1543 1664 1574; x_wconf 86' lang='grc' dir='ltr'>Α</span> <span class='ocrx_word' id='word_1_250' title='bbox 1699 1542 1746 1581; x_wconf 88' lang='grc' dir='ltr'>(Ρ</span> 
     </span>
     <span class='ocr_line' id='line_1_28' title="bbox 198 1587 1746 1636; baseline -0.006 -9"><span class='ocrx_word' id='word_1_251' title='bbox 198 1598 324 1633; x_wconf 78' lang='lat' dir='ltr'>nono).</span> <span class='ocrx_word' id='word_1_252' title='bbox 363 1612 401 1618; x_wconf 89' lang='lat'><em>-</em></span> <span class='ocrx_word' id='word_1_253' title='bbox 441 1595 497 1626; x_wconf 78' lang='lat' dir='ltr'>die</span> <span class='ocrx_word' id='word_1_254' title='bbox 521 1592 829 1636; x_wconf 80' lang='lat' dir='ltr'>‹Icrepraesentari</span> <span class='ocrx_word' id='word_1_255' title='bbox 851 1591 879 1623; x_wconf 90' lang='lat' dir='ltr'><strong>B</strong></span> <span class='ocrx_word' id='word_1_256' title='bbox 902 1592 965 1633; x_wconf 83' lang='lat' dir='ltr'>(G.</span> <span class='ocrx_word' id='word_1_257' title='bbox 993 1590 1065 1622; x_wconf 80' lang='lat' dir='ltr'>del.</span> <span class='ocrx_word' id='word_1_258' title='bbox 1091 1590 1163 1627; x_wconf 75' lang='lat' dir='ltr'>de).</span> <span class='ocrx_word' id='word_1_259' title='bbox 1204 1607 1237 1612; x_wconf 83' lang='lat'>-—</span> <span class='ocrx_word' id='word_1_260' title='bbox 1279 1594 1316 1621; x_wconf 84' lang='lat' dir='ltr'>et</span> <span class='ocrx_word' id='word_1_261' title='bbox 1340 1588 1407 1620; x_wconf 84' lang='lat' dir='ltr'>cal.</span> <span class='ocrx_word' id='word_1_262' title='bbox 1431 1593 1608 1630; x_wconf 82' lang='lat' dir='ltr'>sequentes</span> <span class='ocrx_word' id='word_1_263' title='bbox 1631 1587 1669 1619; x_wconf 88' lang='lat' dir='ltr'>S.</span> <span class='ocrx_word' id='word_1_264' title='bbox 1704 1606 1746 1611; x_wconf 87' lang='lat'>--</span> 
     </span>
    </p>
   </div>
   <div class='ocr_carea' id='block_1_6' title="bbox 197 1631 1747 1811">
    <p class='ocr_par' dir='ltr' id='par_1_11' title="bbox 197 1631 1747 1811">
     <span class='ocr_line' id='line_1_29' title="bbox 199 1631 1747 1677; baseline -0.006 -5"><span class='ocrx_word' id='word_1_265' title='bbox 199 1640 272 1672; x_wconf 79' lang='lat' dir='ltr'>dies</span> <span class='ocrx_word' id='word_1_266' title='bbox 296 1639 529 1671; x_wconf 79' lang='lat' dir='ltr'>numerandos</span> <span class='ocrx_word' id='word_1_267' title='bbox 554 1642 644 1677; x_wconf 85' lang='lat' dir='ltr'>(om.</span> <span class='ocrx_word' id='word_1_268' title='bbox 670 1641 759 1676; x_wconf 82' lang='lat' dir='ltr'>esse)</span> <span class='ocrx_word' id='word_1_269' title='bbox 785 1637 825 1668; x_wconf 88' lang='lat' dir='ltr'>P.</span> <span class='ocrx_word' id='word_1_270' title='bbox 961 1638 994 1667; x_wconf 82' lang='lat'>8.</span> <span class='ocrx_word' id='word_1_271' title='bbox 1029 1634 1150 1677; x_wconf 82' lang='lat' dir='ltr'>supra]</span> <span class='ocrx_word' id='word_1_272' title='bbox 1175 1645 1206 1665; x_wconf 82' lang='lat' dir='ltr'>c.</span> <span class='ocrx_word' id='word_1_273' title='bbox 1232 1635 1282 1665; x_wconf 86' lang='lat'>14.</span> <span class='ocrx_word' id='word_1_274' title='bbox 1303 1635 1323 1673; x_wconf 66' lang='grc' dir='ltr'><strong>ἓ</strong></span> <span class='ocrx_word' id='word_1_275' title='bbox 1343 1636 1375 1665; x_wconf 86' lang='lat' dir='ltr'>S.</span> <span class='ocrx_word' id='word_1_276' title='bbox 1401 1651 1441 1656; x_wconf 88' lang='lat'>—</span> <span class='ocrx_word' id='word_1_277' title='bbox 1467 1637 1622 1665; x_wconf 76' lang='lat' dir='ltr'>statuta</span> <span class='ocrx_word' id='word_1_278' title='bbox 1643 1631 1680 1664; x_wconf 93' lang='lat' dir='ltr'>S.</span> <span class='ocrx_word' id='word_1_279' title='bbox 1703 1650 1747 1655; x_wconf 97' lang='lat'><strong>—</strong></span> 
     </span>
     <span class='ocr_line' id='line_1_30' title="bbox 199 1676 1745 1720; baseline -0.005 -4"><span class='ocrx_word' id='word_1_280' title='bbox 199 1685 261 1716; x_wconf 76' lang='lat' dir='ltr'>die</span> <span class='ocrx_word' id='word_1_281' title='bbox 291 1696 357 1716; x_wconf 82' lang='lat' dir='ltr'>suo</span> <span class='ocrx_word' id='word_1_282' title='bbox 383 1684 432 1715; x_wconf 79' lang='lat' dir='ltr'>rei</span> <span class='ocrx_word' id='word_1_283' title='bbox 464 1684 605 1715; x_wconf 76' lang='lat' dir='ltr'>(livinae</span> <span class='ocrx_word' id='word_1_284' title='bbox 639 1688 762 1715; x_wconf 80' lang='lat' dir='ltr'>cautus</span> <span class='ocrx_word' id='word_1_285' title='bbox 797 1684 857 1720; x_wconf 83' lang='lat' dir='ltr'>(ut</span> <span class='ocrx_word' id='word_1_286' title='bbox 889 1685 1011 1713; x_wconf 81' lang='lat' dir='ltr'>cautus</span> <span class='ocrx_word' id='word_1_287' title='bbox 1041 1679 1244 1711; x_wconf 75' lang='lat' dir='ltr'>haberetur</span> <span class='ocrx_word' id='word_1_288' title='bbox 1278 1688 1342 1720; x_wconf 85' lang='lat' dir='ltr'>pro</span> <span class='ocrx_word' id='word_1_289' title='bbox 1379 1676 1611 1709; x_wconf 82' lang='lat' dir='ltr'>substantivo</span> <span class='ocrx_word' id='word_1_290' title='bbox 1651 1676 1745 1718; x_wconf 85' lang='lat' dir='ltr'>quod</span> 
     </span>
     <span class='ocr_line' id='line_1_31' title="bbox 197 1721 1746 1771; baseline -0.005 -10"><span class='ocrx_word' id='word_1_291' title='bbox 197 1728 449 1771; x_wconf 76' lang='lat' dir='ltr'>significaret:</span> <span class='ocrx_word' id='word_1_292' title='bbox 476 1727 677 1770; x_wconf 86' lang='lat' dir='ltr'>„quidquid</span> <span class='ocrx_word' id='word_1_293' title='bbox 704 1727 738 1759; x_wconf 90' lang='lat' dir='ltr'>in</span> <span class='ocrx_word' id='word_1_294' title='bbox 762 1726 879 1759; x_wconf 76' lang='lat' dir='ltr'>sacris</span> <span class='ocrx_word' id='word_1_295' title='bbox 897 1725 1099 1757; x_wconf 77' lang='lat' dir='ltr'>cavendum</span> <span class='ocrx_word' id='word_1_296' title='bbox 1124 1728 1160 1755; x_wconf 84' lang='lat' dir='ltr'>et</span> <span class='ocrx_word' id='word_1_297' title='bbox 1186 1722 1380 1765; x_wconf 79' lang='lat' dir='ltr'>religionis</span> <span class='ocrx_word' id='word_1_298' title='bbox 1406 1721 1528 1764; x_wconf 79' lang='lat' dir='ltr'>gratia</span> <span class='ocrx_word' id='word_1_299' title='bbox 1556 1721 1746 1754; x_wconf 79' lang='lat' dir='ltr'>vitandum</span> 
     </span>
     <span class='ocr_line' id='line_1_32' title="bbox 197 1766 1745 1811; baseline -0.005 -6"><span class='ocrx_word' id='word_1_300' title='bbox 197 1778 259 1806; x_wconf 79' lang='lat' dir='ltr'>aut</span> <span class='ocrx_word' id='word_1_301' title='bbox 285 1773 525 1805; x_wconf 84' lang='lat' dir='ltr'>oniittendum</span> <span class='ocrx_word' id='word_1_302' title='bbox 553 1775 688 1811; x_wconf 68' lang='lat' dir='ltr'>essev‘,</span> <span class='ocrx_word' id='word_1_303' title='bbox 714 1772 783 1803; x_wconf 75' lang='lat' dir='ltr'>vid.</span> <span class='ocrx_word' id='word_1_304' title='bbox 804 1773 912 1811; x_wconf 70' lang='lat'>§1⁸2.)</span> <span class='ocrx_word' id='word_1_305' title='bbox 939 1769 1096 1801; x_wconf 76' lang='lat' dir='ltr'>coniecit</span> <span class='ocrx_word' id='word_1_306' title='bbox 1121 1767 1270 1810; x_wconf 81' lang='lat' dir='ltr'>Lipsius</span> <span class='ocrx_word' id='word_1_307' title='bbox 1297 1768 1454 1799; x_wconf 78' lang='lat' dir='ltr'>Elector.</span> <span class='ocrx_word' id='word_1_308' title='bbox 1469 1767 1564 1805; x_wconf 80' lang='lat' dir='ltr'>l,2l.</span> <span class='ocrx_word' id='word_1_309' title='bbox 1591 1766 1625 1798; x_wconf 89' lang='lat' dir='ltr'>id</span> <span class='ocrx_word' id='word_1_310' title='bbox 1651 1767 1745 1808; x_wconf 88' lang='lat' dir='ltr'>quod</span> 
     </span>
    </p>
   </div>
   <div class='ocr_carea' id='block_1_7' title="bbox 199 1811 1746 1862">
    <p class='ocr_par' dir='ltr' id='par_1_12' title="bbox 199 1811 1746 1862">
     <span class='ocr_line' id='line_1_33' title="bbox 199 1811 1746 1862; baseline -0.003 -14"><span class='ocrx_word' id='word_1_311' title='bbox 199 1818 337 1862; x_wconf 79' lang='lat' dir='ltr'>placuit</span> <span class='ocrx_word' id='word_1_312' title='bbox 361 1819 538 1857; x_wconf 81' lang='lat' dir='ltr'>l&#39;ontano,</span> <span class='ocrx_word' id='word_1_313' title='bbox 562 1817 625 1849; x_wconf 84' lang='lat' dir='ltr'>scd</span> <span class='ocrx_word' id='word_1_314' title='bbox 652 1817 850 1850; x_wconf 79' lang='lat' dir='ltr'>refutatum</span> <span class='ocrx_word' id='word_1_315' title='bbox 875 1820 931 1848; x_wconf 83' lang='lat' dir='ltr'>est</span> <span class='ocrx_word' id='word_1_316' title='bbox 955 1826 974 1847; x_wconf 82' lang='lat' dir='ltr'>a</span> <span class='ocrx_word' id='word_1_317' title='bbox 993 1813 1190 1846; x_wconf 74' lang='lat' dir='ltr'>Gronmio.</span> <span class='ocrx_word' id='word_1_318' title='bbox 1327 1815 1360 1844; x_wconf 85' lang='lat'>9.</span> <span class='ocrx_word' id='word_1_319' title='bbox 1401 1812 1466 1844; x_wconf 79' lang='lat' dir='ltr'>Gn.</span> <span class='ocrx_word' id='word_1_320' title='bbox 1487 1815 1578 1851; x_wconf 84' lang='lat' dir='ltr'>(om.</span> <span class='ocrx_word' id='word_1_321' title='bbox 1603 1814 1644 1850; x_wconf 84' lang='lat' dir='ltr'>a)</span> <span class='ocrx_word' id='word_1_322' title='bbox 1671 1811 1746 1843; x_wconf 82' lang='lat' dir='ltr'>AG.</span> 
     </span>
    </p>
   </div>
   <div class='ocr_carea' id='block_1_8' title="bbox 1007 1925 1745 1969">
    <p class='ocr_par' dir='ltr' id='par_1_13' title="bbox 1007 1925 1745 1969">
     <span class='ocr_line' id='line_1_34' title="bbox 1007 1925 1745 1969; baseline -0.004 -8"><span class='ocrx_word' id='word_1_323' title='bbox 1007 1941 1111 1962; x_wconf 76' lang='lat' dir='ltr'>suum</span> <span class='ocrx_word' id='word_1_324' title='bbox 1137 1928 1234 1961; x_wconf 85' lang='lat' dir='ltr'>diem</span> <span class='ocrx_word' id='word_1_325' title='bbox 1261 1928 1307 1961; x_wconf 82' lang='lat' dir='ltr'>iis</span> <span class='ocrx_word' id='word_1_326' title='bbox 1332 1926 1520 1969; x_wconf 81' lang='lat' dir='ltr'>constitui,</span> <span class='ocrx_word' id='word_1_327' title='bbox 1545 1938 1614 1969; x_wconf 88' lang='lat' dir='ltr'>quo</span> <span class='ocrx_word' id='word_1_328' title='bbox 1640 1925 1745 1969; x_wconf 83' lang='lat' dir='ltr'>quasi</span> 
     </span>
    </p>
   </div>
   <div class='ocr_carea' id='block_1_9' title="bbox 1006 1975 1745 2059">
    <p class='ocr_par' dir='ltr' id='par_1_14' title="bbox 1006 1975 1745 2059">
     <span class='ocr_line' id='line_1_35' title="bbox 1006 1975 1190 2007; baseline 0 -1"><span class='ocrx_word' id='word_1_329' title='bbox 1006 1975 1190 2007; x_wconf 76' lang='lat' dir='ltr'>adessent.</span> 
     </span>
     <span class='ocr_line' id='line_1_36' title="bbox 1051 2017 1745 2059; baseline -0.006 -8"><span class='ocrx_word' id='word_1_330' title='bbox 1051 2019 1196 2051; x_wconf 80' lang='lat' dir='ltr'>sedecim</span> <span class='ocrx_word' id='word_1_331' title='bbox 1231 2017 1318 2059; x_wconf 79' lang='lat' dir='ltr'>dics]</span> <span class='ocrx_word' id='word_1_332' title='bbox 1361 2017 1418 2050; x_wconf 77' lang='lat' dir='ltr'>Cf.</span> <span class='ocrx_word' id='word_1_333' title='bbox 1453 2028 1483 2048; x_wconf 87' lang='lat' dir='ltr'>c.</span> <span class='ocrx_word' id='word_1_334' title='bbox 1521 2018 1573 2049; x_wconf 82' lang='lat'>13.</span> <span class='ocrx_word' id='word_1_335' title='bbox 1606 2017 1626 2057; x_wconf 85' lang='lat'><strong>§</strong></span> <span class='ocrx_word' id='word_1_336' title='bbox 1650 2018 1683 2048; x_wconf 88' lang='grc'>6.</span> <span class='ocrx_word' id='word_1_337' title='bbox 1709 2019 1745 2047; x_wconf 86' lang='lat' dir='ltr'>et</span> 
     </span>
    </p>
   </div>
   <div class='ocr_carea' id='block_1_10' title="bbox 197 1933 938 2056">
    <p class='ocr_par' dir='ltr' id='par_1_15' title="bbox 197 1933 938 2056">
     <span class='ocr_line' id='line_1_37' title="bbox 242 1933 938 1977; baseline -0.001 -12"><span class='ocrx_word' id='word_1_338' title='bbox 242 1936 273 1965; x_wconf 88' lang='grc'>4.</span> <span class='ocrx_word' id='word_1_339' title='bbox 309 1935 493 1977; x_wconf 79' lang='lat' dir='ltr'>scriptores</span> <span class='ocrx_word' id='word_1_340' title='bbox 509 1945 591 1966; x_wconf 85' lang='lat' dir='ltr'>cura</span> <span class='ocrx_word' id='word_1_341' title='bbox 613 1933 824 1977; x_wconf 78' lang='lat' dir='ltr'>quaestionis</span> <span class='ocrx_word' id='word_1_342' title='bbox 843 1943 938 1965; x_wconf 75' lang='lat' dir='ltr'>exer-</span> 
     </span>
     <span class='ocr_line' id='line_1_38' title="bbox 197 1976 938 2020; baseline -0.004 -9"><span class='ocrx_word' id='word_1_343' title='bbox 197 1978 282 2020; x_wconf 83' lang='lat' dir='ltr'>cuit]</span> <span class='ocrx_word' id='word_1_344' title='bbox 317 1977 340 2010; x_wconf 90' lang='lat' dir='ltr'>i.</span> <span class='ocrx_word' id='word_1_345' title='bbox 369 1990 398 2010; x_wconf 88' lang='lat' dir='ltr'>e.</span> <span class='ocrx_word' id='word_1_346' title='bbox 425 1983 596 2011; x_wconf 79' lang='lat' dir='ltr'>auctores</span> <span class='ocrx_word' id='word_1_347' title='bbox 621 1979 766 2011; x_wconf 80' lang='lat' dir='ltr'>curiose</span> <span class='ocrx_word' id='word_1_348' title='bbox 792 1976 938 2020; x_wconf 81' lang='lat' dir='ltr'>quaesi-</span> 
     </span>
     <span class='ocr_line' id='line_1_39' title="bbox 200 2028 342 2056; baseline -0.014 0"><span class='ocrx_word' id='word_1_349' title='bbox 200 2028 342 2056; x_wconf 81' lang='lat' dir='ltr'>verunt.</span> 
     </span>
    </p>
   </div>
   <div class='ocr_carea' id='block_1_11' title="bbox 196 2066 939 2958">
    <p class='ocr_par' dir='ltr' id='par_1_16' title="bbox 198 2066 939 2378">
     <span class='ocr_line' id='line_1_40' title="bbox 242 2066 938 2111; baseline -0.003 -12"><span class='ocrx_word' id='word_1_350' title='bbox 242 2066 454 2111; x_wconf 80' lang='lat' dir='ltr'>colligimus]</span> <span class='ocrx_word' id='word_1_351' title='bbox 495 2066 570 2099; x_wconf 82' lang='lat' dir='ltr'>Non</span> <span class='ocrx_word' id='word_1_352' title='bbox 606 2066 819 2108; x_wconf 73' lang='lat' dir='ltr'>negaverim</span> <span class='ocrx_word' id='word_1_353' title='bbox 860 2076 938 2097; x_wconf 78' lang='lat' dir='ltr'>inc-</span> 
     </span>
     <span class='ocr_line' id='line_1_41' title="bbox 201 2111 936 2152; baseline -0.003 -8"><span class='ocrx_word' id='word_1_354' title='bbox 201 2112 274 2144; x_wconf 80' lang='lat' dir='ltr'>lius</span> <span class='ocrx_word' id='word_1_355' title='bbox 315 2124 354 2144; x_wconf 84' lang='lat' dir='ltr'>se</span> <span class='ocrx_word' id='word_1_356' title='bbox 393 2111 532 2143; x_wconf 80' lang='lat' dir='ltr'>habere</span> <span class='ocrx_word' id='word_1_357' title='bbox 576 2112 738 2143; x_wconf 78' lang='lat' dir='ltr'>futurum</span> <span class='ocrx_word' id='word_1_358' title='bbox 781 2116 936 2152; x_wconf 82' lang='lat' dir='ltr'>tempus.</span> 
     </span>
     <span class='ocr_line' id='line_1_42' title="bbox 198 2155 937 2190; baseline -0.004 -1"><span class='ocrx_word' id='word_1_359' title='bbox 198 2157 270 2190; x_wconf 86' lang='lat' dir='ltr'>Sed</span> <span class='ocrx_word' id='word_1_360' title='bbox 297 2156 383 2189; x_wconf 85' lang='lat' dir='ltr'>libri</span> <span class='ocrx_word' id='word_1_361' title='bbox 413 2168 499 2188; x_wconf 86' lang='lat' dir='ltr'>mss.</span> <span class='ocrx_word' id='word_1_362' title='bbox 528 2157 783 2188; x_wconf 79' lang='lat' dir='ltr'>demonstrare</span> <span class='ocrx_word' id='word_1_363' title='bbox 810 2155 937 2187; x_wconf 84' lang='lat' dir='ltr'>viden-</span> 
     </span>
     <span class='ocr_line' id='line_1_43' title="bbox 199 2200 936 2241; baseline -0.004 -8"><span class='ocrx_word' id='word_1_364' title='bbox 199 2207 260 2234; x_wconf 86' lang='lat' dir='ltr'>tur</span> <span class='ocrx_word' id='word_1_365' title='bbox 291 2206 327 2234; x_wconf 81' lang='lat' dir='ltr'>et</span> <span class='ocrx_word' id='word_1_366' title='bbox 357 2201 427 2232; x_wconf 86' lang='lat' dir='ltr'>hoc</span> <span class='ocrx_word' id='word_1_367' title='bbox 465 2202 544 2232; x_wconf 84' lang='lat' dir='ltr'>loco</span> <span class='ocrx_word' id='word_1_368' title='bbox 581 2206 617 2233; x_wconf 85' lang='lat' dir='ltr'>et</span> <span class='ocrx_word' id='word_1_369' title='bbox 650 2201 765 2241; x_wconf 75' lang='lat' dir='ltr'>infra,</span> <span class='ocrx_word' id='word_1_370' title='bbox 807 2200 868 2231; x_wconf 89' lang='lat' dir='ltr'>ubi</span> <span class='ocrx_word' id='word_1_371' title='bbox 902 2200 936 2231; x_wconf 90' lang='lat' dir='ltr'>in</span> 
     </span>
     <span class='ocr_line' id='line_1_44' title="bbox 199 2245 939 2287; baseline -0.004 -8"><span class='ocrx_word' id='word_1_372' title='bbox 199 2246 279 2279; x_wconf 83' lang='lat' dir='ltr'>edd.</span> <span class='ocrx_word' id='word_1_373' title='bbox 311 2246 522 2278; x_wconf 83' lang='lat' dir='ltr'>inseruntur</span> <span class='ocrx_word' id='word_1_374' title='bbox 547 2245 754 2287; x_wconf 78' lang='lat' dir='ltr'>particulae</span> <span class='ocrx_word' id='word_1_375' title='bbox 784 2246 871 2277; x_wconf 84' lang='lat' dir='ltr'>enim</span> <span class='ocrx_word' id='word_1_376' title='bbox 904 2249 939 2276; x_wconf 81' lang='lat' dir='ltr'>et</span> 
     </span>
     <span class='ocr_line' id='line_1_45' title="bbox 198 2288 938 2333; baseline -0.003 -9"><span class='ocrx_word' id='word_1_377' title='bbox 198 2302 290 2331; x_wconf 80' lang='lat' dir='ltr'>vero,</span> <span class='ocrx_word' id='word_1_378' title='bbox 307 2290 470 2323; x_wconf 80' lang='lat' dir='ltr'>auctoris</span> <span class='ocrx_word' id='word_1_379' title='bbox 493 2290 767 2333; x_wconf 69' lang='lat' dir='ltr'>indiligentiam</span> <span class='ocrx_word' id='word_1_380' title='bbox 790 2290 835 2322; x_wconf 88' lang='lat' dir='ltr'>ab</span> <span class='ocrx_word' id='word_1_381' title='bbox 853 2288 938 2322; x_wconf 82' lang='lat' dir='ltr'>aliis</span> 
     </span>
     <span class='ocr_line' id='line_1_46' title="bbox 200 2340 674 2378; baseline -0.002 -10"><span class='ocrx_word' id='word_1_382' title='bbox 200 2340 328 2378; x_wconf 80' lang='lat' dir='ltr'>postea</span> <span class='ocrx_word' id='word_1_383' title='bbox 352 2347 433 2368; x_wconf 83' lang='lat' dir='ltr'>esse</span> <span class='ocrx_word' id='word_1_384' title='bbox 457 2340 674 2367; x_wconf 83' lang='lat' dir='ltr'>correctam.</span> 
     </span>
    </p>

    <p class='ocr_par' dir='ltr' id='par_1_17' title="bbox 196 2379 939 2812">
     <span class='ocr_line' id='line_1_47' title="bbox 243 2379 938 2424; baseline -0.004 -12"><span class='ocrx_word' id='word_1_385' title='bbox 243 2383 276 2412; x_wconf 85' lang='lat'>6.</span> <span class='ocrx_word' id='word_1_386' title='bbox 324 2392 363 2413; x_wconf 71' lang='lat' dir='ltr'>ex</span> <span class='ocrx_word' id='word_1_387' title='bbox 389 2381 490 2413; x_wconf 77' lang='lat' dir='ltr'>certis</span> <span class='ocrx_word' id='word_1_388' title='bbox 516 2380 645 2424; x_wconf 83' lang='lat' dir='ltr'>causis]</span> <span class='ocrx_word' id='word_1_389' title='bbox 673 2380 754 2411; x_wconf 85' lang='lat' dir='ltr'>Huc</span> <span class='ocrx_word' id='word_1_390' title='bbox 777 2379 938 2410; x_wconf 77' lang='lat' dir='ltr'>sortasse</span> 
     </span>
     <span class='ocr_line' id='line_1_48' title="bbox 200 2422 937 2467; baseline -0.005 -10"><span class='ocrx_word' id='word_1_391' title='bbox 200 2424 360 2467; x_wconf 82' lang='lat' dir='ltr'>pertinet</span> <span class='ocrx_word' id='word_1_392' title='bbox 396 2425 488 2467; x_wconf 89' lang='lat' dir='ltr'>quod</span> <span class='ocrx_word' id='word_1_393' title='bbox 525 2425 568 2457; x_wconf 85' lang='lat' dir='ltr'>de</span> <span class='ocrx_word' id='word_1_394' title='bbox 594 2426 681 2457; x_wconf 81' lang='lat' dir='ltr'>luna</span> <span class='ocrx_word' id='word_1_395' title='bbox 713 2423 805 2456; x_wconf 85' lang='lat' dir='ltr'>dicit</span> <span class='ocrx_word' id='word_1_396' title='bbox 842 2422 937 2454; x_wconf 85' lang='lat' dir='ltr'>Lau-</span> 
     </span>
     <span class='ocr_line' id='line_1_49' title="bbox 198 2465 937 2512; baseline -0.003 -11"><span class='ocrx_word' id='word_1_397' title='bbox 198 2473 291 2502; x_wconf 85' lang='lat' dir='ltr'>rent.</span> <span class='ocrx_word' id='word_1_398' title='bbox 319 2469 406 2512; x_wconf 81' lang='lat' dir='ltr'>Lyd.</span> <span class='ocrx_word' id='word_1_399' title='bbox 439 2470 512 2509; x_wconf 85' lang='grc' dir='ltr'>ΙΙΙ,</span> <span class='ocrx_word' id='word_1_400' title='bbox 543 2473 593 2502; x_wconf 77' lang='grc'>7.;</span> <span class='ocrx_word' id='word_1_401' title='bbox 628 2466 819 2511; x_wconf 76' lang='grc' dir='ltr'><strong><em>Ὀξυτέραν</em></strong></span> <span class='ocrx_word' id='word_1_402' title='bbox 857 2465 937 2510; x_wconf 81' lang='grc' dir='ltr'>γὰρ,</span> 
     </span>
     <span class='ocr_line' id='line_1_50' title="bbox 198 2508 938 2566; baseline -0.004 -19"><span class='ocrx_word' id='word_1_403' title='bbox 198 2508 247 2552; x_wconf 71' lang='grc' dir='ltr'>ὥς</span> <span class='ocrx_word' id='word_1_404' title='bbox 270 2510 508 2566; x_wconf 49' lang='grc' dir='ltr'><strong><em>Ἀριστορέλης</em></strong></span> <span class='ocrx_word' id='word_1_405' title='bbox 542 2513 648 2557; x_wconf 83' lang='grc' dir='ltr'><em>φησὶ,</em></span> <span class='ocrx_word' id='word_1_406' title='bbox 685 2515 841 2546; x_wconf 77' lang='grc' dir='ltr'><strong><em>ποιεῖται</em></strong></span> <span class='ocrx_word' id='word_1_407' title='bbox 872 2509 938 2554; x_wconf 84' lang='grc' dir='ltr'>τὴν</span> 
     </span>
     <span class='ocr_line' id='line_1_51' title="bbox 199 2556 937 2605; baseline -0.001 -16"><span class='ocrx_word' id='word_1_408' title='bbox 199 2558 350 2600; x_wconf 78' lang='grc' dir='ltr'><strong><em>πορείαν</em></strong></span> <span class='ocrx_word' id='word_1_409' title='bbox 374 2570 440 2601; x_wconf 83' lang='grc' dir='ltr'>την</span> <span class='ocrx_word' id='word_1_410' title='bbox 462 2556 556 2600; x_wconf 79' lang='grc' dir='ltr'><strong><em>πρὸς</em></strong></span> <span class='ocrx_word' id='word_1_411' title='bbox 577 2559 626 2605; x_wconf 80' lang='grc' dir='ltr'>τῷ</span> <span class='ocrx_word' id='word_1_412' title='bbox 647 2558 829 2603; x_wconf 71' lang='grc' dir='ltr'><strong><em>χειμερινῷ</em></strong></span> <span class='ocrx_word' id='word_1_413' title='bbox 854 2567 937 2599; x_wconf 82' lang='grc' dir='ltr'><strong><em>τρο-</em></strong></span> 
     </span>
     <span class='ocr_line' id='line_1_52' title="bbox 197 2599 937 2647; baseline 0 -14"><span class='ocrx_word' id='word_1_414' title='bbox 197 2602 307 2647; x_wconf 80' lang='grc' dir='ltr'><strong><em>πικῷ,</em></strong></span> <span class='ocrx_word' id='word_1_415' title='bbox 346 2601 578 2647; x_wconf 76' lang='grc' dir='ltr'><strong><em>βραδυτέραν</em></strong></span> <span class='ocrx_word' id='word_1_416' title='bbox 612 2601 651 2636; x_wconf 75' lang='grc' dir='ltr'>δὲ</span> <span class='ocrx_word' id='word_1_417' title='bbox 676 2600 744 2645; x_wconf 83' lang='grc' dir='ltr'>τὴν</span> <span class='ocrx_word' id='word_1_418' title='bbox 768 2599 859 2644; x_wconf 82' lang='grc' dir='ltr'><strong><em>πρὸς</em></strong></span> <span class='ocrx_word' id='word_1_419' title='bbox 887 2601 937 2647; x_wconf 86' lang='grc' dir='ltr'>τῷ</span> 
     </span>
     <span class='ocr_line' id='line_1_53' title="bbox 196 2643 939 2693; baseline -0.004 -13"><span class='ocrx_word' id='word_1_420' title='bbox 196 2646 346 2692; x_wconf 77' lang='grc' dir='ltr'><strong><em>θερινῷ,</em></strong></span> <span class='ocrx_word' id='word_1_421' title='bbox 368 2645 505 2690; x_wconf 80' lang='grc' dir='ltr'><strong><em>ὁμαλὴν</em></strong></span> <span class='ocrx_word' id='word_1_422' title='bbox 530 2646 568 2681; x_wconf 72' lang='grc' dir='ltr'>δὲ</span> <span class='ocrx_word' id='word_1_423' title='bbox 589 2645 655 2691; x_wconf 83' lang='grc' dir='ltr'>τὴν</span> <span class='ocrx_word' id='word_1_424' title='bbox 676 2643 767 2690; x_wconf 83' lang='grc' dir='ltr'><strong><em>πρὸς</em></strong></span> <span class='ocrx_word' id='word_1_425' title='bbox 788 2646 838 2693; x_wconf 83' lang='grc' dir='ltr'>τῷ</span> <span class='ocrx_word' id='word_1_426' title='bbox 859 2644 939 2688; x_wconf 83' lang='grc' dir='ltr'>ἰση-</span> 
     </span>
     <span class='ocr_line' id='line_1_54' title="bbox 197 2691 937 2736; baseline 0 -14"><span class='ocrx_word' id='word_1_427' title='bbox 197 2693 341 2736; x_wconf 73' lang='grc' dir='ltr'>μερινῷ.</span> <span class='ocrx_word' id='word_1_428' title='bbox 388 2693 459 2725; x_wconf 86' lang='lat' dir='ltr'>Sed</span> <span class='ocrx_word' id='word_1_429' title='bbox 491 2693 575 2726; x_wconf 87' lang='lat' dir='ltr'>vide</span> <span class='ocrx_word' id='word_1_430' title='bbox 612 2704 655 2725; x_wconf 87' lang='lat' dir='ltr'>ne</span> <span class='ocrx_word' id='word_1_431' title='bbox 687 2692 798 2725; x_wconf 83' lang='lat' dir='ltr'>etiam</span> <span class='ocrx_word' id='word_1_432' title='bbox 836 2691 937 2734; x_wconf 81' lang='lat' dir='ltr'>cogi-</span> 
     </span>
     <span class='ocr_line' id='line_1_55' title="bbox 198 2736 938 2771; baseline 0.003 -5"><span class='ocrx_word' id='word_1_433' title='bbox 198 2736 347 2769; x_wconf 83' lang='lat' dir='ltr'>tandum</span> <span class='ocrx_word' id='word_1_434' title='bbox 385 2737 435 2770; x_wconf 81' lang='lat' dir='ltr'>sit</span> <span class='ocrx_word' id='word_1_435' title='bbox 471 2738 514 2770; x_wconf 90' lang='lat' dir='ltr'>de</span> <span class='ocrx_word' id='word_1_436' title='bbox 548 2739 651 2771; x_wconf 88' lang='lat' dir='ltr'>caelo</span> <span class='ocrx_word' id='word_1_437' title='bbox 685 2737 843 2770; x_wconf 87' lang='lat' dir='ltr'>nubibus</span> <span class='ocrx_word' id='word_1_438' title='bbox 874 2736 938 2768; x_wconf 88' lang='lat' dir='ltr'>ob-</span> 
     </span>
     <span class='ocr_line' id='line_1_56' title="bbox 201 2782 309 2812; baseline 0.009 -1"><span class='ocrx_word' id='word_1_439' title='bbox 201 2782 309 2812; x_wconf 79' lang='lat' dir='ltr'>tecto.</span> 
     </span>
    </p>

    <p class='ocr_par' dir='ltr' id='par_1_18' title="bbox 196 2826 938 2910">
     <span class='ocr_line' id='line_1_57' title="bbox 240 2826 938 2875; baseline 0 -19"><span class='ocrx_word' id='word_1_440' title='bbox 240 2826 385 2875; x_wconf 64' lang='lat' dir='ltr'>primus]</span> <span class='ocrx_word' id='word_1_441' title='bbox 414 2826 572 2869; x_wconf 83' lang='lat' dir='ltr'>positum</span> <span class='ocrx_word' id='word_1_442' title='bbox 598 2838 679 2859; x_wconf 85' lang='lat' dir='ltr'>esse</span> <span class='ocrx_word' id='word_1_443' title='bbox 701 2826 847 2858; x_wconf 81' lang='lat' dir='ltr'>videtur</span> <span class='ocrx_word' id='word_1_444' title='bbox 873 2835 938 2867; x_wconf 82' lang='lat' dir='ltr'>pro</span> 
     </span>
     <span class='ocr_line' id='line_1_58' title="bbox 196 2878 324 2910; baseline 0.008 -11"><span class='ocrx_word' id='word_1_445' title='bbox 196 2878 324 2910; x_wconf 75' lang='lat' dir='ltr'>primo.</span> 
     </span>
    </p>

    <p class='ocr_par' dir='ltr' id='par_1_19' title="bbox 242 2911 936 2958">
     <span class='ocr_line' id='line_1_59' title="bbox 242 2911 936 2958; baseline 0.001 -14"><span class='ocrx_word' id='word_1_446' title='bbox 242 2915 274 2945; x_wconf 77' lang='lat'>7.</span> <span class='ocrx_word' id='word_1_447' title='bbox 321 2915 587 2958; x_wconf 75' lang='lat' dir='ltr'>repraesentari]</span> <span class='ocrx_word' id='word_1_448' title='bbox 613 2915 636 2949; x_wconf 88' lang='lat' dir='ltr'>i.</span> <span class='ocrx_word' id='word_1_449' title='bbox 660 2926 693 2948; x_wconf 87' lang='lat' dir='ltr'>c.</span> <span class='ocrx_word' id='word_1_450' title='bbox 720 2911 936 2957; x_wconf 74' lang='lat' dir='ltr'>computari,</span> 
     </span>
    </p>
   </div>
   <div class='ocr_carea' id='block_1_12' title="bbox 1005 2062 1744 2944">
    <p class='ocr_par' dir='ltr' id='par_1_20' title="bbox 1007 2062 1516 2104">
     <span class='ocr_line' id='line_1_60' title="bbox 1007 2062 1516 2104; baseline -0.004 -9"><span class='ocrx_word' id='word_1_451' title='bbox 1007 2063 1178 2095; x_wconf 83' lang='lat' dir='ltr'>Mueller.</span> <span class='ocrx_word' id='word_1_452' title='bbox 1206 2063 1282 2094; x_wconf 76' lang='lat' dir='ltr'>Etr.</span> <span class='ocrx_word' id='word_1_453' title='bbox 1307 2062 1353 2093; x_wconf 88' lang='lat'>11.</span> <span class='ocrx_word' id='word_1_454' title='bbox 1381 2074 1412 2104; x_wconf 88' lang='lat' dir='ltr'>p.</span> <span class='ocrx_word' id='word_1_455' title='bbox 1439 2065 1516 2094; x_wconf 76' lang='lat'>327.</span> 
     </span>
    </p>

    <p class='ocr_par' dir='ltr' id='par_1_21' title="bbox 1006 2103 1744 2228">
     <span class='ocr_line' id='line_1_61' title="bbox 1049 2103 1744 2149; baseline -0.006 -9"><span class='ocrx_word' id='word_1_456' title='bbox 1049 2108 1174 2140; x_wconf 79' lang='lat' dir='ltr'>mensis</span> <span class='ocrx_word' id='word_1_457' title='bbox 1198 2106 1345 2149; x_wconf 84' lang='lat' dir='ltr'>uberior]</span> <span class='ocrx_word' id='word_1_458' title='bbox 1374 2107 1395 2139; x_wconf 90' lang='lat' dir='ltr'>i.</span> <span class='ocrx_word' id='word_1_459' title='bbox 1412 2118 1442 2138; x_wconf 84' lang='lat' dir='ltr'>e.</span> <span class='ocrx_word' id='word_1_460' title='bbox 1467 2104 1604 2138; x_wconf 78' lang='lat' dir='ltr'>niensis</span> <span class='ocrx_word' id='word_1_461' title='bbox 1624 2103 1744 2147; x_wconf 84' lang='lat' dir='ltr'>quivis</span> 
     </span>
     <span class='ocr_line' id='line_1_62' title="bbox 1006 2149 1744 2185; baseline -0.004 -1"><span class='ocrx_word' id='word_1_462' title='bbox 1006 2152 1155 2185; x_wconf 85' lang='lat' dir='ltr'>uberior</span> <span class='ocrx_word' id='word_1_463' title='bbox 1190 2152 1247 2184; x_wconf 84' lang='lat' dir='ltr'>vel</span> <span class='ocrx_word' id='word_1_464' title='bbox 1278 2162 1404 2183; x_wconf 82' lang='lat' dir='ltr'>omnes</span> <span class='ocrx_word' id='word_1_465' title='bbox 1429 2162 1572 2183; x_wconf 81' lang='lat' dir='ltr'>menses</span> <span class='ocrx_word' id='word_1_466' title='bbox 1598 2149 1744 2182; x_wconf 80' lang='lat' dir='ltr'>uberio-</span> 
     </span>
     <span class='ocr_line' id='line_1_63' title="bbox 1009 2208 1079 2228; baseline 0 0"><span class='ocrx_word' id='word_1_467' title='bbox 1009 2208 1079 2228; x_wconf 72' lang='lat' dir='ltr'><strong>res.</strong></span> 
     </span>
    </p>

    <p class='ocr_par' dir='ltr' id='par_1_22' title="bbox 1005 2237 1743 2452">
     <span class='ocr_line' id='line_1_64' title="bbox 1050 2237 1743 2281; baseline -0.004 -9"><span class='ocrx_word' id='word_1_468' title='bbox 1050 2245 1084 2272; x_wconf 77' lang='lat'>8.</span> <span class='ocrx_word' id='word_1_469' title='bbox 1135 2240 1208 2273; x_wconf 75' lang='lat' dir='ltr'>dies</span> <span class='ocrx_word' id='word_1_470' title='bbox 1231 2239 1326 2281; x_wconf 82' lang='lat' dir='ltr'>suos]</span> <span class='ocrx_word' id='word_1_471' title='bbox 1353 2238 1523 2280; x_wconf 81' lang='lat' dir='ltr'>„Quibus</span> <span class='ocrx_word' id='word_1_472' title='bbox 1548 2237 1650 2270; x_wconf 82' lang='lat' dir='ltr'>auxit</span> <span class='ocrx_word' id='word_1_473' title='bbox 1676 2248 1743 2270; x_wconf 81' lang='lat' dir='ltr'>an-</span> 
     </span>
     <span class='ocr_line' id='line_1_65' title="bbox 1005 2282 1741 2325; baseline -0.005 -7"><span class='ocrx_word' id='word_1_474' title='bbox 1005 2297 1111 2325; x_wconf 82' lang='lat' dir='ltr'>num,</span> <span class='ocrx_word' id='word_1_475' title='bbox 1151 2296 1231 2316; x_wconf 86' lang='lat' dir='ltr'>cum</span> <span class='ocrx_word' id='word_1_476' title='bbox 1257 2295 1339 2316; x_wconf 85' lang='lat' dir='ltr'>eum</span> <span class='ocrx_word' id='word_1_477' title='bbox 1367 2295 1409 2316; x_wconf 86' lang='lat' dir='ltr'>ex</span> <span class='ocrx_word' id='word_1_478' title='bbox 1438 2282 1557 2315; x_wconf 83' lang='lat' dir='ltr'>lunari</span> <span class='ocrx_word' id='word_1_479' title='bbox 1582 2283 1741 2315; x_wconf 83' lang='lat' dir='ltr'>solarem</span> 
     </span>
     <span class='ocr_line' id='line_1_66' title="bbox 1006 2328 1743 2369; baseline -0.004 -6"><span class='ocrx_word' id='word_1_480' title='bbox 1006 2331 1185 2363; x_wconf 75' lang='lat' dir='ltr'>faceret.⁶‘</span> <span class='ocrx_word' id='word_1_481' title='bbox 1203 2329 1322 2361; x_wconf 71' lang='lat' dir='ltr'>Gmm.</span> <span class='ocrx_word' id='word_1_482' title='bbox 1340 2347 1383 2352; x_wconf 93' lang='lat'><strong>—</strong></span> <span class='ocrx_word' id='word_1_483' title='bbox 1400 2329 1456 2361; x_wconf 85' lang='lat' dir='ltr'>Cf.</span> <span class='ocrx_word' id='word_1_484' title='bbox 1482 2339 1513 2359; x_wconf 88' lang='lat' dir='ltr'>c.</span> <span class='ocrx_word' id='word_1_485' title='bbox 1534 2329 1582 2359; x_wconf 79' lang='lat'>14.</span> <span class='ocrx_word' id='word_1_486' title='bbox 1602 2328 1617 2369; x_wconf 74' lang='grc' dir='ltr'>ξ]</span> <span class='ocrx_word' id='word_1_487' title='bbox 1634 2331 1663 2359; x_wconf 90' lang='grc'>9.</span> <span class='ocrx_word' id='word_1_488' title='bbox 1690 2328 1743 2360; x_wconf 87' lang='lat' dir='ltr'>lo-</span> 
     </span>
     <span class='ocr_line' id='line_1_67' title="bbox 1007 2373 1743 2415; baseline -0.005 -7"><span class='ocrx_word' id='word_1_489' title='bbox 1007 2388 1081 2408; x_wconf 88' lang='lat' dir='ltr'>cum</span> <span class='ocrx_word' id='word_1_490' title='bbox 1118 2375 1273 2407; x_wconf 81' lang='lat' dir='ltr'>diebus</span> <span class='ocrx_word' id='word_1_491' title='bbox 1306 2373 1488 2406; x_wconf 79' lang='lat' dir='ltr'>advenis</span> <span class='ocrx_word' id='word_1_492' title='bbox 1515 2373 1623 2415; x_wconf 80' lang='lat' dir='ltr'>fecit,</span> <span class='ocrx_word' id='word_1_493' title='bbox 1661 2376 1698 2404; x_wconf 77' lang='lat' dir='ltr'>et</span> <span class='ocrx_word' id='word_1_494' title='bbox 1722 2373 1743 2413; x_wconf 85' lang='lat'><strong>§</strong></span> 
     </span>
     <span class='ocr_line' id='line_1_68' title="bbox 1008 2419 1341 2452; baseline -0.006 0"><span class='ocrx_word' id='word_1_495' title='bbox 1008 2423 1060 2452; x_wconf 84' lang='lat'>12.</span> <span class='ocrx_word' id='word_1_496' title='bbox 1081 2430 1211 2452; x_wconf 84' lang='lat' dir='ltr'>novos</span> <span class='ocrx_word' id='word_1_497' title='bbox 1236 2419 1341 2451; x_wconf 77' lang='lat' dir='ltr'>dies.</span> 
     </span>
    </p>

    <p class='ocr_par' dir='ltr' id='par_1_23' title="bbox 1005 2459 1742 2944">
     <span class='ocr_line' id='line_1_69' title="bbox 1049 2459 1742 2504; baseline -0.009 -7"><span class='ocrx_word' id='word_1_498' title='bbox 1049 2466 1100 2497; x_wconf 84' lang='lat' dir='ltr'>rei</span> <span class='ocrx_word' id='word_1_499' title='bbox 1137 2464 1280 2496; x_wconf 83' lang='lat' dir='ltr'>divinae</span> <span class='ocrx_word' id='word_1_500' title='bbox 1317 2460 1454 2504; x_wconf 76' lang='lat' dir='ltr'>cautus]</span> <span class='ocrx_word' id='word_1_501' title='bbox 1492 2460 1599 2502; x_wconf 82' lang='lat' dir='ltr'>„Hoc</span> <span class='ocrx_word' id='word_1_502' title='bbox 1636 2459 1742 2492; x_wconf 86' lang='lat' dir='ltr'>modo</span> 
     </span>
     <span class='ocr_line' id='line_1_70' title="bbox 1006 2503 1742 2552; baseline -0.007 -12"><span class='ocrx_word' id='word_1_503' title='bbox 1006 2508 1256 2552; x_wconf 71' lang='lat' dir='ltr'>prospiciens,</span> <span class='ocrx_word' id='word_1_504' title='bbox 1296 2518 1340 2539; x_wconf 90' lang='lat' dir='ltr'>ne</span> <span class='ocrx_word' id='word_1_505' title='bbox 1370 2517 1440 2548; x_wconf 88' lang='lat' dir='ltr'>qua</span> <span class='ocrx_word' id='word_1_506' title='bbox 1470 2504 1505 2537; x_wconf 88' lang='lat' dir='ltr'>in</span> <span class='ocrx_word' id='word_1_507' title='bbox 1544 2516 1582 2536; x_wconf 82' lang='lat' dir='ltr'>re</span> <span class='ocrx_word' id='word_1_508' title='bbox 1617 2503 1742 2536; x_wconf 77' lang='lat' dir='ltr'>divina</span> 
     </span>
     <span class='ocr_line' id='line_1_71' title="bbox 1005 2549 1741 2588; baseline -0.011 -1"><span class='ocrx_word' id='word_1_509' title='bbox 1005 2554 1161 2587; x_wconf 80' lang='lat' dir='ltr'>offensio</span> <span class='ocrx_word' id='word_1_510' title='bbox 1186 2552 1302 2584; x_wconf 83' lang='lat' dir='ltr'>fieret.</span> <span class='ocrx_word' id='word_1_511' title='bbox 1355 2552 1487 2583; x_wconf 81' lang='lat' dir='ltr'>Cautus</span> <span class='ocrx_word' id='word_1_512' title='bbox 1511 2550 1562 2581; x_wconf 82' lang='lat' dir='ltr'>rei</span> <span class='ocrx_word' id='word_1_513' title='bbox 1588 2549 1741 2588; x_wconf 78' lang='lat' dir='ltr'>divinae,</span> 
     </span>
     <span class='ocr_line' id='line_1_72' title="bbox 1006 2593 1742 2641; baseline -0.011 -9"><span class='ocrx_word' id='word_1_514' title='bbox 1006 2604 1045 2632; x_wconf 89' lang='lat' dir='ltr'>ut</span> <span class='ocrx_word' id='word_1_515' title='bbox 1066 2599 1192 2641; x_wconf 80' lang='lat' dir='ltr'>felices</span> <span class='ocrx_word' id='word_1_516' title='bbox 1217 2596 1391 2637; x_wconf 84' lang='lat' dir='ltr'>studiique</span> <span class='ocrx_word' id='word_1_517' title='bbox 1419 2595 1552 2637; x_wconf 79' lang='lat' dir='ltr'>locique</span> <span class='ocrx_word' id='word_1_518' title='bbox 1577 2598 1612 2625; x_wconf 79' lang='lat' dir='ltr'>et</span> <span class='ocrx_word' id='word_1_519' title='bbox 1637 2593 1742 2625; x_wconf 81' lang='lat' dir='ltr'>simi—</span> 
     </span>
     <span class='ocr_line' id='line_1_73' title="bbox 1006 2637 1741 2680; baseline -0.012 -3"><span class='ocrx_word' id='word_1_520' title='bbox 1006 2644 1069 2676; x_wconf 83' lang='lat' dir='ltr'>lia.</span> <span class='ocrx_word' id='word_1_521' title='bbox 1118 2642 1197 2675; x_wconf 85' lang='lat' dir='ltr'>Vid.</span> <span class='ocrx_word' id='word_1_522' title='bbox 1234 2641 1359 2672; x_wconf 84' lang='lat' dir='ltr'>eadem</span> <span class='ocrx_word' id='word_1_523' title='bbox 1397 2649 1476 2680; x_wconf 82' lang='lat' dir='ltr'>cap.</span> <span class='ocrx_word' id='word_1_524' title='bbox 1515 2640 1563 2670; x_wconf 81' lang='lat'>14.</span> <span class='ocrx_word' id='word_1_525' title='bbox 1600 2637 1634 2679; x_wconf 83' lang='lat'>[§</span> <span class='ocrx_word' id='word_1_526' title='bbox 1664 2637 1741 2680; x_wconf 78' lang='lat' dir='ltr'>S.]“</span> 
     </span>
     <span class='ocr_line' id='line_1_74' title="bbox 1008 2681 1740 2727; baseline -0.008 -6"><span class='ocrx_word' id='word_1_527' title='bbox 1008 2689 1125 2721; x_wconf 68' lang='lat' dir='ltr'>Gnmv.</span> <span class='ocrx_word' id='word_1_528' title='bbox 1137 2704 1175 2711; x_wconf 88' lang='lat'>-</span> <span class='ocrx_word' id='word_1_529' title='bbox 1189 2684 1490 2727; x_wconf 81' lang='lat' dir='ltr'>Comparaverim</span> <span class='ocrx_word' id='word_1_530' title='bbox 1506 2681 1646 2725; x_wconf 84' lang='lat' dir='ltr'>potius:</span> <span class='ocrx_word' id='word_1_531' title='bbox 1663 2681 1740 2715; x_wconf 85' lang='lat' dir='ltr'>Cic.</span> 
     </span>
     <span class='ocr_line' id='line_1_75' title="bbox 1005 2729 1740 2770; baseline -0.01 -5"><span class='ocrx_word' id='word_1_532' title='bbox 1005 2732 1048 2766; x_wconf 90' lang='lat' dir='ltr'>N.</span> <span class='ocrx_word' id='word_1_533' title='bbox 1076 2733 1115 2764; x_wconf 88' lang='lat' dir='ltr'>D.</span> <span class='ocrx_word' id='word_1_534' title='bbox 1141 2731 1194 2770; x_wconf 82' lang='lat' dir='ltr'>ll,</span> <span class='ocrx_word' id='word_1_535' title='bbox 1217 2732 1280 2770; x_wconf 78' lang='lat'>22,</span> <span class='ocrx_word' id='word_1_536' title='bbox 1303 2731 1381 2761; x_wconf 68' lang='lat'>58:</span> <span class='ocrx_word' id='word_1_537' title='bbox 1426 2729 1566 2760; x_wconf 75' lang='lat' dir='ltr'>Natura</span> <span class='ocrx_word' id='word_1_538' title='bbox 1592 2751 1599 2759; x_wconf 91' lang='lat'>.</span> <span class='ocrx_word' id='word_1_539' title='bbox 1615 2751 1622 2759; x_wconf 91' lang='lat'>.</span> <span class='ocrx_word' id='word_1_540' title='bbox 1644 2738 1740 2769; x_wconf 83' lang='lat' dir='ltr'>pro-</span> 
     </span>
     <span class='ocr_line' id='line_1_76' title="bbox 1005 2772 1738 2815; baseline -0.01 -5"><span class='ocrx_word' id='word_1_541' title='bbox 1005 2778 1110 2810; x_wconf 78' lang='lat' dir='ltr'>vida</span> <span class='ocrx_word' id='word_1_542' title='bbox 1146 2775 1392 2808; x_wconf 77' lang='lat' dir='ltr'>utilitatum</span> <span class='ocrx_word' id='word_1_543' title='bbox 1427 2772 1738 2815; x_wconf 81' lang='lat' dir='ltr'>opportunita-</span> 
     </span>
     <span class='ocr_line' id='line_1_77' title="bbox 1006 2815 1737 2863; baseline -0.011 -9"><span class='ocrx_word' id='word_1_544' title='bbox 1006 2827 1164 2863; x_wconf 82' lang='lat' dir='ltr'>tumquc</span> <span class='ocrx_word' id='word_1_545' title='bbox 1204 2819 1409 2857; x_wconf 82' lang='lat' dir='ltr'>omnium,</span> <span class='ocrx_word' id='word_1_546' title='bbox 1454 2822 1490 2848; x_wconf 82' lang='lat' dir='ltr'>ct</span> <span class='ocrx_word' id='word_1_547' title='bbox 1527 2815 1617 2848; x_wconf 66' lang='grc' dir='ltr'>Τειιτ.</span> <span class='ocrx_word' id='word_1_548' title='bbox 1647 2817 1737 2848; x_wconf 83' lang='grc' dir='ltr'><strong>Λιιη.</strong></span> 
     </span>
     <span class='ocr_line' id='line_1_78' title="bbox 1005 2864 1740 2905; baseline -0.005 -7"><span class='ocrx_word' id='word_1_549' title='bbox 1005 2865 1070 2905; x_wconf 88' lang='lat' dir='ltr'>lV,</span> <span class='ocrx_word' id='word_1_550' title='bbox 1094 2868 1150 2897; x_wconf 78' lang='lat'>38.</span> <span class='ocrx_word' id='word_1_551' title='bbox 1188 2864 1340 2897; x_wconf 83' lang='lat' dir='ltr'>Rerum</span> <span class='ocrx_word' id='word_1_552' title='bbox 1373 2866 1614 2895; x_wconf 79' lang='lat' dir='ltr'>vostrarum</span> <span class='ocrx_word' id='word_1_553' title='bbox 1648 2872 1740 2904; x_wconf 81' lang='lat' dir='ltr'>pro·</span> 
     </span>
     <span class='ocr_line' id='line_1_79' title="bbox 1005 2910 1160 2944; baseline -0.019 0"><span class='ocrx_word' id='word_1_554' title='bbox 1005 2910 1160 2944; x_wconf 79' lang='lat' dir='ltr'>vidum.</span> 
     </span>
    </p>
   </div>
  </div>
 </body>
</html>
