1845 3131
215 50 298 92 640
831 44 1107 86 MACROBII

218 158 480 214 inperfectum
507 154 636 195 adhuc
662 159 701 194 et
726 153 894 194 informe
925 159 984 194 est
1011 159 1050 194 et
1076 154 1124 194 ad
1157 154 1437 208 perfectionem
1468 156 1528 197 sui
1564 169 1633 210 per
1660 167 1751 209 pro-

218 215 393 257 cedentis
422 212 517 252 artis
543 215 582 251 et
614 210 803 263 temporis
831 209 1101 250 additamenta
1132 209 1347 251 formatur:
1396 226 1489 265 ergo
1524 218 1666 252 natura
1698 211 1752 251 sa-

218 272 375 312 bricans
405 281 513 307 avem
543 267 591 306 ab
621 266 778 306 informi
810 265 1037 305 rudimento
1067 266 1220 318 coepit,
1247 271 1287 305 et
1316 280 1454 315 ovum,
1480 268 1518 307 in
1551 281 1632 320 quo
1661 280 1751 306 nec-

219 328 311 367 dum
342 329 401 365 est
429 322 579 376 species
605 321 796 369 animalis,
823 321 972 361 effecit:
998 335 1044 360 ex
1074 321 1149 361 hoc
1178 320 1372 374 perfectae
1401 323 1482 362 avis
1509 323 1658 376 specics
1687 335 1752 361 ex-

179 382 295 423 4titit
327 379 564 434 procedente
595 378 783 431 paulatim
817 376 1055 416 maturitatis
1095 378 1250 416 effectu.
1311 376 1464 417 Deinde
1501 377 1691 431 quicquid
1731 391 1752 416 a

219 443 360 477 natura
388 434 504 475 variis
535 433 739 473 ornatibus
771 438 973 486 comptum
1007 438 1067 472 est
1105 432 1188 472 sine
1219 432 1340 472 dubio
1368 432 1497 486 coepit
1526 446 1547 472 a
1574 432 1754 486 simplici,

221 499 260 533 et
289 493 340 532 ita
365 489 629 531 contextionis
655 489 880 529 accessione
909 488 1100 528 variatum
1132 493 1209 527 est:
1259 501 1353 541 ergo
1390 502 1507 528 ovum
1542 488 1626 528 visu
1659 487 1753 527 sim-

153 549 335 608 [275]plex
364 552 403 587 et
431 545 608 598 undique
640 558 796 585 versum
834 544 918 597 pari
952 544 1083 597 specie
1113 549 1288 583 creatum
1321 548 1400 591 est,
1443 549 1481 583 et
1513 556 1559 582 ex
1595 543 1661 582 illo
1689 556 1754 582 va-

180 605 337 649 5rietas
375 606 588 642 ornatuum
621 601 767 653 quibus
804 605 959 639 constat
997 599 1076 638 avis
1118 598 1268 652 species
1299 599 1480 639 absoluta
1511 603 1581 639 est.
1655 599 1753 638 Nam

220 661 323 700 sicut
350 658 544 698 elementa
576 656 683 709 prius
716 655 933 694 extiterunt
962 660 1000 694 et
1030 654 1081 694 ita
1111 654 1262 707 reliqua
1290 668 1458 707 corpora
1488 654 1536 693 de
1564 653 1754 694 commix-

220 716 329 756 tione
362 726 499 753 eorum
535 717 663 751 creata
695 716 809 750 sunt:
838 710 891 749 ita
915 710 1088 749 rationes
1113 710 1319 749 seminales
1349 724 1450 763 quac
1479 710 1517 749 in
1549 723 1623 750 ovo
1651 714 1755 757 sunt,

219 771 250 811 si
287 768 447 811 venialis
485 767 560 806 erit
603 767 675 805 ista
721 765 944 813 translatio,
996 765 1102 805 velut
1131 766 1324 818 quaedam
1361 765 1528 817 gallinae
1563 765 1755 805 elementa

180 824 415 870 ficredenda
443 827 546 862 sunt.
600 822 680 862 Nec
711 822 923 874 inportune
951 820 1175 867 elementis,
1226 820 1274 860 de
1310 821 1456 873 quibus
1487 825 1579 860 sunt
1609 819 1754 868 omnia,

219 896 337 923 ovum
376 877 690 932 conparaveriin:
736 877 774 916 in
815 876 922 916 omni
962 876 1065 916 enim
1105 888 1247 928 genere
1277 875 1535 915 animantium
1572 889 1674 929 quae
1709 888 1757 914 ex

220 938 392 978 coitione
429 939 646 974 nascuntur
683 932 857 972 invenies
895 945 1013 971 ovum
1052 931 1276 984 aliquorum
1314 944 1399 971 esse
1431 930 1665 984 principium
1698 930 1755 970 in-

220 999 300 1034 star
334 989 530 1031 clementi.
591 992 675 1029 Aut
711 988 815 1027 enim
855 987 1090 1040 gradiuntur
1126 986 1340 1026 animantia
1379 992 1447 1026 aut
1486 991 1651 1039 serpunt
1686 991 1756 1025 aut

183 1048 352 1091 Tnando
388 1045 606 1087 volandove
639 1043 786 1084 vivunt.
851 1044 893 1082 ln
930 1042 1201 1095 gradientibus
1245 1042 1413 1082 lacertae
1453 1047 1491 1081 et
1527 1041 1668 1081 similia
1709 1055 1756 1081 cx

221 1105 305 1145 ovis
337 1108 537 1143 creantur:
570 1114 673 1154 quae
702 1103 868 1152 serpunt
895 1098 978 1138 ovis
1006 1102 1223 1138 nascuntur
1251 1097 1431 1137 exordio:
1464 1097 1635 1137 volantia
1668 1096 1756 1136 uni-

221 1173 332 1201 versa
368 1157 416 1197 de
452 1156 535 1195 mis
571 1155 770 1209 prodeunt
807 1160 970 1207 excepto
1006 1167 1086 1193 uno
1126 1153 1232 1206 quod
1273 1153 1445 1192 incertae
1482 1158 1646 1192 naturae
1682 1157 1756 1197 est;

221 1230 310 1256 nam
341 1212 565 1266 wspertilio
595 1211 701 1251 x‘olat
732 1210 893 1263 quidem
923 1209 1066 1263 pellitis
1097 1209 1188 1256 alis,
1235 1209 1303 1247 sed
1346 1209 1448 1248 inter
1477 1208 1647 1248 volantia
1676 1221 1756 1247 non

220 1269 426 1312 habendus
468 1273 528 1308 est
567 1267 634 1321 qui
673 1271 864 1321 quattuor
905 1265 1073 1320 pedibus
1109 1263 1287 1317 graditur
1321 1263 1592 1317 formatosque
1629 1263 1756 1318 pullos

310 1398 412 1440 [Mas.
438 1395 574 1429 APSH.

220 1453 453 1486 extimabitur
481 1451 551 1481 vic.
599 1449 853 1481 extimabatur
878 1448 915 1479 h.
942 1466 974 1471 —
1005 1446 1169 1479 animalis
1193 1470 1247 1485 ,..
1273 1445 1348 1478 avis
1372 1446 1500 1488 specics
1527 1457 1596 1478 om.
1620 1445 1723 1478 Sv—a.

308 1500 338 1528 4.
378 1499 637 1536 comparatum
664 1504 743 1534 v-g.
792 1498 1009 1535 conceptum
1040 1492 1076 1523 S.
1114 1507 1156 1514 —
1191 1491 1416 1522 contexionis
1443 1490 1480 1521 h.
1523 1508 1566 1513 —-
1605 1495 1755 1522 creatum

220 1547 308 1580 (oin.
334 1542 400 1579 cst)
428 1540 471 1570 ΙΙ.
502 1557 540 1561 -—
567 1549 605 1569 em
626 1538 697 1568 illa
716 1537 857 1578 SHv-g.
994 1539 1026 1567 5.
1059 1540 1090 1567 et
1115 1535 1165 1566 ita
1185 1534 1341 1576 Sllv—ag
1382 1545 1405 1575 g
1432 1534 1466 1565 in
1491 1545 1583 1575 mg*
1610 1533 1757 1574 „Dictio

220 1588 269 1618 ita
295 1595 409 1626 neque
433 1583 476 1614 ad
505 1593 578 1613 reni
607 1581 800 1622 quicquam
832 1580 920 1612 fucit
952 1590 1068 1620 ncquc
1093 1579 1250 1610 habetur
1280 1577 1315 1608 in
1345 1578 1504 1618 antiquis
1537 1577 1758 1620 exemplari-

219 1631 358 1666 bus.“).
386 1646 423 1650 -
458 1627 704 1658 commistione
729 1625 764 1656 S.
791 1643 832 1647 —
863 1626 933 1655 sive
963 1624 1072 1655 matis
1107 1622 1144 1653 S.
1281 1624 1312 1652 6.
1350 1623 1441 1653 omni
1474 1625 1561 1660 (om.
1593 1623 1646 1659 in)
1678 1632 1757 1663 v—g.

219 1692 260 1698 —-
286 1674 517 1705 animantum
544 1670 580 1700 S.
696 1672 727 1699 7.
763 1670 834 1700 ovis
856 1673 1059 1699 nascuntur.
1084 1666 1238 1698 Exordio
1261 1666 1417 1697 volantia
1440 1665 1757 1698 APSHv3iaM123

220 1720 279 1759 (vl
310 1716 528 1751 volutatum,-
552 1714 572 1745 b
596 1714 790 1752 Exorata).
839 1713 900 1744 ovi
924 1716 1115 1743 nascuntur
1140 1710 1289 1741 exordio.
1328 1711 1491 1742 l‘olantia
1516 1710 1593 1740 h-z.
1635 1709 1758 1749 „Edit.

221 1766 291 1793 vet.
311 1760 403 1801 legit
429 1763 464 1790 et
491 1757 688 1798 distinguit
714 1757 866 1788 rectius:
901 1757 997 1796 Quae
1022 1759 1161 1796 serpunt
1187 1754 1260 1784 ovis
1285 1760 1485 1785 nascuntur.
1512 1755 1672 1786 Exordia
1695 1766 1756 1785 vo-

219 1807 369 1838 larutin.“
389 1804 500 1835 zeun.
526 1802 709 1839 (Exordia
734 1801 818 1831 hinc
845 1800 991 1831 transiit
1012 1799 1046 1830 in
1070 1799 1104 1837 b,
1129 1798 1190 1828 sed
1218 1809 1285 1828 non
1310 1798 1448 1837 legitur
1470 1797 1504 1828 in
1531 1799 1602 1838 (32).
1626 1816 1663 1821 —
1688 1798 1756 1829 ati-

215 1852 282 1893 sis
308 1850 346 1881 P.
369 1865 407 1871 --
438 1848 526 1890 quia
545 1845 647 1878 s-bl'.
671 1864 713 1869 —-
740 1845 937 1877 Natantia
967 1854 1042 1885 c-g.
1077 1860 1120 1865 —
1155 1842 1395 1874 cocodrillus
1419 1842 1447 1873 A
1473 1853 1491 1874 a
1518 1853 1552 1884 p.
1578 1853 1642 1882 in.;
1669 1853 1756 1874 cor-

1023 1969 1223 2007 sequuntur
1266 1965 1489 2004 adnectitur;
1538 1968 1574 1997 at
1617 1963 1651 1996 in
1690 1964 1757 1996 illo

1024 2010 1208 2042 enuntiato
1247 2020 1396 2040 necesse
1432 2015 1486 2040 est
1521 2008 1637 2049 primo
1679 2009 1758 2040 loco

1025 2059 1180 2095 ponatur
1206 2064 1272 2084 vox
1303 2054 1470 2084 volantia.
1518 2053 1759 2084 pleonasmus

1023 2103 1212 2129 nascuntur
1240 2097 1378 2128 exordio
1408 2097 1502 2137 apud
1533 2096 1757 2128 Maerobium

1024 2141 1167 2182 quidem
1194 2139 1399 2170 tolerabilis
1425 2144 1480 2170 est
1503 2139 1593 2179 (vid.
1616 2143 1688 2170 not.
1713 2139 1757 2170 ad

1024 2186 1052 2223 l,
1081 2187 1132 2223 11,
1155 2187 1248 2221 21.);
1277 2184 1338 2214 sed
1366 2194 1474 2223 quum
1500 2186 1675 2223 sequatur
1698 2194 1758 2214 vo-

266 1974 313 2005 ad
334 1972 576 2015 perfectionem
600 1971 666 2012 sui]
692 1969 768 2001 vid.
789 1969 958 2011 prole-gg.

221 2029 256 2059 p.
284 2028 404 2048 xxxix.

266 2059 419 2101 necdum]
456 2058 510 2090 Cf.
534 2060 554 2098 ἓ
580 2060 632 2089 13.
662 2061 698 2088 ct
728 2057 894 2098 prolegg.
921 2067 955 2097 p.

222 2116 295 2137 xm.
323 2104 416 2135 med.

267 2150 299 2179 4.
349 2147 498 2187 undique
524 2144 670 2185 versum]
706 2143 761 2174 Cf.
794 2144 836 2182 ἐξ
863 2145 896 2172 8.
922 2144 957 2173 et

222 2195 276 2223 32.
304 2195 340 2222 et
363 2202 390 2222 c.
422 2192 472 2227 14,
498 2189 514 2229 ξ
540 2192 572 2219 2.

266 2238 298 2265 5.
344 2233 509 2272 rationes]
545 2232 620 2262 fere
651 2230 747 2261 idem
770 2228 958 2270 significat

222 2278 315 2320 quod
341 2278 368 2315 1,
395 2280 446 2314 17,
470 2279 525 2306 53.
551 2274 754 2306 substantia.

267 2319 459 2360 seminales]
499 2322 534 2350 et
566 2318 661 2349 infra
690 2317 837 2347 venialis
865 2326 956 2347 nova

222 2369 306 2398 sunt
320 2364 514 2396 adicctiva.
530 2362 606 2393 Yid.
625 2361 791 2402 prolegg.
810 2370 956 2400 panim.

268 2413 299 2440 6.
358 2419 397 2440 ex
443 2406 598 2447 coitione]
647 2405 747 2436 Haec
786 2413 852 2434 vox
893 2413 957 2443 pro

223 2455 313 2485 coitu
350 2456 543 2492 usurpatur
573 2449 682 2480 etiam
718 2459 738 2479 a
771 2447 896 2479 Solino
928 2458 957 2478 c.

222 2499 265 2530 49
289 2500 377 2528 extr.
405 2500 440 2526 et
465 2505 484 2526 a
511 2491 699 2525 Lactantio
727 2491 755 2530 Ι,
778 2494 810 2529 8,
837 2494 868 2522 6.

269 2552 368 2572 ocum
405 2540 597 2580 aliquorum
632 2546 701 2567 esse
734 2534 955 2576 principium]

224 2585 278 2616 Cf.
318 2583 505 2615 Plutarch.
536 2593 567 2622 p.
597 2582 674 2611 636.
698 2579 738 2609 Ε.
779 2575 885 2609 Ζώων
922 2575 959 2609 δὲ

224 2625 357 2664 πολλὰς
378 2624 501 2666 φύσεις
527 2623 592 2655 τοῦ
619 2620 754 2663 κόσμου
780 2619 958 2662 περιέχον-

224 2683 285 2708 τος
319 2667 424 2702 οὐὸὲν
455 2665 501 2705 ὥς
533 2667 642 2699 εἰπεῖν
675 2663 773 2707 γένος
806 2662 958 2706 ἄμοιρόν

225 2712 296 2746 ἐστι
320 2714 383 2755 τῆς
406 2710 442 2752 ἐξ
466 2709 540 2743 ὤοῦ
572 2708 746 2752 γενέσεως.

268 2760 386 2789 nando
418 2755 646 2796 volandoquc]
682 2753 758 2783 Vid.
792 2752 959 2793 prolegg.

226 2813 259 2843 p.
281 2813 336 2832 xm.
353 2800 445 2832 med.
477 2800 577 2830 lnl'ra
597 2798 762 2829 inversus
785 2799 840 2827 est
861 2796 961 2826 ordo.

271 2848 302 2875 7.
357 2845 430 2876 ovis
468 2847 658 2874 nascuntur
697 2840 848 2880 exordio]
886 2840 960 2870 Vox

228 2888 366 2919 exordio
398 2887 433 2919 in
461 2886 649 2919 codicibus
674 2895 761 2917 mss.
794 2883 841 2916 iis
868 2893 961 2924 quae

1025 2229 1138 2260 lautia
1158 2228 1375 2267 universa,
1393 2226 1475 2257 vide
1499 2237 1542 2257 ne
1566 2226 1758 2267 scripserit

1024 2283 1092 2313 qne
1120 2271 1298 2302 redundat
1322 2271 1473 2309 exordio,
1499 2273 1537 2302 ut
1562 2270 1654 2301 mihi
1680 2269 1759 2310 qui-

1025 2317 1105 2347 dem
1133 2315 1299 2346 videatur
1326 2313 1532 2345 Macrobius
1563 2313 1759 2355 scripsisse

1025 2371 1064 2391 cm
1101 2360 1252 2397 ordine,
1290 2361 1329 2390 ut
1365 2357 1414 2389 sit
1448 2358 1543 2389 idem
1581 2357 1674 2399 quod
1712 2357 1759 2388 ad

1025 2414 1128 2434 unum
1169 2403 1301 2440 onmia,
1354 2412 1423 2442 quo
1460 2401 1605 2442 quidem
1650 2411 1759 2432 sensu

1026 2446 1229 2478 addendum
1257 2449 1336 2477 erat
1360 2446 1491 2486 omnia,
1524 2449 1563 2476 ut
1587 2444 1676 2476 dicit
1699 2443 1759 2475 Ci-

1027 2501 1109 2521 cero
1140 2491 1183 2521 de
1215 2490 1288 2531 leg.
1316 2500 1397 2530 agr.
1428 2489 1460 2527 Ι,
1493 2491 1530 2527 2,
1560 2490 1591 2519 4.
1634 2488 1758 2519 Vendit

1029 2535 1154 2566 Italiae
1210 2534 1439 2575 possessiones
1497 2543 1541 2563 ex
1607 2531 1758 2562 ordine

1027 2589 1174 2609 omncs.
1224 2580 1316 2608 Sane
1356 2581 1403 2607 est
1446 2576 1481 2606 in
1517 2586 1554 2606 eo
1593 2575 1757 2617 diligens.

1030 2622 1172 2653 Nullam
1194 2622 1279 2651 enim
1303 2619 1557 2660 praetermittit.

1071 2666 1129 2706 qui
1152 2688 1158 2696 .
1176 2688 1183 2696 .
1212 2663 1389 2705 graditur]
1425 2661 1582 2702 positum
1613 2663 1668 2691 est
1694 2671 1758 2702 pro

1027 2710 1109 2749 quia
1142 2730 1172 2739 ..
1209 2707 1390 2749 graditur,
1426 2705 1519 2745 quod
1554 2704 1692 2745 legitur
1722 2704 1758 2736 in

1029 2752 1108 2782 edd.
1134 2762 1224 2781 rccc.
1251 2753 1285 2780 ct
1310 2749 1466 2779 sortasse
1488 2748 1523 2779 in
1550 2748 1628 2778 cod.
1648 2748 1701 2785 P„
1719 2751 1759 2779 ut

1028 2794 1257 2826 scribendum
1290 2791 1401 2823 fuerit
1432 2792 1634 2833 gradiatur.
1686 2791 1758 2822 Sed

1028 2838 1124 2876 apud
1159 2836 1254 2866 hunc
1289 2835 1504 2876 scriptorem
1537 2834 1759 2868 indicativus

1028 2879 1208 2913 neminem
1231 2878 1404 2912 offendet.
