1845 3126
156 635 206 676 15
219 648 291 688 pro
328 635 458 676 bullae
492 635 636 675 decore
669 639 880 688 gestarent.

214 27 268 67 40
844 22 1120 65 MACROBII

214 136 289 177 lius
323 146 449 189 augur
484 132 624 180 refert,
673 132 742 185 qui
776 132 881 173 bello
913 133 1068 175 Punico
1103 134 1278 175 seeundo
1311 134 1543 176 duumviros
1577 135 1671 176 dieit
1702 149 1746 176 ex

215 195 374 233 senatus
401 188 583 229 consulto
611 191 773 241 propter
801 188 925 229 multa
954 189 1133 243 prodigia
1160 190 1282 231 libros
1313 190 1525 245 Sibyllinos
1555 191 1684 232 adisse
1711 197 1748 232 et

216 244 404 300 inspeetis
436 244 495 284 his
523 242 726 284 nuntiasse
755 242 797 283 in
827 243 1024 298 Capitolio
1054 246 1355 300 supplicandum
1385 247 1748 301 lectisterniumque

217 316 264 342 ex
298 300 454 340 conlata
485 299 585 354 stipe
616 298 854 348 faciendum,
891 299 944 339 ita
981 305 1027 340 ut
1058 301 1263 342 libertinae
1297 316 1459 356 quoque
1496 317 1599 357 quae
1632 303 1746 356 longa

156 360 203 398 14
218 361 323 398 veste
351 361 562 396 uterentur
587 355 627 395 in
657 369 742 395 eam
774 368 856 394 rem
888 356 1095 409 pecuniam
1128 358 1484 398 subministrarent.

1544 362 1645 399 Aeta
1676 359 1745 412 igi-

153 417 309 467 [222]tur
340 411 562 452 obsecratio
595 416 655 451 est
689 410 822 465 pueris
855 410 1037 465 ingenuis
1075 412 1251 466 itemque
1281 413 1472 453 libertinis
1508 414 1575 454 sed
1606 419 1645 454 et
1675 415 1747 455 vir-

217 467 374 521 ginibus
420 467 598 521 patrimis
637 466 913 520 matrimisque
957 468 1308 521 pronuntiantibus
1352 482 1527 509 carmen:
1578 483 1624 509 ex
1671 483 1748 523 quo

219 537 454 563 eoncessum
486 530 532 564 ut
566 522 841 563 libertinorum
878 537 1041 577 quoque
1080 524 1168 573 filii,
1218 525 1286 578 qui
1327 538 1373 565 ex
1413 524 1516 565 iusta
1547 525 1750 565 dumtaxat

219 578 512 620 matrefamilias
550 578 631 618 nati
668 577 851 626 fuissent,
894 584 1026 632 togam
1063 585 1306 633 praetextam
1341 585 1380 621 et
1410 580 1539 621 lorum
1575 581 1614 621 in
1649 581 1747 621 eollo

947 635 1110 676 Verrius
1142 636 1307 677 Flaccus
1341 636 1416 685 ait,
1457 651 1547 677 eum
1579 637 1748 691 populus

218 691 423 732 Romanus
460 689 682 745 pestilentia
720 690 935 737 laboraret,
980 697 1164 746 essetque
1202 706 1437 747 responsum
1476 693 1514 734 id
1559 693 1748 741 accidere,

306 828 408 870 [Mss.
436 828 601 862 ABGPS.

267 884 319 915 13.
359 883 499 916 Laelius
524 888 613 922 (om.
641 886 702 927 M)
726 885 768 917 G.
793 904 834 908 —
861 884 940 916 lecti
963 886 1251 928 sterquilinium
1278 885 1369 926 (del.
1393 886 1497 928 quili)
1523 885 1560 918 A.
1697 887 1748 917 14.

218 928 344 959 Aucta
370 927 497 969 Sichg.
530 946 573 952 —
605 931 792 963 obsecratio
815 933 905 967 (om.
937 932 1005 966 est)
1029 940 1108 971 v-g.

1164 931 1407 962 obsecratione
1432 931 1522 970 (om.
1553 933 1619 967 est)
1644 930 1675 961 S.
1707 947 1748 954 —

219 971 276 1002 scd
301 972 424 1004 etiam
452 973 489 1004 S.
516 992 559 996 —-
592 975 828 1016 matrimisque
848 984 917 1005 om.
943 973 1020 1005 BG.
1056 993 1099 997 -
1137 985 1329 1006 concessum
1355 979 1416 1006 est
1440 974 1476 1006 S.
1515 993 1557 997 —
1594 975 1666 1006 nati
1690 986 1748 1006 es-

219 1019 292 1046 sent
317 1015 354 1047 S.
383 1035 425 1039 —
450 1022 566 1049 totam
592 1018 621 1049 Β
649 1019 695 1058 (Λ
719 1029 740 1051 a
765 1030 797 1060 p.
826 1029 869 1049 m.
895 1035 938 1041 —
961 1029 1024 1060 pro
1055 1018 1155 1050 bulla
1179 1023 1358 1061 gestarent
1381 1019 1420 1049 A.

1561 1021 1611 1049 15.
1645 1020 1750 1059 pesti—

219 1059 327 1091 lentia
353 1061 559 1094 laborasset
583 1062 611 1095 P
636 1063 686 1101 (G
712 1073 732 1095 a
755 1074 790 1105 p.
814 1062 893 1103 m.).
939 1063 1217 1104 pestilentiaret
1243 1063 1342 1104 (sup.
1368 1062 1452 1094 add.
1481 1062 1617 1100 labora)
1642 1063 1681 1095 Β.
1706 1080 1749 1086 -

219 1183 335 1216 currit
364 1186 459 1227 apud
491 1186 703 1219 Ciceronem
737 1187 780 1219 de
807 1186 886 1219 Nat.
909 1187 951 1218 D.

219 1227 284 1266 ΠΙ,
310 1230 330 1258 2
352 1229 421 1272 [5.]‚
449 1234 484 1262 et
510 1231 596 1263 aliis
625 1232 660 1263 in
687 1232 815 1264 lo‹:is.“
841 1232 951 1263 ΖΕυΝ.

219 1271 273 1302 Cf.
307 1273 403 1304 Phil.
434 1274 487 1316 11,
522 1278 582 1312 33,
613 1279 666 1308 83.
717 1276 761 1308 At
799 1280 952 1316 utroque

221 1315 298 1346 loco
331 1318 467 1357 legitur
496 1321 530 1351 C.
562 1320 720 1361 Laelius,
752 1331 867 1361 neque
893 1331 950 1351 us-

218 1370 326 1400 quam
357 1362 406 1393 M.
438 1363 593 1395 Laelium
626 1365 768 1404 inveni,
806 1369 844 1395 ut
874 1364 952 1395 Ma-

218 1404 366 1436 crobius
400 1406 568 1439 videatur
601 1420 745 1440 errasse
780 1408 815 1440 in
847 1419 953 1450 prae-

220 1448 376 1487 nomine,
401 1450 473 1482 nisi
500 1452 591 1483 forte
612 1454 660 1485 M.
678 1457 801 1484 natum
829 1457 885 1484 est
910 1464 952 1483 ex

218 1494 456 1526 antecedente
498 1506 612 1536 quam.
679 1497 718 1528 In
765 1496 952 1528 codicibus

218 1535 362 1576 quidem
383 1538 409 1568 A
430 1542 465 1570 et
480 1539 507 1569 B
526 1540 604 1572 sine
625 1541 840 1583 compendio
861 1541 952 1572 scri-

221 1584 320 1620 ptum
347 1586 402 1613 est
424 1594 571 1615 marcus.

505 1638 566 1669 Sic
594 1651 718 1671 omues
751 1640 835 1672 libri
864 1652 952 1672 mss.

221 1682 257 1709 et
282 1679 362 1711 edd.
415 1681 486 1713 Sed
517 1682 749 1716 scribendum
783 1688 863 1716 erat
890 1686 951 1716 de-

220 1724 392 1755 cemviros.
451 1725 612 1767 Namque
654 1728 725 1759 iam
770 1739 802 1760 a.
844 1740 876 1760 u.
922 1739 951 1760 c.

218 1766 499 1800 cccnxxxvi.
523 1782 586 1811 pro
609 1771 813 1804 duumviris
835 1772 952 1804 sacris

216 1810 398 1843 faciundis
442 1813 639 1846 decemviri
685 1816 800 1848 creati
849 1821 951 1856 sunt3

220 1854 265 1884 cf.
294 1867 324 1885 c.
354 1858 402 1886 17.
429 1859 449 1896 ς
474 1861 528 1889 29.
560 1863 596 1890 et
626 1859 703 1891 [ἡν.
729 1861 785 1899 vl,
812 1864 867 1899 37,
897 1864 949 1892 12.

220 1903 255 1928 et
278 1901 333 1939 42,
353 1902 390 1937 23
417 1905 452 1932 et
477 1902 519 1932 ad
548 1902 638 1934 illud
664 1904 783 1945 ipsum
807 1911 951 1946 tempus

219 1942 378 1973 refertur
402 1943 437 1975 id
468 1947 559 1986 quod
586 1948 722 1989 legitur
744 1950 835 1991 apud
864 1961 951 1980 eun-

219 1986 300 2017 dem
322 1987 417 2025 XXI„
439 1991 494 2028 62,
519 1993 551 2021 6.
581 1991 628 2022 Ob
651 1997 764 2024 cetera
784 1995 952 2037 prodigia

218 2031 321 2061 libros
353 2032 451 2063 adire
486 2034 718 2067 decemviri
752 2038 852 2075 inssi,
889 2038 951 2069 nbi

220 2074 485 2107 lectisternium
523 2085 831 2112 commemoratur
864 2083 883 2121 ἓ
918 2086 950 2113 9.

220 2117 273 2168 Cf.
296 2118 381 2149 ibid.
408 2120 522 2160 XXII,
542 2125 590 2161 10,
609 2126 652 2163 9.,
679 2126 740 2156 sed
769 2126 952 2157 lectister-

219 2173 318 2193 nium
363 2163 458 2205 stipe
505 2167 639 2198 collata
687 2169 823 2201 factum
869 2181 950 2202 esse

219 2211 348 2237 neutro
377 2208 455 2239 Ioco
480 2209 626 2242 dicitur.

263 2272 351 2301 quae
373 2262 481 2305 longa
513 2269 604 2297 veste
634 2267 822 2308 uterentur]
860 2266 950 2298 For-

219 2308 316 2335 tasse
356 2305 424 2336 hoc
463 2307 557 2339 idem
596 2313 651 2341 est
687 2314 795 2351 atque
828 2323 949 2352 „quae

217 2348 336 2379 iustae
361 2355 483 2382 essent
508 2356 641 2385 matres
665 2354 870 2386 fnniiliae.“
893 2356 948 2388 Cf.

218 2395 239 2429 ᾗ
269 2395 318 2423 14.
351 2398 386 2424 et
418 2394 521 2427 Ovid.
556 2397 628 2429 Art.
661 2408 730 2429 am.
767 2399 802 2438 1,
826 2402 866 2430 31
896 2411 949 2441 sq.

224 2437 304 2468 Este
325 2439 464 2478 procul.
502 2441 610 2473 vittae
635 2447 770 2481 tenues,
811 2444 950 2487 insigne

216 2481 407 2522 pacloris7
436 2484 597 2526 Quaeque
622 2487 713 2528 tegis
737 2488 876 2526 medios,
896 2490 948 2520 in-

217 2525 299 2555 stita
325 2525 469 2568 longa,
492 2529 605 2569 pedes.
641 2535 676 2561 et
704 2530 789 2561 Hor.
816 2531 889 2563 Sat.
919 2532 946 2571 I⁷

216 2570 317 2607 2,29.
351 2571 502 2609 Quarum
525 2574 665 2605 subsuta
686 2575 800 2606 talos
826 2581 948 2619 tegat

218 2612 337 2644 instita
358 2620 493 2653 vestc,·
518 2618 560 2647 94
575 2628 626 2658 sq.
646 2619 829 2651 Matronae
844 2632 948 2662 prae-

218 2660 267 2685 ter
290 2658 414 2694 faciem
439 2660 489 2690 nil
511 2671 646 2693 cernere
662 2664 791 2704 possis,
815 2665 947 2703 Cetera,

218 2700 254 2729 ni
285 2702 386 2732 satia
417 2708 482 2742 cst,
529 2705 712 2738 demissa
742 2713 858 2740 veste
888 2714 947 2740 tc-

216 2749 385 2781 gcntes‚·
421 2750 707 2782 99..1!dtalos
733 2753 854 2783 stola
879 2753 947 2784 ‹le-

218 2788 348 2819 missa
373 2795 403 2820 et
428 2792 641 2825 circumdata
660 2795 774 2836 palla.
811 2797 950 2837 Quam-

216 2840 321 2868 quam
347 2833 474 2865 stolam
500 2836 685 2869 libertinis
707 2850 776 2870 non
801 2851 950 2871 conces-

216 2884 292 2904 sum
329 2875 441 2907 fuisse
480 2880 610 2914 docent
644 2882 846 2925 Boettiger.
884 2884 951 2916 Sa—

263 1635 474 1679 duumvir0·.·]

1019 1187 1092 1220 bin.
1125 1200 1156 1230 p.
1186 1190 1269 1228 361,
1301 1191 1378 1221 378.
1412 1188 1568 1220 Becker.
1595 1188 1690 1220 Gall.
1722 1188 1750 1220 I.

1020 1244 1053 1274 p.
1077 1235 1158 1265 323.

1066 1279 1117 1308 14.
1164 1277 1364 1318 obsecratio]
1407 1276 1432 1308 i.
1467 1288 1497 1308 e.
1529 1275 1750 1317 supplicatio

1020 1321 1168 1362 publica
1189 1332 1259 1362 qua
1286 1322 1321 1353 in
1348 1322 1456 1352 rebus
1481 1321 1642 1352 adversis
1666 1321 1752 1352 deo-

1019 1377 1097 1396 rum
1123 1366 1338 1408 imploretur
1359 1365 1549 1397 auxilium.
1579 1366 1653 1396 vid.
1673 1365 1751 1397 Liv.

1020 1409 1117 1449 XXI,
1140 1414 1173 1449 ὅ,
1199 1412 1240 1449 2;
1264 1414 1296 1450 9,
1320 1413 1350 1442 6.
1388 1415 1423 1441 et
1450 1410 1630 1452 Hartung.
1661 1410 1688 1441 l.
1717 1421 1749 1452 p.

1022 1456 1097 1485 177.

1064 1497 1243 1540 libertinis]
1268 1498 1450 1540 Hartung.
1476 1498 1499 1528 Ι.
1521 1509 1552 1529 c.
1577 1497 1669 1529 hanc
1689 1508 1751 1528 vo-

1020 1553 1097 1573 cem
1133 1542 1241 1574 etiam
1271 1542 1315 1574 ad
1345 1544 1500 1585 virgines
1531 1542 1675 1581 retulit„
1714 1542 1750 1573 id

1020 1586 1113 1627 quod
1138 1598 1204 1618 non
1231 1591 1330 1618 recte
1354 1598 1435 1618 eum
1458 1587 1592 1618 fecisse
1611 1597 1751 1619 censeo.

1062 1641 1222 1682 patrimis
1255 1640 1504 1683 matrimisque]
1543 1641 1625 1672 Huc
1662 1652 1751 1682 qua-

1020 1684 1127 1715 drare
1158 1685 1301 1716 videtur
1329 1685 1527 1726 explicatio
1557 1685 1674 1717 Servii
1706 1687 1749 1717 ad

1021 1728 1152 1770 Virgil.
1186 1729 1322 1772 Georg-
1357 1729 1389 1768 l,
1420 1732 1473 1760 31.
1512 1730 1752 1770 Cousarreatio

1020 1773 1284 1814 appellabatur,
1318 1784 1358 1805 ea:
1383 1775 1504 1815 quibus
1526 1776 1656 1816 nuptiis
1676 1786 1750 1816 pa—

1020 1817 1142 1849 trimi
1187 1822 1223 1849 et
1271 1819 1462 1849 matrimi
1510 1820 1749 1851 nascebantur.

1020 1860 1154 1893 Contra
1181 1861 1312 1893 Festus
1335 1872 1392 1903 ap.
1415 1861 1519 1893 Paul.
1547 1862 1610 1893 lib.
1632 1863 1691 1893 xl.
1718 1875 1749 1904 p.

1024 1908 1114 1936 126:
1142 1906 1368 1938 Matrimes
1392 1917 1439 1937 ac
1461 1907 1671 1948 patrimes
1693 1908 1751 1938 ‹ti-

1018 1955 1141 1981 cnntur
1166 1951 1287 1991 quibus
1317 1955 1444 1982 matres
1473 1955 1504 1982 et
1534 1956 1651 1993 patres
1682 1953 1749 1983 ad—

1018 1995 1083 2026 huc
1108 1994 1239 2026 vivunt.

1063 2049 1102 2069 ex
1130 2039 1224 2070 iusta
1254 2038 1436 2070 dumtaxat
1465 2038 1748 2079 matrefamilias]

1018 2081 1073 2113 Cf.
1094 2082 1191 2113 Geli.
1219 2082 1348 2121 xnu,
1371 2085 1403 2113 6.
1426 2085 1456 2114 9.
1481 2087 1659 2114 matrem
1678 2085 1750 2122 fa-

1018 2127 1167 2158 milias
1193 2126 1406 2168 appellatam
1432 2137 1502 2157 esse
1526 2137 1600 2157 eam
1626 2128 1749 2165 solam,

1019 2182 1107 2212 quae
1138 2171 1174 2202 in
1207 2171 1327 2202 mariti
1361 2181 1465 2201 manu
1496 2171 1750 2212 mancipioque,

1018 2219 1079 2246 aut
1103 2215 1138 2246 ἰη
1163 2216 1253 2252 eius,
1281 2215 1317 2245 in
1343 2215 1437 2246 cuius
1463 2215 1619 2253 maritus,
1644 2226 1750 2247 manu

1017 2260 1255 2301 mancipioque
1281 2264 1375 2290 esset.
1424 2259 1523 2290 Idem
1548 2259 1625 2289 fere
1656 2258 1752 2299 legi-

1018 2306 1076 2334 tur
1115 2304 1210 2344 opud
1242 2302 1409 2333 Servium
1444 2303 1487 2334 ad
1527 2303 1626 2344 Virg.
1664 2304 1750 2334 Aen.

1018 2346 1079 2385 xl,
1096 2350 1187 2388 476„
1202 2346 1263 2379 ubi
1286 2347 1450 2378 additur:
1481 2347 1553 2378 Alii
1573 2351 1752 2379 matronas

1015 2391 1170 2432 virgines
1195 2391 1325 2423 nobiles
1346 2391 1475 2431 dicunt,
1501 2396 1659 2423 matres
1680 2393 1751 2432 fa·

1015 2436 1160 2466 milias
1184 2447 1263 2467 vero
1292 2435 1374 2466 illas
1400 2446 1488 2476 quae
1512 2436 1547 2466 in
1572 2436 1750 2467 matrimo-

1015 2480 1109 2510 nium
1146 2491 1207 2521 per
1238 2480 1479 2520 coemptionem
1511 2484 1749 2511 convenerunt.

1017 2523 1092 2554 ΠΛ.
1119 2523 1274 2555 Becker.
1299 2523 1397 2554 Gan,
1420 2523 1447 2553 I.
1477 2533 1511 2563 p.
1532 2525 1574 2552 18
1599 2533 1652 2562 sq.

1060 2577 1181 2618 lorum]
1208 2576 1263 2607 Cf.
1290 2575 1401 2607 Plinii
1430 2576 1548 2607 Iocum
1573 2576 1617 2607 ad
1650 2577 1670 2615 ἓ
1698 2579 1749 2609 10.

1015 2620 1166 2651 citatum
1193 2624 1227 2651 et
1251 2620 1328 2650 Iuv.
1349 2619 1387 2657 V,
1406 2621 1469 2650 164
1487 2631 1538 2660 sq.
1565 2621 1748 2652 Etruscum

1012 2675 1119 2706 puero
1150 2664 1180 2695 si
1213 2664 1359 2706 contigit
1392 2674 1514 2694 aurum
1548 2664 1608 2695 I'el
1638 2666 1750 2696 nodus

1016 2713 1150 2739 tantum
1174 2712 1205 2739 ct
1229 2708 1367 2749 signum
1399 2709 1441 2738 de
1466 2718 1619 2748 paupere
1651 2709 1748 2748 loro,

1018 2751 1321 2782 Pseudo-Ascon.
1352 2750 1387 2782 in
1420 2750 1496 2782 Cic.
1525 2750 1604 2783 Act.
1632 2752 1679 2783 11.
1713 2753 1749 2784 in

1018 2795 1117 2826 Verr.
1149 2795 1175 2825 l.
1216 2797 1235 2834 ,ὃ
1273 2797 1345 2826 152.
1384 2795 1479 2826 bulla
1515 2797 1678 2837 suspendi
1714 2798 1750 2828 in

1017 2840 1103 2870 collo
1128 2840 1320 2878 infantibus
1345 2839 1507 2882 ingenuis
1524 2841 1607 2873 solet
1629 2851 1748 2877 aurea,

1019 2883 1187 2915 libertinis
1213 2888 1392 2916 scortea.
