1871 3126
194 46 275 88 126
837 44 1112 88 MACROBII

190 157 337 200 cetium
367 155 464 198 Salii
501 154 542 197 in
573 153 816 197 carminibus
851 161 1002 198 canunt
1034 161 1074 197 et
1103 156 1315 199 Cretenses
1344 158 1433 199 Δία
1465 156 1543 212 τὴν
1571 155 1735 213 ἡμέραν

190 218 351 261 vocant,
379 211 453 267 ipsi
479 224 642 266 quoque
669 211 840 253 Romani
865 212 1110 276 Diespitrem
1139 214 1358 268 appellant,
1385 220 1431 256 ut
1460 215 1536 256 diei
1569 221 1734 270 patrem.

129 272 284 315 l5Iure
312 268 377 310 hic
408 268 491 310 dies
522 268 628 310 Iovis
660 267 805 309 fiducia
833 273 1010 318 vocatur,
1032 269 1147 310 cuius
1173 270 1241 310 lux
1272 285 1352 311 non
1382 271 1519 313 finitur
1548 286 1637 313 cum
1671 286 1735 313 so—

189 327 236 368 lis
271 339 435 373 occasu,
480 324 548 366 sed
585 324 835 379 splendorem
874 324 951 366 diei
988 330 1027 365 et
1063 331 1219 366 noctem
1261 327 1470 368 continuat
1500 328 1735 368 inlustiante

189 384 300 423 luna:
329 381 439 436 quod
469 394 624 435 semper
653 381 693 421 in
723 381 962 435 plenilunio,
988 381 1026 422 id
1059 387 1119 423 est
1150 382 1281 424 medio
1314 397 1467 431 mense,
1499 383 1581 424 lieri
1613 385 1734 425 solet:

189 439 293 480 diem
327 438 459 492 igitur,
488 438 555 492 qui
588 437 646 479 vel
675 438 881 479 nocturnis
912 444 1020 479 caret
1050 439 1236 488 tenebris,
1262 440 1367 481 Iovis
1395 439 1577 480 fiduciam
1603 441 1735 481 Tusco

189 495 351 536 nomine
380 501 639 536 vocaverunt:
678 494 786 535 unde
818 500 857 536 et
887 509 1028 536 omnes
1060 495 1156 537 Idus
1188 496 1293 537 Iovis
1325 495 1440 539 ferias
1470 496 1736 537 observandas

127 552 320 598 losanxit
355 551 584 605 antiquitas.
648 551 727 592 Alii
764 556 906 606 putant
935 552 1053 601 Idus,
1092 552 1201 606 quod
1236 565 1281 594 ea
1319 552 1383 594 die
1414 553 1527 607 plena
1559 552 1652 594 luna
1679 553 1735 594 vi-

190 609 349 657 deatur,
397 621 419 648 a
459 607 628 648 videndo
674 608 789 649 vidus
831 608 1063 662 appellatas,
1112 622 1206 649 mox
1242 608 1412 649 litteram
1445 624 1468 650 v
1500 609 1735 650 detractam:

189 665 293 706 sicut
318 669 473 713 contra,
502 663 611 718 quod
644 662 783 704 Graeci
814 664 923 704 ἰδεῖν
949 664 1099 714 dicunt,
1130 679 1203 705 nos
1230 680 1252 706 v
1280 665 1409 706 littera
1443 665 1575 706 addita
1605 666 1737 707 υίάενε

189 721 371 762 dicimus.
427 719 636 762 Nonnullis
665 720 794 774 placet
824 720 920 761 Idus
952 721 1076 762 dictas
1100 722 1294 762 vocabulo
1325 721 1499 771 Graeco,
1525 717 1621 762 οἷον
1651 718 1735 762 ἀπὸ

188 779 265 819 τοῦ
292 777 455 827 εἴδους,
500 776 608 831 quod
639 789 686 817 eo
718 776 782 817 die
810 777 965 839 plenam
995 776 1166 831 speciem
1197 777 1291 818 luna
1320 754 1577 819 demonstret
1632 778 1736 820 Sunt

190 834 259 889 qui
291 833 503 874 aestimant
530 832 626 873 Idus
654 832 702 873 ab
732 846 805 874 ove
830 832 934 873 lduli
967 833 1107 882 dictas,
1150 847 1269 888 quam
1300 833 1375 875 hoc
1403 835 1564 875 nominc
1591 840 1735 875 vocant

126 892 175 932 17
190 890 330 940 Tusci,
372 895 412 931 et
447 889 634 930 omnibus
672 889 811 930 Idibus
842 889 926 932 Iovi
963 889 1195 931 immolatur
1225 904 1247 930 a
1279 890 1449 931 flamine.
1517 890 1642 933 Nobis
1671 890 1734 932 illa

279 1013 386 1057 [End.
412 1012 577 1046 ABGPS.

186 1066 265 1145 {3de
275 1065 336 1145 ἠριι).
357 1080 426 1101 om.
451 1070 489 1100 A.

187 1159 400 1200 splendorem
427 1158 496 1189 diei
517 1163 547 1190 et
570 1163 677 1190 noctu
703 1158 900 1195 continuat,

631 1071 681 1100 15.
719 1079 794 1100 cum
818 1069 900 1101 solis
922 1080 1042 1101 orcam
1065 1081 1132 1101 ποη
1146 1069 1276 1111 finitur
1302 1080 1378 1111 v-g.
1403 1087 1445 1092 —
1469 1069 1538 1101 diei
1561 1074 1592 1102 et
1615 1070 1735 1102 noctis

393 1111 586 1155 „Scriptus
614 1113 726 1146 habet
754 1119 896 1146 noctem.
944 1113 1063 1145 Elicio
1098 1125 1139 1145 ex
1178 1113 1349 1154 vestigiis
1380 1114 1514 1156 prioris
1552 1114 1735 1152 lectionis,

943 1160 999 1190 xe!
1028 1169 1070 1190 ex
1101 1158 1171 1189 hac

1202 1160 1389 1201 splendore
1415 1160 1484 1191 diei
1509 1164 1540 1191 et
1564 1163 1733 1192 noctemf‘

190 1203 294 1235 Pont.
320 1221 364 1226 —
389 1203 574 1235 contineat
603 1203 641 1234 1³.
673 1220 708 1225 —
739 1203 827 1234 diem
853 1214 951 1234 vcro
979 1215 1057 1244 v-fg
1086 1221 1123 1226 -—
1152 1205 1256 1246 quod
1283 1204 1336 1235 vel
1364 1203 1528 1235 13a··.—
1571 1205 1647 1236 Ιουί
1671 1206 1731 1244 fe-

188 1249 316 1280 riatas
341 1259 365 1288 g
390 1247 424 1279 iu
448 1250 795 1287 mg.16.co
822 1248 877 1279 die
903 1248 936 1279 S
987 1249 1043 1280 dic
1067 1248 1167 1285 (ιιΙιΙ,
1193 1252 1251 1286 eo)
1278 1248 1321 1279 G.
1350 1266 1385 1270 —-
1415 1249 1514 1280 vidus
1531 1250 1630 1291 (sup.
1650 1250 1731 1280 add.

189 1293 307 1335 quasi)
341 1292 383 1324 G.
431 1293 515 1324 idus
535 1291 573 1322 Ρ.
599 1309 639 1314 -
675 1293 761 1324 sicut
783 1293 881 1335 greci
905 1299 1023 1324 contra
1052 1293 1143 1347 quod
1166 1292 1208 1324 G.
1233 1311 1274 1315 —
1307 1293 1423 1325 dicunt
1449 1292 1500 1345 [δῖ
1489 1295 1538 1325 iv
1563 1293 1598 1325 S.
1647 1294 1731 1325 iden

189 1339 308 1370 dicunt
347 1337 385 1369 A.
450 1346 553 1368 mem
589 1336 721 1369 dicere
754 1337 797 1368 G.
830 1355 871 1361 -
912 1335 991 1370 οἷον
1111 1336 1229 1374 εἴδους
1262 1348 1332 1368 οιιι.
1367 1339 1404 1369 Α.
1472 1333 1545 1369 ἀπὸ
1582 1338 1647 1370 τοῦ
1684 1337 1732 1370 εἰ·

189 1382 275 1420 δους
303 1392 372 1413 om.
406 1378 502 1419 οἷον)
535 1379 642 1423 vieag
697 1401 735 1404 —
776 1393 823 1414 ea
849 1382 904 1414 die
928 1383 970 1414 (ι.
1010 1401 1043 1404 -
1084 1382 1295 1414 demonstmt
1321 1386 1422 1425 (sup.
1445 1382 1527 1414 add.
1552 1386 1586 1420 e)
1617 1382 1656 1414 B.
1691 1400 1732 1407 —

189 1427 405 1459 existimant
440 1426 474 1457 S.
535 1428 727 1459 aestiment
763 1438 832 1459 s-z.
894 1428 1121 1459 existiment
1161 1426 1296 1465 v-ssbl‘.
1334 1444 1375 1450 —
1424 1438 1445 1459 (ι
1471 1428 1565 1459 boue
1591 1429 1644 1459 v3.
1690 1445 1731 1450 -—-

192 1472 266 1504 Iovi
304 1471 614 1503 vs-bl’Mi2P567.

188 1582 238 1627 τῷ
264 1581 337 1614 Διὶ
360 1578 427 1625 τὴν
451 1579 657 1624 ἐπωνυμίαν
678 1578 926 1621 αποδιδόντες.

189 1616 712 1678 thur.1,)d.l.c.ad918.

238 1672 442 1714 Diespitrem
469 1673 668 1715 appellant
702 1676 741 1704 ut
769 1672 838 1704 diei
860 1683 925 1715 po-

189 1716 285 1759 trem]
326 1716 381 1749 Cf.
415 1716 524 1748 Burro
561 1716 598 1748 [ι.
632 1716 669 1749 1..
702 1717 747 1754 S,
786 1720 844 1755 10,
871 1720 924 1749 66.

190 1762 263 1793 Hoc
289 1786 296 1793 .
314 1784 321 1790 .
350 1762 498 1794 ostendit
530 1762 709 1804 antiquius
740 1762 830 1794 lovis
860 1772 923 1794 uo-

188 1818 284 1845 men‚·
316 1817 397 1838 nam
426 1807 505 1838 olim
537 1807 670 1839 Diiovis
695 1812 725 1839 et
755 1807 924 1849 Diespi-

189 1856 256 1883 ter
278 1852 411 1889 dictus,-
432 1850 455 1882 i.
477 1862 506 1882 e.
532 1852 604 1882 dies
626 1857 738 1894 pater.
778 1851 925 1883 Gellius

189 1896 213 1927 1.
238 1907 268 1927 c.
302 1896 454 1937 Itemque
490 1897 580 1927 louis
610 1896 830 1938 Diespiter
859 1908 924 1939 ap-

185 1941 358 1983 peltatas,
397 1941 432 1971 id
457 1945 504 1972 cst
532 1941 619 1973 dici
644 1946 680 1972 et
711 1941 822 1973 lucis
850 1952 924 1983 pa-

190 1990 270 2023 ter3
310 1984 462 2016 Servius
497 1985 518 2016 Ι.
552 1997 603 2016 c.:
648 1986 725 2028 Ipse
756 1991 805 2018 est
837 1987 924 2018 enim

187 2034 307 2061 nostra
332 2030 458 2071 lingua
487 2030 721 2071 Diespiter„
742 2031 754 2061 i
788 2040 815 2061 e.
838 2031 927 2062 diei

186 2079 322 2117 pater.
356 2074 525 2105 Horatius
550 2073 685 2116 [Curru.
712 2074 738 2113 1.
761 2076 815 2114 3⁴,
833 2077 853 2106 5
872 2086 923 2116 sq.

190 2119 234 2149 cf.
262 2118 335 2157 Ill,
359 2120 392 2158 2,
417 2117 486 2159 29.]
518 2119 674 2160 Namque
704 2119 927 2161 Diespiter

186 2164 388 2206 plerumque
410 2173 473 2205 per
499 2173 624 2205 purum
652 2168 811 2195 tonantes
837 2165 926 2207 Egit

190 2219 303 2250 equos.

238 2265 290 2295 15.
337 2262 550 2305 splendorem
599 2262 669 2294 diei
716 2267 746 2295 et
795 2268 924 2296 noctem

188 2307 384 2349 continuat]
424 2306 446 2338 i.
481 2318 510 2338 e.
550 2317 614 2349 per
645 2311 801 2339 noctem.
848 2307 925 2340 Nun

188 2356 245 2383 est
281 2362 371 2394 ergo
404 2351 496 2393 quod
529 2362 611 2383 cum
644 2351 806 2385 Pontann
835 2353 926 2384 scri-

188 2397 319 2429 bamus
325 2378 456 2428 ¹3noctu.

233 2452 267 2483 in
303 2451 511 2494 plenilunio]
550 2451 604 2483 Cf.
637 2450 810 2483 Laurent.
835 2451 881 2494 L)
882 2452 925 2484 (l.

188 2496 254 2533 111,
279 2500 311 2528 7.
341 2492 671 2552 Πληῃνιλούνιον
698 2493 763 2534 τὰς
789 2495 926 2535 Εἴδους

187 2541 391 2583 καλοῦντες,
409 2539 520 2573 οἱονεὶ
538 2537 811 2583 πληροσέληνον.
838 2542 925 2574 Plu-

190 2586 307 2617 tarch.
335 2588 358 2617 1.
387 2597 415 2618 c.
442 2586 486 2618 ad
513 2585 529 2627 §
558 2588 611 2618 16.

236 2642 326 2673 Iovis
349 2640 473 2682 ferias]
512 2640 567 2694 Cf3
596 2640 702 2673 Laur.
727 2640 818 2693 Lyd.
844 2641 868 2673 l.
895 2652 925 2674 c.

177 2680 292 2717 Ὅθεν
314 2685 373 2718 καὶ
389 2683 497 2723 Διὸς
521 2681 636 2739 αὐτὴν
660 2682 831 2728 ἑορτὴν,
846 2683 924 2719 οἷον

187 2724 308 2770 ηλί,ου
331 2730 553 2771 νενομίκασι,
580 2726 623 2762 δι’
658 2729 701 2763 οὐ
735 2728 924 2773 σύμφαμεν

190 2774 406 2856 ζωιτέζεσθαι
432 2772 497 2818 τὴν
522 2771 685 2818 σελήνην,
715 2776 798 2808 etl.
822 2787 853 2807 c
877 2775 921 2808 ad

236 2874 288 2903 16.
336 2870 414 2905 οἷον
459 2871 531 2906 ἀπὸ
577 2875 642 2907 τοῦ
688 2874 819 2917 εἴδους]
868 2874 923 2907 Cf.

189 2915 296 2948 Lanr.
320 2916 407 2957 Lyd.
439 2919 463 2950 1.
489 2930 517 2950 (τ,
558 2916 609 2949 Τὸ
639 2918 675 2951 δὲ
704 2919 775 2950 τῶν
802 2918 923 2951 Εἰδῶν

687 1472 782 1504 Iovis
819 1471 1035 1504 ABSMM'Q.

1107 1472 1180 1503 ovis
1211 1471 1319 1514 Gi-g.
1471 1475 1523 1504 17.
1562 1473 1734 1516 proprior

994 1578 1109 1624 ὄνομα
1145 1580 1244 1624 παρὰ
1273 1579 1337 1623 μὲν
1361 1583 1437 1620 τοῖς
1467 1583 1661 1621 πολιτικοῖς
1689 1580 1731 1616 ἐκ

994 1627 1071 1659 τοῦ
1100 1626 1255 1664 εἴδους
1289 1626 1364 1679 τῆς
1394 1623 1594 1679 σελήνης,
1629 1624 1729 1681 παρὰ

995 1668 1032 1704 δὲ
1057 1673 1132 1709 τοῖς
1154 1670 1308 1713 ἱερεῦσιν
1333 1667 1421 1703 ἀπὸ
1448 1672 1615 1711 θυσίας
1638 1669 1730 1715 τρό-

993 1726 1074 1748 που
1097 1711 1304 1769 εὑρίσκομεν
1322 1713 1618 1769 εἰσενηνέἵμένοω
1633 1718 1730 1749 Plut.

995 1761 1038 1802 Q.
1064 1761 1105 1792 R.
1127 1762 1182 1792 24.
1201 1755 1252 1793 Ἡ
1279 1756 1339 1792 δια
1371 1758 1412 1792 τὸ
1443 1758 1570 1799 κάλλος
1596 1760 1657 1794 καὶ
1681 1758 1730 1794 τὸ

994 1803 1127 1857 εἶδος,
1153 1800 1350 1847 ὁλοκλήρου
1375 1803 1644 1849 καθισταμένης
1667 1805 1731 1849 τῆς

993 1846 1074 1882 σελ’
1076 1861 1095 1881 ν
1124 1861 1151 1887 ς.

1039 1862 1081 1926 ‹ii›
1098 1861 1166 1926 rim-e
1186 1893 1279 1925 Iduli
1300 1894 1424 1937 dictas]
1447 1893 1501 1926 Cf.
1518 1894 1650 1928 Festus
1671 1906 1728 1939 ap.

994 1939 1099 1971 Paul.
1126 1939 1188 1970 lib.
1211 1938 1280 1977 lx,
1306 1950 1338 1980 p.
1366 1941 1441 1971 104.
1468 1940 1595 1972 Muell.
1634 1942 1729 1973 Idu-

995 1984 1049 2015 Iis
1087 1985 1177 2015 ovis
1214 1983 1407 2021 dicebatur,
1449 1996 1536 2026 quae
1574 1986 1730 2017 omnibus

998 2029 1116 2060 Idibus
1179 2028 1253 2059 lovi
1310 2029 1541 2061 mactabatur.
1621 2029 1728 2062 Laur.

996 2072 1083 2114 Lyd.
1115 2073 1136 2104 Ι.
1165 2083 1194 2103 c.
1226 2077 1261 2103 et
1292 2072 1396 2104 Ovid.
1424 2073 1524 2107 Fast.
1554 2074 1584 2114 ¹3
1611 2078 1664 2106 56.
1694 2081 1729 2107 ct

995 2119 1060 2148 587
1081 2128 1134 2158 sq.
1182 2116 1352 2148 Ceterum
1393 2119 1438 2149 al»
1480 2119 1597 2150 Idibus
1632 2119 1729 2152 dicta

994 2172 1076 2192 esse
1111 2161 1256 2192 videtur
1287 2162 1359 2192 ouis
1395 2163 1504 2194 Idolis
1534 2164 1598 2200 (cf.
1629 2175 1729 2196 sacra

997 2206 1114 2238 Idulia
1140 2216 1198 2247 ap.
1225 2205 1323 2237 Fest.
1351 2207 1372 2236 Ι.
1398 2218 1429 2236 e.
1455 2207 1497 2238 ud
1528 2209 1548 2247 ἓ
1581 2211 1663 2247 190,
1690 2215 1729 2240 ut

993 2260 1013 2282 a
1040 2251 1127 2282 tribu
1155 2251 1302 2283 tribulis.
1350 2250 1475 2292 ltaque
1499 2251 1555 2284 illi
1586 2253 1731 2284 deriva-

994 2294 1084 2326 tioni
1111 2294 1248 2326 similis
1274 2299 1372 2327 esset
1397 2295 1507 2328 hacc:
1545 2298 1730 2338 „Ostern

993 2351 1067 2371 vom
1117 2340 1407 2372 Osterlamm.“
1457 2341 1514 2374 Cf.
1559 2342 1730 2376 Mueller.

993 2384 1142 2416 Etrusk·
1169 2384 1213 2416 11.
1241 2396 1273 2426 p.
1299 2387 1364 2417 323
1385 2396 1438 2426 sq.

1038 2440 1138 2472 quam
1165 2429 1228 2460 hoc
1250 2430 1385 2462 nomine
1409 2434 1532 2462 vocant
1562 2431 1674 2469 Tusci,
1697 2436 1729 2464 et

994 2497 1024 2506 ..
1059 2474 1132 2505 lovi
1163 2474 1362 2506 immolatur
1398 2486 1419 2506 α
1446 2475 1608 2516 flamine]
1645 2455 1728 2516 lpse

992 2517 1080 2550 olim
1101 2519 1273 2560 putabam
1301 2519 1393 2550 hau:
1413 2518 1501 2550 ferri
1522 2529 1589 2550 non
1609 2530 1728 2560 posse,

992 2563 1147 2605 ideoque
1186 2562 1371 2606 (Syinbol.
1414 2574 1447 2604 p.
1490 2566 1542 2600 8.)
1586 2563 1727 2596 conieci

992 2608 1189 2650 legendum
1213 2618 1296 2639 esse
1315 2608 1389 2640 Ιουί
1410 2607 1492 2639 ovis.
1533 2607 1576 2639 At
1600 2618 1618 2638 e
1645 2619 1728 2649 pio-

993 2652 1139 2684 nomiue
1162 2663 1278 2694 quam.
1300 2657 1338 2684 ut
1360 2651 1505 2693 saepius
1532 2652 1626 2694 apud
1647 2652 1727 2684 Ma—

991 2696 1156 2729 crobium
1203 2696 1296 2734 (vid.
1336 2696 1501 2738 prolegg.
1546 2708 1578 2738 p.
1615 2707 1725 2729 xxxlx

992 2746 1082 2773 extr.
1117 2744 1152 2772 et
1181 2745 1270 2772 nott.
1296 2741 1337 2772 ad
1367 2740 1505 2772 Couun.
1532 2740 1564 2779 l,
1591 2743 1624 2781 6,
1651 2742 1724 2782 77.)

990 2785 1257 2827 inteiligendus
1280 2789 1336 2816 est
1359 2784 1604 2817 nominativus
1626 2796 1726 2827 quae.

990 2830 1128 2862 Sensus
1150 2840 1231 2861 esse
1258 2829 1421 2862 videtur:
1447 2840 1628 2871 „natuque
1655 2830 1726 2862 hoc

991 2885 1139 2913 nomen,
1166 2873 1260 2916 quod
1283 2884 1302 2907 a
1327 2873 1462 2907 Tuscis
1484 2874 1639 2916 prodiit„
1663 2875 1727 2907 du-

990 2924 1049 2952 tui·
1079 2919 1137 2951 ovi
1164 2929 1257 2960 quae
1282 2919 1472 2960 quibusvis
1495 2919 1621 2951 Idibus
1648 2919 1724 2951 lovi
