1845 3131
236 47 318 87 544
872 42 1148 85 MACROBII

435 154 593 208 Adpetis
621 152 861 193 dominatum
888 153 901 167 “
909 160 1041 207 petens
1063 160 1312 207 praemature
1334 167 1571 209 praecocem.

238 223 284 262 In
322 233 402 274 quo
432 232 550 260 versu
579 217 974 260 animadvertendum
1006 223 1066 259 est
1098 218 1207 272 quod
1233 233 1456 273 praecocem
1486 218 1639 273 inquit,
1689 231 1771 258 non

230 289 513 332 praecoquem:
550 279 610 315 est
640 273 744 314 enim
775 287 889 315 casus
921 274 1006 315 eius
1034 279 1168 314 rectus
1197 287 1277 315 non
1298 277 1533 331 praecoquis
1562 273 1630 315 sed
1650 287 1772 329 prae-

237 346 322 374 cooe.

176 393 225 433 14
352 385 427 426 Hic
452 385 628 426 Avienus
657 398 795 425 rursus
821 384 1059 438 interrogat:
1090 384 1192 425 Cum
1218 383 1422 436 Virgilius,
1445 383 1586 437 inquit,
1610 387 1774 424 Aenean

238 457 356 484 suum
387 447 592 495 tamquam
625 440 757 481 omnia
781 440 891 494 pium
922 455 943 481 a
977 439 1214 493 contagione
1247 439 1394 480 atrocis
1429 439 1535 479 visus
1570 439 1674 492 apud
1715 438 1773 478 in-

236 499 341 541 feros
375 496 651 546 vindicaverit,
701 501 739 537 et
775 496 899 550 magis
935 510 1026 537 eum
1063 494 1201 536 fecerit
1237 495 1374 536 audire
1406 508 1566 535 reorum
1604 494 1775 546 gemitus

239 569 358 609 quam
391 553 474 607 ipsa
503 553 636 594 videre
667 558 876 601 tormenta,
909 553 947 592 in
972 552 1079 606 ipsos
1110 565 1204 592 vero
1236 564 1397 604 campos
1429 550 1585 604 piorum
1615 549 1777 589 licenter

238 609 460 652 induxerit:
490 621 561 649 cur
585 608 660 648 hoc
690 613 824 649 tamen
854 621 971 650 vorsu
1002 607 1176 648 ostendit
1206 606 1259 647 illi
1286 611 1437 661 partem
1469 606 1662 656 locorum,
1688 604 1774 659 qui-

237 668 311 709 bus
342 665 438 721 inpii
469 663 774 705 cohibebantur:

329 812 435 854 [uss.
459 809 599 842 APSM.

236 867 408 899 Aurelius
434 866 595 897 noster.“
621 881 664 887 —-
687 868 804 906 petens
830 862 876 903 (A
902 862 937 894 in
964 865 1057 899 ras.)
1084 862 1217 894 St1123
1243 861 1297 902 (vi
1327 861 1539 903 praeposita
1568 860 1776 902 interpunc-

238 911 367 949 tione).
413 909 577 942 veteris
607 909 646 940 P.
693 909 859 939 demens
887 905 1062 938 c—bGell.

1201 907 1253 937 14.
1289 908 1447 937 Aeneam
1473 904 1579 947 Sv-g.
1607 904 1686 937 Vid.
1710 905 1775 943 ΙΙΙ,

240 959 271 995 l,
295 959 328 987 8.
354 972 395 978 -
418 954 535 986 omnia
558 952 696 984 APis-1›
719 951 761 989 (h
787 950 822 982 in
849 954 943 994 mg.)
960 950 1052 981 Ml3.
1101 950 1255 981 omnium
1282 949 1390 981 Sle
1418 949 1452 980 in
1479 960 1570 992 mg.;
1590 949 1662 981 ΜΞ.
1709 949 1758 981 ho

237 1001 387 1032 minem
422 1008 500 1040 (τηις.
544 997 631 1035 „Sic
657 997 760 1038 lege,
787 995 857 1027 nisi
891 994 1001 1026 malis
1030 995 1276 1036 graecismum
1306 995 1508 1025 statuere.“
1540 993 1652 1025 Zeun.

237 1049 310 1077 not.
334 1062 376 1068 —
405 1042 522 1085 magis
539 1041 664 1082 feccrit
689 1044 778 1078 [om.
803 1040 896 1081 eum)
921 1039 956 1071 S.
983 1055 1027 1061 —-
1049 1050 1176 1072 eorum
1202 1040 1256 1071 ΨΒ.
1288 1055 1319 1061 --
1348 1048 1394 1069 ea
1424 1038 1501 1079 ipse
1523 1048 1577 1079 sp.

238 1180 379 1217 hulam)
412 1179 467 1210 cui
494 1182 542 1210 est
569 1187 720 1208 nomen
746 1175 907 1214 Boeotia,
940 1178 975 1207 et

239 1224 338 1263 xlll,
359 1226 396 1262 Β,
419 1225 451 1254 3.
476 1222 512 1253 in
533 1226 657 1263 togata
681 1221 737 1252 cui
764 1220 879 1251 Sellae
906 1231 974 1251 no-

238 1279 326 1300 men
357 1272 418 1299 est.
466 1266 648 1297 Pontanus
671 1263 809 1296 oblitus
832 1267 887 1296 est
911 1274 974 1295 vo-

239 1323 315 1344 cem
364 1307 474 1351 νομὸς
522 1309 566 1341 ad
612 1309 726 1341 solam
768 1308 973 1350 Aegyptum

239 1355 435 1400 pertinere.
483 1353 650 1396 Thysius
683 1352 727 1385 ad
756 1351 853 1383 Geli.
887 1352 908 1383 1.
942 1365 971 1384 c.

238 1400 369 1433 statuit
404 1408 535 1430 nomen
570 1397 718 1428 fabulae
753 1395 871 1426 fuisse
912 1397 972 1428 Τι’-

237 1446 333 1478 tulus
370 1443 427 1475 vel
460 1442 625 1481 Titinius,
667 1440 751 1471 coll.
786 1438 882 1470 Fest.
910 1450 968 1482 ap.

239 1488 342 1521 Paul.
378 1488 441 1519 tib.
480 1486 608 1517 xvln.
645 1496 678 1526 p.
714 1486 790 1515 366.
834 1483 973 1516 Tituli

239 1534 364 1565 milites
383 1531 605 1574 appellantur
625 1529 725 1571 quasi
743 1527 860 1566 tutati,
884 1529 974 1570 quod

237 1578 389 1620 patriam
413 1579 599 1608 tuerentur.
637 1571 836 1604 Neukirch.
860 1581 893 1611 p.
922 1575 973 1603 17.

238 1623 405 1653 monente
440 1619 468 1649 Ι.
509 1618 587 1649 Val.
624 1614 807 1648 Franckio
847 1615 975 1647 statuit

236 1666 375 1697 tilulum
420 1662 515 1694 idem
561 1661 685 1693 valere
730 1659 823 1700 quod
878 1660 973 1701 apud

237 1709 449 1740 Ciceronem
487 1706 530 1736 de
568 1706 639 1746 leg.
678 1714 800 1746 agrar.
832 1702 886 1742 ΙΙ,
918 1706 972 1744 25,

236 1756 291 1785 67.
322 1752 444 1784 tabula
475 1750 662 1787 auctionis,
698 1753 732 1780 et
766 1758 846 1778 esse
879 1748 973 1779 lianc

237 1797 400 1829 fabulam
434 1794 585 1826 candem
617 1804 658 1825 ac
691 1802 797 1834 quam
833 1792 973 1824 Auctio-

237 1852 312 1873 nem
345 1840 444 1871 dicat
468 1838 606 1870 Nonius
635 1849 693 1878 pp.
720 1838 774 1874 76,
798 1837 873 1875 104,
901 1838 974 1868 111.

237 1886 292 1918 ed.
317 1885 427 1916 Merc.
452 1883 543 1914 Esse
569 1886 689 1914 autem
717 1884 972 1922 argumentum

238 1930 316 1961 eius
351 1926 557 1960 auctionem
597 1927 746 1958 absente
784 1924 917 1956 marito
953 1935 974 1956 a

238 1965 375 2006 femina
401 1971 555 2014 quadam
583 1969 805 2008 institutam,
842 1973 881 2000 ut
912 1969 973 2001 ‹lo-

238 2019 388 2049 minatus
418 2015 604 2057 significet
630 2013 829 2046 secundum
853 2013 972 2044 Dona-

238 2066 313 2094 tum
347 2061 390 2092 ad
421 2056 570 2091 Terent.
600 2058 706 2090 Andr.
735 2058 763 2097 Ι,
794 2059 822 2098 Ι,
847 2060 878 2089 9.
906 2056 975 2088 im-

240 2105 382 2148 perium
411 2103 558 2136 servile.

283 2164 437 2206 *petens]
484 2160 614 2203 scripsi
663 2171 681 2191 e
730 2159 972 2201 plurimorum

240 2209 404 2240 codicum
432 2207 670 2242 auctoritate,
701 2204 782 2242 sed,
810 2214 890 2234 cum
920 2203 974 2234 sic

239 2263 366 2285 versus
392 2262 460 2282 non
484 2253 644 2287 constet,
682 2247 887 2288 putaverim
913 2250 973 2279 aut

238 2297 358 2339 ipsum
400 2293 627 2326 Macrobium
671 2296 735 2323 ant
780 2290 972 2323 librarium

239 2340 300 2382 qui
342 2338 502 2371 omnium
547 2347 637 2378 quae
685 2346 778 2366 nuuc
829 2338 972 2366 exstant

238 2383 502 2425 exemplarium
543 2381 783 2422 archetypum
823 2378 972 2420 scripsit

238 2429 430 2460 aberrasse
462 2427 505 2458 ad
540 2425 673 2467 appetis
699 2423 792 2465 quod
825 2427 971 2455 antece-

237 2472 311 2513 dit,
346 2472 497 2512 ideoque
531 2475 648 2512 petens
677 2466 874 2509 scripsisse
906 2478 971 2509 pro

238 2518 386 2556 demens„
406 2515 498 2557 quod
518 2514 658 2557 legitur
679 2513 774 2555 apud
793 2511 970 2551 Gellium,

238 2561 309 2593 uisi
334 2561 419 2602 quid
447 2559 548 2592 aliud
571 2559 671 2590 latet.

284 2622 335 2652 14.
383 2620 498 2652 onmia
523 2618 632 2661 pium]
670 2615 797 2658 „Dixit
827 2618 863 2646 et
887 2614 970 2647 Sta-

239 2665 311 2697 tius
333 2664 463 2706 [Theb.
488 2663 535 2702 11,
561 2662 670 2704 170.]:
694 2661 740 2693 Di
763 2662 855 2699 benc,
880 2659 970 2701 quod

237 2710 351 2741 tales
399 2709 666 2750 stirpemque
720 2705 970 2745 animosque

236 2754 379 2791 veniti83
410 2752 505 2784 idem
533 2750 674 2783 Statius
698 2748 905 2780 Achilleide
927 2747 969 2788 [1,

238 2797 353 2838 (360.]:
371 2796 448 2829 Non
465 2796 551 2828 adeo
568 2794 811 2837 parebimus
831 2792 970 2824 onznia

237 2842 359 2880 matri„
395 2841 458 2873 ubi
494 2840 610 2872 omnia
646 2838 744 2870 idem
781 2839 836 2869 est
875 2835 970 2877 quod

234 2894 296 2925 per
331 2886 464 2925 onmia,
503 2887 543 2916 ut
573 2882 723 2916 Graecis
757 2878 876 2913 πάντα
905 2889 969 2921 pro

1699 966 1777 1044 Vidi

1625 1048 1674 1070 ea
1700 1047 1777 1080 ipsa

1042 1170 1133 1206 κατὰ
1159 1171 1313 1205 πάντα.“
1337 1174 1452 1205 ΡοΝΤ.
1470 1192 1506 1197 -
1535 1171 1669 1204 Melius
1696 1172 1721 1203 I.
1736 1171 1775 1204 F.

1039 1218 1245 1249 Gronovius
1292 1218 1333 1249 ad
1379 1217 1506 1249 Scnec.
1547 1216 1693 1248 consol.
1731 1216 1776 1249 ad

1042 1262 1157 1294 Marc.
1178 1264 1234 1303 25,
1255 1265 1300 1300 3.,
1327 1261 1387 1292 ubi
1411 1261 1557 1303 Lipsius
1580 1261 1615 1292 in
1635 1260 1775 1292 verbis:

1047 1306 1214 1338 'Tr-amites
1250 1306 1388 1338 omnia
1423 1306 1525 1348 plani
1554 1304 1629 1347 legi
1660 1304 1777 1338 voluit

1041 1351 1219 1388 omnium,
1273 1349 1481 1381 adnotavit:
1532 1348 1631 1390 „Cur
1677 1348 1776 1380 tollit

1041 1393 1300 1425 suavissimum
1325 1393 1584 1424 hellenismum
1601 1391 1775 1433 Lipsius?

1041 1437 1210 1469 Aurelius
1226 1437 1348 1469 Victor
1368 1436 1486 1479 [Caes.
1509 1436 1557 1478 9.]
1583 1437 1626 1467 (le
1641 1436 1777 1477 Vespa-

1041 1482 1165 1513 siano:
1197 1482 1345 1513 Sanctus
1370 1482 1523 1513 omnia.
1571 1480 1776 1513 Tertullia-

1041 1537 1108 1558 nus
1150 1525 1207 1567 [de
1245 1526 1331 1567 pall.
1369 1535 1397 1556 c.
1440 1525 1504 1567 4.]:
1554 1525 1602 1556 Ob
1647 1525 1775 1557 cultum

1041 1571 1183 1601 omnia
1209 1569 1446 1600 candidatum.
1497 1568 1551 1600 Ita
1577 1569 1772 1612 legendum

1040 1614 1135 1654 apud
1168 1613 1338 1644 Martian.
1369 1612 1454 1654 Cap.
1480 1612 1545 1643 lib.
1578 1612 1604 1643 Ι,
1643 1613 1678 1654 [ἓ
1704 1612 1773 1654 14.]

1041 1658 1133 1689 mitis
1158 1657 1306 1688 omnia.
1341 1656 1402 1688 Sic
1427 1656 1522 1688 enim
1545 1667 1632 1688 mss.
1659 1657 1775 1699 Vulgo

1039 1712 1117 1743 per
1145 1702 1271 1732 omnia.
1321 1701 1436 1742 Quam
1465 1700 1773 1742 praepositionem

1040 1746 1074 1776 iu
1101 1745 1182 1777 istis
1205 1745 1433 1777 intellectam
1461 1746 1585 1786 puta.“
1631 1745 1776 1776 Salma-

1041 1789 1119 1821 sius
1142 1789 1185 1821 ad
1212 1789 1369 1821 Tertull.
1399 1789 1420 1820 1.
1447 1799 1475 1819 c.
1498 1800 1529 1830 p.
1551 1790 1625 1819 350.
1653 1788 1774 1820 addit:

1040 1834 1106 1873 „In
1145 1833 1240 1865 libro
1274 1833 1318 1864 de
1354 1831 1597 1873 poenitentia:
1632 1833 1775 1864 omnia

1040 1883 1198 1915 sanctum
1231 1877 1325 1919 apud
1352 1876 1602 1908 Trebellium:
1634 1877 1775 1908 omnia

1033 1923 1145 1961 fclioe5
1178 1921 1213 1953 in
1238 1925 1307 1953 vet.
1337 1921 1518 1962 inscript:
1553 1921 1626 1952 viro
1651 1921 1774 1952 claris-

1039 1967 1143 2007 simo,
1183 1966 1325 1997 omnia
1355 1965 1551 2008 singulari‚·
1595 1963 1775 2006 Virgilius

1041 2010 1141 2051 [Aen.
1167 2010 1225 2049 lv,
1242 2009 1332 2051 557.]
1363 2009 1510 2040 Omnia
1534 2009 1702 2041 Mercurio
1725 2010 1774 2041 si-

1041 2055 1145 2094 milis,
1170 2064 1349 2095 vocemque
1368 2053 1615 2094 coloremque.“·

1087 2131 1109 2150 a
1153 2119 1360 2160 contagione
1401 2117 1526 2148 atrocis
1565 2116 1673 2158 visus]
1718 2115 1773 2148 Cf.

1041 2162 1179 2194 Comm.
1204 2163 1232 2203 Ι,
1254 2165 1288 2201 6,
1304 2165 1334 2192 9.
1360 2161 1485 2192 Anima
1512 2160 1628 2192 aliena
1653 2171 1674 2192 a
1699 2161 1773 2192 sil-—

1041 2207 1199 2238 vestris
1237 2205 1501 2247 contagione
1542 2204 1775 2242 materiae,-

1042 2250 1076 2290 Ι,
1108 2253 1166 2290 11,
1192 2252 1242 2280 11.
1271 2250 1417 2281 Animae
1440 2249 1561 2280 beatae
1583 2249 1632 2280 ab
1662 2249 1774 2280 omni

1043 2295 1344 2335 cuiuscumque
1380 2292 1648 2334 contagione
1682 2302 1772 2323 cor-

1037 2339 1159 2381 poris
1195 2339 1340 2375 Uberae,-
1383 2337 1417 2375 1,
1450 2339 1510 2376 12,
1542 2338 1596 2367 17.
1628 2339 1772 2368 conta-

1038 2383 1174 2425 gione
1207 2382 1418 2414 vitiorum
1451 2380 1588 2422 penitus
1619 2380 1772 2411 elimata.

1040 2426 1217 2469 Virgilius
1248 2426 1334 2457 Aen.
1362 2424 1427 2463 Vl,
1457 2425 1534 2455 563.
1576 2423 1674 2455 Nulli
1697 2424 1772 2462 fas,

1038 2471 1177 2512 inquit,
1217 2475 1335 2502 casto
1374 2468 1575 2501 sceleratum
1616 2467 1772 2498 insistere

1037 2516 1150 2547 limen.

1082 2580 1210 2624 magis]
1250 2577 1408 2621 positum
1446 2577 1501 2607 est
1541 2584 1604 2616 pro
1640 2574 1769 2616 potius.

1038 2625 1115 2657 Vid.
1139 2624 1305 2666 prolegg.
1330 2633 1363 2663 p.
1386 2630 1481 2652 xuv.

1077 2684 1200 2725 fecerit
1241 2681 1363 2714 audire
1403 2703 1432 2711 ..
1479 2678 1640 2720 gemitus]
1691 2677 1770 2709 Vid.

1039 2729 1207 2770 prolegg.
1244 2737 1276 2767 p.
1307 2735 1362 2755 xz..
1400 2726 1436 2754 et
1470 2723 1516 2753 cf.
1551 2721 1679 2764 virgil.
1711 2721 1769 2762 VI,

1036 2775 1114 2804 557.
1140 2772 1231 2802 Hinc
1254 2767 1412 2800 exaudiri
1434 2766 1595 2809 gemitus.

1080 2832 1116 2862 in
1140 2830 1231 2871 ipsos
1259 2837 1395 2870 campos
1415 2825 1563 2868 piorum]
1598 2824 1652 2857 Cf.
1678 2824 1769 2858 ibid.

1037 2886 1068 2906 v.
1095 2875 1172 2906 638.
1205 2873 1374 2905 Devenere
1395 2871 1485 2903 locos
1511 2870 1629 2902 laetos.
