1845 3126
217 37 270 80 78
844 30 1119 76 MACROBII

213 148 342 190 eidem
371 143 656 191 constitutum,
688 154 769 196 quo
799 141 859 183 dis
889 142 1077 184 Manibus
1106 142 1192 184 eius
1222 154 1292 197 per
1322 141 1522 185 flaminem
1553 142 1749 185 sacrifica—

214 210 342 253 retur,
368 200 534 253 Iovique
562 197 681 239 seriae
709 204 976 248 consecratae,
1007 199 1116 254 quod
1143 199 1451 241 aestimaverunt
1479 200 1634 254 antiqui
1666 201 1748 241 ani-

152 262 201 303 16
214 275 297 302 mas
332 273 354 299 a
385 259 479 298 Iove
509 255 592 296 dari
630 259 669 295 et
702 268 839 295 rursus
875 260 966 309 post
999 260 1169 296 mortem
1206 255 1333 296 eidem
1371 256 1494 297 reddi.
1565 258 1664 298 Cato
1696 256 1752 297 ait

213 313 439 357 Larentiam
480 310 704 352 meretricio
741 316 912 364 quaestu
950 311 1230 365 locupletatam
1265 316 1357 365 post
1391 326 1594 353 excessum
1632 327 1749 354 suum

213 371 362 427 populo
385 370 569 410 Romano
599 381 713 422 agros
744 368 936 408 'furacem
973 367 1201 408 Semurium
1234 367 1445 408 Lintirium
1482 374 1520 409 et
1555 368 1749 409 Solinium

214 427 444 482 reliquisse,
483 430 521 466 et
551 424 640 465 ideo
670 423 869 477 sepulchri
897 423 1187 477 magnificentia
1220 429 1259 464 et
1286 438 1440 464 annuae
1468 424 1751 478 parentationis

151 484 368 528 lihonore
401 482 615 536 dignatam.
686 480 821 520 Macer
858 479 1124 521 Historiarum
1160 479 1260 520 libro
1293 479 1419 534 primo
1448 480 1629 521 Faustuli
1658 494 1751 521 con—

213 541 346 595 iugem
382 542 533 580 Accam
571 536 796 578 Larentiam
837 536 998 577 Romuli
1033 542 1072 577 et
1110 535 1224 577 Remi
1260 535 1455 576 nutricem
1495 536 1615 577 fuisse
1657 550 1750 577 con-

215 598 358 638 firmat.
409 595 523 635 Hanc
559 597 748 647 regnante
778 593 952 634 Romulo
984 592 1148 634 Carutio
1181 591 1339 632 cuidam
1368 593 1500 633 Tusco
1541 592 1651 633 diviti
1683 592 1751 633 de-

214 658 380 708 nuptam
407 656 647 704 auctamque
675 649 893 690 hereditate
916 649 1004 690 viri:
1035 662 1154 704 quam
1181 653 1272 703 post
1290 648 1478 697 Romulo,
1510 662 1629 702 quem
1656 648 1751 689 edu-

216 714 359 757 casset,
393 707 570 761 reliquit:
617 710 656 746 et
682 705 730 745 ab
762 719 809 746 eo
838 705 1054 759 parentalia
1087 704 1272 758 diemque
1303 704 1447 745 festum
1483 718 1601 745 causa
1630 704 1751 758 pieta-

152 766 265 809 lStis
299 769 505 806 statutum.
564 762 626 802 Ex
655 761 716 801 his
745 775 839 814 ergo
874 761 1060 802 omnibus
1089 761 1220 814 colligi
1251 766 1383 814 potest
1412 766 1451 801 et
1475 774 1556 801 uno
1588 760 1651 801 die
1681 760 1751 801 Sa-

214 821 386 863 turnalia
418 819 538 859 fuisse
576 823 616 858 et
648 831 729 857 non
766 817 840 857 nisi
877 822 1020 871 quarto
1056 817 1209 857 decimo
1246 816 1517 857 Kalendarum
1548 816 1751 857 Ianuaria-

212 878 360 919 riarum
393 875 610 916 celebrata:
642 887 722 927 quo
755 873 840 914 solo
872 873 935 914 die
965 873 1071 927 apud
1102 873 1240 913 aedem
1270 872 1431 913 Saturni
1461 872 1639 913 convivio
1674 872 1751 912 dis-

213 934 345 976 soluto
375 930 599 973 Saturnalia
625 929 950 971 clamitabantur:
981 929 1048 984 qui
1078 928 1162 970 dies
1189 942 1295 969 nunc
1324 928 1520 983 Opalibus
1550 928 1652 970 inter
1681 928 1751 970 Sa-

303 1069 408 1112 [Mss.
434 1067 602 1100 ABG-rs,

210 1124 311 1157 riora
334 1125 452 1166 leget,
473 1122 612 1155 videbit
637 1121 832 1165 legendum
853 1131 934 1153 esse
960 1121 1095 1164 sepulta
1118 1120 1236 1161 est-“).
1258 1138 1301 1143 ·—
1325 1120 1416 1163 quod
1436 1120 1466 1152 is
1491 1119 1528 1151 A.
1575 1119 1672 1161 quod
1695 1119 1754 1151 dis

213 1169 250 1202 S.
296 1169 395 1212 quod
421 1169 499 1200 diis
524 1168 567 1200 G.
592 1186 635 1192 —
659 1168 749 1210 quia
773 1166 864 1198 Edd.
890 1166 929 1198 P.
954 1183 995 1188 —
1023 1166 1343 1198 existimaverunt
1369 1164 1529 1207 BSva-g.
1576 1164 1754 1196 extima-

210 1219 333 1246 verunt
364 1215 417 1244 vl.
557 1214 608 1244 16.
653 1211 852 1243 Larentiam
889 1221 959 1242 om.
994 1209 1032 1242 P.
1092 1210 1314 1241 laurentiam
1344 1209 1480 1241 BG112.
1519 1227 1564 1233 —
1598 1209 1754 1241 Romano

213 1269 283 1290 om.
309 1259 391 1289 dzb.
416 1274 458 1280 —
480 1257 712 1288 semmuriam
740 1256 782 1287 G.
807 1273 851 1279 —-
876 1255 1046 1287 lintirium
1071 1254 1148 1286 BG.
1201 1254 1377 1286 Litirium
1402 1254 1471 1296 (gh
1492 1253 1527 1285 in
1550 1256 1646 1295 mg.)
1667 1252 1752 1285 Bar.

212 1303 400 1335 linterinm
423 1301 517 1333 ASM
543 1300 717 1343 ,‚Angl.“.
768 1300 975 1332 Lincerium
1000 1310 1079 1341 v—g.
1128 1299 1313 1331 Lutirium
1336 1298 1440 1330 s-bP.
1579 1300 1631 1329 17.
1670 1298 1754 1329 Iau-

211 1348 358 1380 rentiam
382 1346 519 1377 BG112.
559 1363 599 1367 —
645 1345 803 1377 Carucio
830 1344 902 1375 s—b.
956 1344 1103 1375 'I'arutio
1132 1343 1200 1374 He.
1237 1360 1281 1365 ——
1321 1354 1422 1385 quam
1447 1342 1588 1385 primo
1614 1344 1669 1373 vl.
1709 1360 1754 1366 —

209 1392 354 1435 pietatis
378 1401 485 1422 causa
511 1389 615 1432 v-gb.
664 1389 808 1432 pietatis
833 1389 922 1429 (om.
944 1390 1070 1425 causa)
1098 1387 1143 1419 H.
1288 1389 1338 1418 18.
1377 1387 1506 1419 decimo
1526 1391 1648 1428 quarto
1675 1396 1753 1428 c-g.

213 1454 255 1460 --
284 1435 495 1467 ianuarium
520 1433 544 1465 i.
572 1451 615 1457 —
642 1434 798 1465 convivio
824 1433 943 1465 soluto
968 1433 1098 1474 v—agb.
1146 1431 1246 1464 solito
1271 1431 1306 1463 11.
1345 1430 1578 1471 „camerarii
1602 1436 1638 1463 et
1664 1430 1752 1463 item

212 1481 268 1513 ed.
295 1479 454 1522 prisca.“
480 1478 585 1510 Pont.
637 1478 728 1518 „Ed
758 1476 882 1509 Colon.
910 1477 1021 1509 habet
1046 1477 1159 1515 solito,
1191 1487 1258 1508 non
1288 1477 1394 1508 male.
1445 1475 1602 1516 Etenim,
1628 1485 1755 1517 quain-

211 1535 320 1567 quam
346 1524 550 1556 dissolutum
577 1533 598 1554 a
623 1522 675 1554 rei
705 1521 910 1554 festivitate
936 1526 971 1553 et
997 1521 1190 1552 hilaritate
1215 1532 1282 1552 non
1305 1525 1361 1552 est
1387 1519 1569 1552 alienum:
1598 1531 1678 1551 cum
1699 1524 1754 1551 ta·

211 1581 292 1602 men
316 1572 444 1601 auctor
468 1567 511 1599 de
537 1571 700 1609 tempore
727 1571 822 1598 stato
849 1565 1004 1598 solemni
1036 1570 1072 1597 et
1107 1564 1258 1597 definito
1291 1566 1483 1606 loquatur,
1530 1564 1622 1596 mihi
1652 1565 1754 1596 solito

210 1613 390 1646 orationis
413 1611 525 1644 seriei
551 1611 829 1643 convenientius
853 1622 934 1643 esse
954 1610 1112 1641 videtur.
1161 1609 1256 1641 Hinc
1283 1609 1314 1651 [ζῇ
1335 1609 1402 1651 23.]
1427 1610 1530 1641 solita
1550 1610 1754 1641 celcbrari.“

211 1659 322 1690 Zeun.
348 1658 429 1690 vid.
456 1661 528 1688 not.
553 1674 593 1679 —-
620 1656 887 1688 comitabantur
901 1655 956 1686 M.
981 1654 1058 1696 „An
1085 1655 1394 1694 committebantur,
1419 1654 1598 1695 quomodo
1622 1654 1753 1685 ludos

213 1699 518 1736 committere‘e
554 1701 624 1732 Aut
650 1700 826 1732 remotior
850 1700 973 1742 potius
999 1709 1066 1732 vox
1096 1697 1167 1731 fuit
1191 1698 1442 1741 scriptumque
1466 1699 1752 1738 comissabuntur,

211 1826 301 1868 quod
325 1825 372 1857 ibi
392 1836 500 1868 prope
519 1824 660 1865 faciunt
689 1824 784 1855 Diis
810 1823 948 1856 Mani·

209 1873 283 1903 bus
332 1870 578 1902 Servilibus
627 1869 842 1908 sacerdotes,
892 1868 950 1911 qui

208 1921 351 1957 uterque
375 1915 468 1946 locus
497 1919 594 1946 extra
621 1913 734 1944 urbem
768 1913 948 1954 antiquam

206 1960 298 2000 fuit,
338 1970 406 1990 non
432 1959 536 2001 longe
561 1969 583 1989 a
611 1962 713 1999 porta
738 1957 948 1989 Romanula.

210 2003 264 2035 Cf.
293 2002 389 2035 Plut.
417 2003 520 2035 Rom.
548 2005 581 2033 5.
609 2006 645 2033 et
671 2001 826 2033 Becker.
856 2001 884 2042 I,
912 2012 946 2043 p.

210 2050 288 2080 492.

252 2102 315 2134 per
330 2089 526 2133 flaminem]
554 2088 709 2129 Dialem,
734 2091 840 2131 puto,
864 2100 946 2121 cum

211 2135 324 2168 feriae
346 2135 420 2167 sint
438 2133 548 2165 Iovis.

256 2181 346 2223 quod
365 2179 633 2211 aestimaverunt
653 2177 790 2219 antiqui
812 2178 948 2209 animas

210 2237 231 2257 a
263 2226 342 2257 love
371 2222 461 2265 dari]
503 2223 559 2254 Cf.
593 2221 733 2253 Comm.
768 2221 803 2261 I,
831 2224 889 2260 12,
914 2224 945 2253 2.

213 2270 279 2301 Per
301 2269 364 2300 has
383 2273 504 2310 portas
530 2267 667 2299 animae
691 2267 740 2298 de
764 2266 885 2297 caelo
911 2266 946 2298 in

209 2319 321 2346 terras
343 2323 457 2345 meare
481 2317 511 2344 et
532 2312 573 2342 de
597 2311 698 2343 terris
720 2311 761 2342 in
786 2311 945 2342 caelum

208 2368 360 2390 remeare
399 2357 601 2393 creduntur5
650 2359 685 2387 et
717 2354 772 2395 11,
807 2357 866 2393 17,
895 2357 946 2386 14.

209 2403 349 2434 animae
375 2427 382 2433 .
399 2425 406 2432 .
432 2401 678 2443 permittuntur
704 2424 736 2431 ..
767 2399 813 2430 ast
841 2404 946 2431 natu-

208 2457 269 2479 rae
289 2456 372 2478 suae
389 2445 577 2488 principia,
597 2444 687 2486 quod
705 2449 753 2476 est
774 2444 947 2485 caelum,

209 2517 216 2523 .
238 2514 245 2522 .
270 2501 431 2522 remeare.
466 2489 687 2530 Hertzherg.
715 2500 746 2530 p.
770 2491 823 2519 26.
854 2492 889 2519 et
914 2499 946 2530 p.

208 2538 264 2567 52.
306 2535 474 2566 Mueller.
500 2533 647 2566 Etrusk.
674 2533 721 2573 ll,
746 2545 778 2574 p.
803 2535 857 2563 89.

254 2582 306 2611 16.
360 2578 566 2620 Semurium]
588 2578 658 2609 Hic
679 2588 770 2619 ager
790 2587 947 2608 comine-

209 2628 374 2656 moratur
399 2634 420 2656 a
444 2624 619 2655 Cicerone
643 2622 741 2655 Phil.
767 2622 825 2660 VI,
842 2625 875 2661 5,
896 2623 944 2654 14.

257 2667 440 2711 Solinium]
476 2668 555 2699 Hoc
585 2678 715 2699 nomen
741 2666 849 2698 valde
880 2666 946 2697 du—

207 2711 308 2745 bium
347 2724 427 2745 esse
468 2712 559 2745 dicit
591 2712 762 2744 Mueller.
797 2710 947 2743 Etrusk.

209 2756 257 2795 ll,
284 2769 315 2798 p.
341 2759 416 2789 104.

254 2812 392 2834 annuae
426 2800 696 2845 parentationis]
739 2798 793 2831 Cf.
833 2801 854 2839 §
892 2800 945 2830 15.

208 2844 368 2877 sollemne
398 2846 606 2887 sacrificium
637 2845 745 2878 eidem
781 2844 947 2877 constitu-

209 2892 291 2920 tum.

255 2934 307 2964 17.
354 2933 514 2967 Faustuli
551 2932 748 2976 coniugem]
780 2931 834 2965 Cf.
866 2930 944 2963 Liv.

1018 1823 1045 1862 1,
1071 1825 1104 1863 4,
1127 1826 1160 1852 7.
1187 1823 1237 1854 Ab
1261 1833 1298 1854 eo
1325 1821 1540 1864 (Faustulo)
1571 1822 1756 1855 Larentiae

1017 1868 1119 1900 uxori
1143 1867 1340 1899 educandos
1365 1867 1466 1899 latos.

1066 1912 1210 1944 Romulo
1248 1936 1256 1944 .
1276 1933 1283 1942 ·
1328 1911 1483 1953 reliquit]
1532 1910 1755 1943 Plutarchus

1017 1956 1085 1997 Qu.
1109 1956 1152 1987 R.
1177 1956 1202 1987 l.
1226 1966 1256 1987 c.
1280 1955 1430 1998 scripsit
1450 1954 1493 1998 τῇ
1516 1951 1627 1996 πόλει,
1649 1955 1753 1987 Rom.

1017 2001 1039 2032 l.
1070 2011 1098 2031 c.
1123 2000 1173 2044 τῷ
1199 1996 1318 2043 δήμῳ,
1357 2000 1549 2042 Augustin.
1584 2001 1608 2031 Ι.
1638 2011 1666 2031 c.
1690 2010 1755 2042 po-

1011 2045 1097 2088 pulo
1131 2045 1286 2076 Romano
1326 2044 1372 2076 cf.
1405 2046 1425 2084 ἓ
1460 2046 1510 2076 14.
1558 2044 1754 2076 Romulum

1015 2091 1133 2121 Accae
1147 2088 1340 2121 Larentiae
1360 2089 1476 2121 filiurn
1501 2100 1583 2121 sese
1608 2088 1754 2121 dedisse

1015 2133 1144 2166 Sabini
1169 2133 1326 2165 Masurii
1354 2134 1478 2166 verbis
1509 2133 1637 2166 retulit
1665 2133 1754 2165 Gel-

1016 2178 1089 2210 lius
1113 2177 1170 2213 vl,
1194 2180 1225 2216 7,
1252 2180 1283 2208 8,

1062 2225 1114 2254 18.
1151 2222 1390 2254 Kalendarum
1416 2220 1674 2264 Ianuariarum]
1697 2221 1754 2254 Cf.

1015 2268 1034 2307 ἓ
1059 2310 1214 2343 convivt'o
1231 2309 1646 2351 dissoluto]„Dissolutus
1658 2304 1755 2341 ἄσω-

1014 2365 1073 2392 τος
1098 2354 1159 2386 hic
1184 2355 1278 2385 est.“
1303 2354 1416 2386 Poivr.

1062 2399 1270 2430 Saturnalia
1295 2396 1578 2439 clamitabantnr]
1599 2396 1753 2438 „Livius

1015 2442 1131 2485 xxll,
1156 2445 1186 2474 1.
1209 2443 1277 2475 sul)
1302 2442 1381 2475 fin.:
1413 2443 1612 2476 Convivium
1636 2441 1752 2484 publi-

1015 2499 1108 2526 cum,
1144 2487 1279 2529 inquit,
1316 2499 1356 2519 ac
1375 2498 1438 2530 per
1461 2487 1575 2518 urbem
1599 2486 1752 2517 Satur-

1013 2533 1138 2564 nalia
1168 2533 1257 2565 diem
1285 2543 1325 2563 ac
1350 2536 1479 2563 noctem
1511 2531 1751 2562 clamatum

1013 2575 1090 2618 [ubi
1119 2576 1152 2608 in
1187 2575 1242 2607 ed.
1267 2575 1449 2607 Drakenb.
1480 2573 1754 2616 interpungitur

1014 2624 1097 2663 post
1131 2619 1332 2662 publicum]
1388 2619 1589 2651 convivium
1623 2623 1654 2650 et
1684 2619 1752 2649 Sa-

1012 2665 1168 2697 turnalia
1193 2664 1344 2695 clamare
1368 2674 1432 2694 seu
1457 2663 1637 2694 clamitare
1660 2661 1750 2693 dici-

1015 2712 1074 2740 tur
1098 2708 1134 2740 in
1159 2707 1420 2750 praeconibus,
1462 2706 1522 2748 qui
1548 2717 1635 2738 voce
1660 2706 1751 2738 satis

1014 2753 1115 2785 clara
1140 2752 1183 2784 ad
1210 2751 1418 2784 convivium
1444 2751 1622 2792 invitant,
1656 2751 1751 2792 quod

1013 2796 1271 2829 Saturnalibus
1306 2796 1401 2828 solet
1435 2795 1628 2827 celebrari.
1689 2794 1751 2827 Sic

1012 2841 1107 2883 apud
1133 2840 1342 2873 Martialem
1370 2840 1418 2882 [1,
1439 2841 1500 2879 49,
1526 2839 1597 2881 30.]
1624 2850 1751 2871 occur-

1012 2886 1061 2918 rit
1090 2884 1244 2917 conviva
1276 2885 1447 2917 clamatus
1477 2884 1513 2915 Ιι.
1546 2895 1575 2916 e.
1616 2882 1750 2916 invita·

1012 2931 1110 2964 tus.“
1126 2929 1238 2962 Zmin.
1257 2947 1298 2952 —
1323 2929 1375 2962 Ad
1401 2927 1656 2962 invitationem
1679 2928 1750 2961 hoc
