1845 3131
196 43 278 86 320
832 38 1107 81 MACROBII

195 156 330 198 ludum
359 151 601 194 saltatorium
631 150 733 190 inter
761 149 943 190 cinaedos
969 151 1141 204 virqines
1166 151 1362 206 puerique
1391 153 1565 207 inqenui.
1627 151 1735 193 Haec

194 227 282 255 cum
314 210 416 250 milii
450 207 655 263 quisquam
689 205 898 254 narrabat,
939 219 1020 246 non
1050 213 1229 260 poteram
1266 209 1440 249 am‘nzum
1479 208 1665 249 inducere
1691 223 1736 248 ea

195 270 334 310 liberos
362 279 451 305 suos
482 263 653 303 homines
677 262 823 302 nobiles
850 262 1009 302 docere:
1051 262 1118 302 sed
1144 276 1229 302 cum
1257 263 1394 304 ductus
1420 279 1505 305 sum
1532 265 1576 304 in
1600 264 1736 304 ludum

195 323 451 368 saltatorimn‚
473 320 566 374 plus
594 319 743 359 medius
761 318 883 372 fidius
911 319 953 357 in
980 332 1021 358 eo
1050 318 1141 358 lado
1172 318 1256 358 vidi
1275 321 1413 373 pueris
1443 321 1737 375 virqinibusque

131 379 526 436 {363]qninquayinla,
574 376 616 415 in
649 375 707 415 ln‘s
739 389 862 414 unztm
889 374 1012 428 (quod
1037 388 1096 414 me
1126 375 1363 429 reipublicae
1391 377 1561 416 maoeime
1584 376 1736 416 miseri-

196 445 275 477 tum
304 438 374 487 est)
405 446 575 487 puerum
602 432 797 479 bullatum,
817 432 992 485 petitoris
1012 430 1140 484 filimn
1168 445 1249 471 non
1278 432 1467 471 minorem
1496 433 1611 471 annis
1639 432 1733 472 cluo-

197 494 334 538 decim,
386 504 472 530 cum
506 488 660 529 crotalis
696 487 839 528 saltare
876 501 992 542 quam
1030 486 1272 527 saltationem
1308 487 1522 542 inpudicus
1560 488 1735 527 servulus

158 546 348 590 Shoneste
372 546 514 587 saltare
542 559 622 584 non
643 551 783 598 posset.
842 542 964 583 Vides
994 542 1332 595 quemadmodum
1367 542 1604 596 ingemuerit
1631 541 1737 583 Afri-

198 619 333 653 canus,
360 601 469 656 quod
500 600 661 641 vidisset
689 613 779 639 eum
810 598 968 639 crotalis
995 598 1202 638 saltantem
1231 598 1355 639 filium
1391 598 1582 653 petitoris²
1612 599 1650 639 id
1680 603 1740 638 est

198 659 417 707 candidati,
464 671 581 711 quem
625 669 673 696 nc
706 661 791 697 tum
824 654 985 709 quidem
1021 668 1109 709 spes
1140 660 1179 695 et
1209 655 1309 695 ratio
1341 654 1583 709 adipiscendi
1616 654 1737 708 magi-

198 723 364 763 stratus,
411 728 491 768 quo
527 718 708 765 tempore
744 726 785 752 se
820 724 997 764 suosque
1030 711 1078 751 ab
1116 711 1224 751 omni
1262 712 1409 765 probro
1446 710 1583 752 debuit
1612 710 1737 751 vindi-

198 787 300 821 care,
327 770 502 826 potuerit
527 781 721 816 coercere,
754 781 834 821 quo
870 767 999 807 minus
1027 766 1171 807 faceret
1200 767 1308 821 quod
1339 767 1489 808 seilicet
1513 772 1630 821 turpe
1660 780 1741 806 non

198 829 430 870 habebatur.
485 826 670 866 Ceterum
705 823 888 877 superius
924 823 1155 877 pleramque
1189 823 1436 864 nobilitatem
1466 823 1563 865 haee
1592 836 1739 877 propu-

161 886 264 928 9dia
299 883 499 925 celebrare
539 885 784 935 conquestus
817 884 886 921 est.
967 878 1032 919 Sic
1065 878 1250 920 nimirum
1293 880 1347 920 M.
1382 879 1482 921 Cato
1518 884 1739 920 senatorem

290 1008 394 1050 [Mss.
422 1005 587 1038 ABGPS.

197 1065 309 1108 probo
335 1063 410 1094 BG.
440 1080 478 1084 —
515 1061 672 1102 quisque
699 1059 797 1100 (sup.
827 1058 902 1098 am)
927 1057 965 1089 Α.
1015 1058 1200 1099 quispiam
1233 1057 1419 1090 desiderat
1443 1057 1625 1100 MeyeruS.
1662 1055 1740 1088 Vid.

200 1114 272 1141 not.
308 1127 345 1130 —
375 1106 543 1139 narrabit
571 1108 666 1145 (sup.
693 1107 732 1140 a)
760 1105 798 1134 A.
835 1120 877 1125 —
910 1102 1039 1134 nobiles
1062 1103 1215 1134 homines
1242 1114 1320 1144 v-g.
1351 1120 1394 1126 —
1434 1102 1628 1145 virginibus
1651 1105 1741 1139 [om.

201 1154 283 1197 quc)
318 1153 389 1183 ΜΞ.
423 1170 465 1175 —
503 1149 761 1192 quinquaginta
795 1147 903 1178 Gala.
956 1147 1169 1190 quingenta
1204 1146 1426 1178 ABvaR.
1473 1147 1684 1189 quingentis
1715 1144 1740 1177 S

199 1197 348 1230 EddP.
385 1197 556 1237 Meycrus
591 1195 613 1224 Ι.
649 1205 677 1223 c.
724 1191 1035 1232 „Salisberiensis
1080 1191 1142 1222 lib.
1182 1191 1275 1223 vul.
1321 1202 1398 1233 cap.
1443 1193 1493 1222 12.
1537 1191 1741 1223 ducentis.“

201 1244 337 1275 Meurs.
362 1260 401 1265 —
425 1251 496 1283 quo
523 1251 573 1270 me
592 1250 667 1278 v-g.
694 1236 897 1277 „Me—lius.⁶⁶
922 1236 1058 1267 Mem-s.
1083 1254 1123 1259 —
1143 1237 1292 1268 maxime
1317 1248 1387 1268 om.
1410 1235 1469 1267 Sv.
1491 1254 1532 1258 —
1553 1237 1742 1267 miseritum

201 1287 348 1320 Amin..
396 1287 575 1317 misertum
604 1281 836 1313 E‹¹‹1.GPSV.
974 1283 1005 1312 8.
1049 1281 1232 1323 ingemuit
1260 1292 1291 1312 v.
1330 1299 1371 1303 -
1411 1280 1628 1323 adipiscendi
1650 1281 1742 1313 ratio

198 1332 348 1375 potuerit
376 1332 438 1371 (x3
462 1331 651 1371 potuerat]
679 1337 828 1358 coercere
853 1325 1084 1368 magistratus
1111 1336 1175 1366 quo
1203 1349 1233 1357 ..
1259 1325 1373 1357 debuit
1398 1326 1595 1356 vindicare:
1620 1336 1685 1366 quo
1709 1335 1742 1356 v.

201 1396 244 1399 —
268 1376 377 1419 probo
401 1375 438 1405 A.
472 1391 503 1396 -
531 1373 654 1414 potuit
681 1371 749 1413 i-g.
785 1389 817 1392 —
849 1374 1032 1411 tempore
1056 1380 1124 1400 noa
1146 1369 1336 1400 habebatur
1360 1371 1413 1400 vl.
1436 1388 1475 1392 --
1506 1370 1670 1401 Ceteram
1696 1368 1741 1400 G.

201 1439 242 1444 —-
280 1421 478 1462 pleramque
509 1416 644 1447 AssGvi
671 1419 709 1452 (a
731 1415 859 1456 pluer.)
884 1414 1027 1444 11M123.
1080 1414 1282 1456 plerunque
1312 1413 1398 1455 ch.
1449 1414 1669 1455 plerumque
1701 1417 1741 1450 (v

198 1463 452 1508 plaer.)s-1›P.
480 1481 515 1485 —
546 1461 628 1492 hacc
648 1471 711 1502 pro
733 1459 944 1502 pudicitia
970 1458 1004 1489 S.
1119 1460 1152 1487 Β.
1178 1461 1208 1489 9.
1244 1462 1446 1499 conquestus
1469 1462 1516 1489 est
1546 1459 1642 1489 Cato.
1683 1458 1741 1489 Sic

201 1510 361 1541 nimirum
388 1508 431 1539 M
459 1511 648 1538 senatorem
668 1507 707 1535 vl
736 1505 799 1544 (v3
822 1504 918 1535 inde
944 1505 1151 1539 senatorem)
1190 1520 1223 1524 —
1266 1502 1314 1533 M.
1338 1507 1526 1534 senatorem
1553 1504 1641 1541 (om.
1671 1502 1740 1534 Ca-

200 1557 253 1592 to)
281 1553 438 1585 BGx'Ma
463 1552 496 1583 in
522 1561 591 1591 mg.
618 1560 638 1580 a
661 1560 733 1580 rec.
760 1559 804 1579 m.
826 1549 909 1580 add.
932 1548 1048 1587 Cato).
1088 1557 1188 1577 men.
1214 1551 1402 1578 senatorem
1430 1546 1485 1577 Mi
1515 1556 1533 1577 a
1557 1558 1588 1588 p.
1616 1557 1661 1577 ιιι.
1706 1547 1742 1578 in

202 1604 392 1630 senatorem
419 1595 566 1632 Meffli
598 1604 617 1625 n
641 1605 712 1624 see.
736 1596 815 1630 m.).
865 1593 943 1632 ‚‚M.
975 1591 1145 1623 Caelium
1173 1591 1255 1632 lego
1283 1601 1325 1621 ex
1352 1590 1498 1633 Agellio
1525 1590 1587 1621 lib.
1610 1590 1637 1621 Ι.
1662 1600 1740 1632 cup.

204 1646 257 1675 15.
289 1647 324 1674 et
346 1641 455 1673 Festo
488 1640 521 1671 in
552 1639 784 1681 spatiatorem
816 1641 850 1669 et
878 1635 1032 1668 Asconio
1060 1635 1104 1666 ad
1133 1634 1382 1667 Milonianam.
1431 1634 1531 1677 Apud
1567 1634 1740 1667 Ioannem

204 1759 305 1790 Haec
338 1759 507 1798 poterunt
539 1753 668 1786 haberi
697 1764 760 1795 pro
796 1752 940 1784 obiecto

204 1802 453 1835 antecedentis
479 1799 578 1831 verbi
607 1803 765 1830 cantare:
801 1798 863 1829 sed
895 1798 937 1829 ad

203 1847 363 1879 Cornelii
406 1845 557 1887 Nepotis
598 1842 861 1885 praefationem
909 1842 940 1874 si

203 1898 425 1935 spectamus,
444 1901 507 1932 pro
526 1888 753 1931 appositione
772 1887 940 1919 habenda

204 1943 298 1976 sunt,
328 1942 366 1968 ut
392 1946 433 1966 ea
458 1946 550 1976 quae
577 1933 795 1965 antecedunt
821 1932 941 1963 onmia

204 1993 224 2014 u
250 1980 451 2013 maioribus
478 1980 608 2020 probro
640 1978 747 2009 ducta
778 1988 858 2008 esse
886 1976 939 2008 vi-

205 2027 370 2058 deantur.

251 2068 447 2112 quisquam]
481 2067 651 2108 Meyerus
683 2065 706 2096 l.
733 2076 761 2095 c.
789 2065 937 2095 adnota-

204 2115 274 2146 vit:
319 2113 422 2153 „Vim
464 2109 688 2152 pronominis
726 2119 793 2139 non
831 2108 941 2139 intel-

206 2159 301 2199 ligo:
345 2156 512 2188 desidero
550 2154 717 2195 equidem
755 2153 938 2194 quispiam.

206 2203 391 2235 Manutius
415 2211 498 2230 vero
520 2200 562 2230 ad
591 2198 665 2228 Cic.
694 2197 756 2238 Ep.
784 2197 827 2228 ad
854 2196 939 2226 fam.

206 2247 350 2286 wlhs.
379 2246 412 2277 in
440 2244 484 2274 M.
510 2243 635 2273 Coelio
662 2242 756 2272 Rufo
778 2240 938 2272 similem

205 2289 431 2334 pronominis
465 2299 566 2319 usum
594 2298 634 2318 eo
663 2296 838 2317 excusare
865 2289 941 2316 stu-

206 2338 284 2375 det7
326 2334 418 2376 quod
452 2338 594 2365 veteres
625 2331 675 2362 itu
711 2330 821 2361 locuti
856 2330 940 2361 sint.

205 2381 284 2413 vid.
311 2381 353 2412 ad
381 2380 449 2411 Cat
489 2388 538 2408 or.
575 2377 618 2407 dc
647 2375 764 2406 Rhod.
794 2386 825 2416 p.
854 2375 939 2405 51.“

204 2445 249 2450 —
295 2426 395 2456 Haec
439 2420 651 2464 pronomina
700 2430 786 2451 sane
832 2429 940 2460 saepe

206 2470 486 2502 confuiulnntnr.
518 2466 581 2498 tid
622 2465 735 2496 llaas.
764 2467 836 2495 not.
863 2466 940 2494 360.

206 2515 249 2547 ad
268 2513 407 2556 Reisig.
433 2513 494 2543 lut.
510 2509 753 2551 Sprachwiss.
788 2509 864 2551 Ego
887 2507 941 2539 in-

206 2560 305 2591 vitus
341 2561 488 2590 secutus
524 2567 602 2587 sum
632 2553 794 2586 codicem
825 2551 940 2584 vesti-

208 2604 281 2647 gin.

251 2650 330 2690 plus
360 2673 388 2679 ..
422 2647 495 2678 vidi
529 2645 646 2687 pueris
682 2642 943 2685 virginibusque

209 2692 480 2735 quinquaginta]
507 2690 623 2731 Quem
654 2687 808 2718 offendit
838 2686 940 2717 abla-

209 2738 305 2769 tivus
331 2747 483 2778 sequens
516 2733 766 2765 accusativum
795 2729 941 2767 obiecti.

208 2782 237 2813 is
265 2782 430 2813 conferat
456 2779 529 2810 Cic.
558 2778 591 2809 in
619 2779 720 2808 Verr.
751 2775 816 2812 ΠΙ,
843 2777 897 2806 48.
920 2775 940 2813 5

210 2828 284 2856 114.
312 2827 350 2856 Si
375 2826 514 2857 ostendo
538 2824 676 2854 minus
701 2820 839 2852 tribus
864 2829 940 2849 me-

208 2870 360 2901 dimnis
382 2870 416 2900 in
439 2870 598 2911 iugerum
620 2866 786 2897 neminem
808 2863 941 2912 dedisse

208 2914 379 2946 decumae.
432 2912 629 2944 Numerum
671 2919 777 2950 quem
818 2917 941 2947 recept

1008 1755 1081 1783 tam
1109 1762 1166 1783 res
1193 1751 1272 1793 ipsu
1297 1751 1526 1783 commendat
1550 1762 1657 1793 quum
1683 1762 1744 1784 co—

1009 1797 1129 1828 dicum
1160 1796 1375 1837 scripturae.

1051 1852 1195 1882 puerum
1223 1839 1404 1883 bullatum]
1432 1839 1487 1872 Cf.
1513 1840 1540 1879 I,
1567 1842 1600 1880 6,
1627 1842 1678 1871 10.

1053 1897 1154 1927 quam
1185 1886 1406 1918 saltationem
1438 1909 1469 1917 ..
1503 1885 1640 1917 honeste
1670 1885 1743 1916 sal-

1008 1933 1082 1961 tare
1111 1942 1177 1961 non
1202 1929 1326 1973 possit]
1353 1929 1488 1961 Eadem
1515 1939 1607 1970 quae
1633 1930 1743 1971 paulo

1008 1984 1117 2015 supra
1141 1974 1203 2006 hic
1229 1973 1346 2006 oritur
1369 1973 1551 2015 quaestio,
1580 1974 1642 2005 sed
1669 1974 1743 2007 atta

1008 2018 1160 2059 ratione,
1179 2019 1320 2059 opinor,
1339 2019 1526 2050 solvenda·
1557 2018 1646 2049 Nam
1668 2030 1741 2050 cum

1007 2063 1147 2093 crotalis
1170 2063 1301 2094 saltare
1327 2073 1394 2093 non
1422 2062 1568 2093 omnino
1593 2063 1743 2094 dedecet

1007 2104 1218 2146 inpudicum
1238 2117 1395 2145 servum„
1411 2107 1473 2137 sed
1494 2107 1742 2138 tantummodo

1007 2151 1144 2181 saltare
1177 2150 1409 2181 saltationem
1439 2150 1678 2192 obscoenam,
1705 2154 1744 2182 ut

1008 2206 1107 2235 quam
1139 2195 1356 2226 saltationem
1394 2194 1530 2225 dietum
1570 2206 1650 2226 esse
1687 2194 1742 2227 vi·—

1009 2239 1138 2269 ‹leatnr
1168 2249 1233 2280 pro
1270 2250 1343 2270 eam
1377 2239 1596 2270 saltationem
1626 2250 1740 2281 quam.

1009 2282 1063 2313 Cf.
1087 2282 1161 2315 Cic.
1189 2283 1290 2314 Brut.
1316 2285 1369 2314 62.
1398 2283 1515 2324 §225
1540 2288 1578 2316 ut
1603 2284 1741 2316 salta-

1008 2328 1067 2359 tio
1098 2328 1267 2370 quaedam
1294 2333 1511 2367 nasceretur,
1551 2328 1619 2359 cui
1654 2328 1743 2359 sal-

1009 2373 1171 2404 tationi
1193 2373 1304 2404 'I'itius
1326 2383 1447 2404 nomen
1468 2377 1563 2404 esset.
1588 2371 1661 2403 Nec
1685 2383 1742 2404 me

1009 2422 1129 2449 movet
1160 2417 1253 2458 quod
1283 2417 1381 2448 infra
1408 2415 1574 2456 sequitu·-
1601 2419 1739 2448 tantum

1009 2462 1099 2503 quod
1134 2462 1274 2493 vidisset
1308 2473 1394 2493 cum
1431 2461 1620 2492 crotalis
1656 2461 1740 2492 sal—

1009 2511 1175 2538 tantem
1190 2506 1308 2547 filium
1331 2505 1498 2546 petitoris.

1053 2553 1085 2581 8.
1134 2561 1199 2592 quo
1229 2554 1377 2592 tempore
1485 2548 1599 2579 debuit
1625 2547 1741 2579 vindi-

1010 2594 1103 2636 care]
1142 2593 1195 2625 Cf.
1235 2593 1310 2625 Cic.
1346 2605 1381 2634 p.
1418 2592 1495 2623 Mil.
1535 2593 1586 2623 16.
1625 2593 1645 2631 ἓ
1682 2593 1738 2622 42.

1016 2640 1098 2671 Cum
1122 2638 1262 2669 honoris
1285 2636 1490 2679 amplissimi
1516 2635 1683 2667 contentio
1710 2640 1741 2667 et

1010 2684 1083 2715 dies
1108 2682 1317 2713 comitiorum
1346 2681 1514 2720 subesset,
1553 2691 1633 2721 quo
1664 2681 1740 2721 qui-—

1009 2728 1084 2758 dem
1109 2731 1299 2766 tempore
1325 2749 1354 2756 ..
1382 2724 1515 2761 omnia,
1549 2735 1615 2754 non
1641 2724 1740 2755 modo

1009 2781 1097 2813 quae
1138 2769 1341 2810 reprehendi
1378 2769 1497 2810 palam
1538 2768 1597 2799 sed
1636 2769 1739 2799 etiam

1008 2825 1096 2856 quac
1118 2813 1255 2845 obscure
1279 2813 1429 2856 cogitari
1449 2816 1609 2854 possunt,
1642 2812 1740 2844 time-

1008 2870 1081 2891 mus
1108 2860 1176 2889 cet.

1050 2903 1248 2946 pleramque
1272 2900 1500 2941 nobilitatem]
1529 2899 1581 2933 Cr.
1603 2899 1738 2933 Salust.
