1845 3131
221 28 303 69 624
858 22 1133 64 MACROBII

156 141 298 183 17tur.
357 137 466 177 Inter
505 134 602 174 haee
635 132 771 173 Horus
811 131 859 171 ad
896 132 1185 173 consulendum
1224 136 1424 174 reversus:
1469 133 1572 182 Scis,
1616 133 1757 186 inquit,

222 193 373 242 Disari,
419 194 574 245 praeter
613 188 719 228 hunc
756 187 941 228 vestitum
984 188 1052 241 qui
1094 201 1156 227 me
1194 188 1292 240 tegit
1334 189 1429 229 nihil
1465 203 1527 230 me
1567 189 1606 229 iu
1649 189 1756 229 omni

222 263 344 291 censu
372 245 479 287 aliud
508 245 671 285 habere:
720 243 828 283 unde
861 257 931 283 nec
965 257 1100 283 servus
1131 242 1226 283 mihi
1259 249 1336 292 est,
1386 258 1457 284 nec
1487 250 1533 285 ut
1568 245 1619 284 sit
1649 251 1758 298 opto,

154 305 313 359 leoejscd
341 315 499 343 omnem
534 314 650 340 usum
678 299 746 353 qui
778 299 865 339 vivo
891 298 1175 338 ministrandus
1205 304 1265 338 est
1296 313 1368 352 ego
1402 300 1581 340 mihimet
1608 301 1757 340 submi-

158 361 358 401 lSnistro.
418 358 554 411 Nuper
584 370 654 409 ego
686 369 774 395 cum
807 355 844 395 in
877 354 1078 395 Hosticnsi
1104 354 1253 408 oppido
1279 368 1476 403 morarer,
1513 356 1755 396 sordidatum

220 416 382 470 pallium
413 427 546 454 meum
577 412 614 451 in
646 411 743 451 mari
768 411 920 451 diutule
946 411 1019 451 lavi
1051 416 1089 450 ct
1117 424 1235 463 super
1266 410 1357 450 litus
1387 411 1470 450 sole
1501 411 1662 458 siccavi,
1701 411 1757 451 ni-

221 472 384 524 hiloque
415 469 544 509 minus
572 467 733 507 eaedem
768 468 805 507 in
842 467 929 520 ipso
969 471 1059 519 post
1086 466 1329 506 ablutionem
1367 466 1544 506 maculae
1580 467 1757 507 sordium

219 528 461 569 visebantur.
533 524 718 576 Cumque
762 537 825 563 me
866 536 927 562 res
972 522 1043 562 ista
1090 521 1378 575 stupefaceret,
1423 521 1618 562 adsistens
1659 521 1760 562 forte

219 588 360 624 nauta:
393 581 504 631 Quin
533 579 678 633 potius,
707 578 772 627 ait,
801 578 840 618 in
871 578 989 618 lluvio
1017 578 1135 618 ablue
1163 577 1324 631 pallium
1355 582 1483 626 tuum,
1512 577 1542 617 si
1568 577 1624 618 vis
1653 591 1759 617 ema-

221 639 409 680 culatum.
470 635 610 682 Parui,
632 640 677 675 ut
708 648 842 674 verum
876 635 1106 687 probarem,
1144 638 1183 673 et
1214 647 1317 687 aqua
1350 633 1454 673 dulci
1487 633 1667 673 ablutum
1701 638 1758 673 at-

222 709 300 749 que
325 694 512 734 siccatum
546 690 624 731 vidi
660 689 858 742 splendori
895 703 967 729 suo
1000 689 1221 729 redditum:
1267 694 1305 728 et
1334 703 1381 729 ex
1412 689 1478 729 illo
1511 703 1669 729 causam
1700 702 1759 728 re-

222 750 361 804 quiro,
388 762 460 789 cur
491 746 615 799 magis
645 745 772 786 dulcis
806 758 925 798 quam
957 745 1057 784 salsa
1089 758 1192 797 aqua
1225 744 1367 784 idonea
1399 744 1449 784 sit
1478 745 1664 785 sordibus
1694 745 1760 784 ab·

159 805 407 850 l9luendis‘?
463 801 726 849 Iamdudum,
752 800 933 840 Disarius
965 799 1111 853 inquit,
1137 800 1232 840 haec
1262 800 1443 853 quaestio
1473 801 1521 840 ab
1545 800 1761 840 Aristotele

222 867 261 901 et
286 858 490 914 proposita
522 863 582 898 est
610 862 649 897 et
683 857 824 897 soluta.
873 856 943 896 Ait
971 856 1074 895 enim
1107 869 1251 908 aquam
1281 855 1471 895 marinam
1507 856 1632 895 multo
1662 855 1759 908 spis-

221 917 367 958 siorem
400 928 486 955 esse
515 927 634 967 quam
665 918 724 953 est
753 912 895 952 dulcis:
944 911 1066 951 immo
1096 911 1200 951 illam
1240 924 1325 951 esse
1356 910 1633 959 faeculentam,
1674 911 1760 951 dul-

222 987 306 1013 cem
335 985 427 1013 vero
452 984 590 1024 puram
621 974 741 1023 atque
770 968 966 1008 subtilem.
1026 967 1129 1007 Hinc
1160 966 1334 1014 facilius,
1369 967 1440 1014 ait,
1477 966 1534 1006 vel
1569 966 1760 1020 inperitos

221 1028 341 1068 nandi
381 1040 489 1067 mare
531 1025 717 1073 sustinet,
764 1038 854 1064 cum
895 1023 1059 1064 fluvialis
1099 1036 1202 1076 aqua
1241 1022 1353 1076 quasi
1393 1022 1543 1062 infirma
1577 1028 1616 1062 ct
1652 1023 1760 1062 nullo

220 1084 450 1124 adiumento
491 1081 585 1121 fulta
623 1095 714 1121 mox
752 1079 868 1119 cedat
907 1084 945 1119 ct
986 1079 1025 1118 in
1063 1078 1186 1118 imum
1222 1078 1396 1132 pondera
1433 1085 1593 1131 accepta
1633 1083 1758 1117 trans-

155 1141 208 1183 20
223 1140 363 1180 mittat.
418 1138 525 1191 Ergo
555 1151 700 1190 aquam
736 1135 891 1176 dulcem
924 1134 1022 1175 (lixit
1049 1134 1161 1188 quasi
1190 1140 1329 1174 natura
1359 1134 1482 1174 levem
1511 1133 1676 1173 celerius
1703 1134 1759 1173 in-

222 1208 400 1248 mergere
430 1193 468 1233 in
500 1206 545 1232 ea
575 1206 677 1246 quae
704 1191 900 1232 abluenda
934 1195 1027 1230 sunt
1055 1196 1110 1238 et,
1152 1190 1246 1230 dum
1278 1190 1463 1237 siccatur,
1512 1203 1645 1229 secum
1678 1202 1760 1229 sor-

222 1251 331 1292 dium
368 1249 542 1290 maculas
574 1248 821 1296 abstrahere,
855 1246 1045 1286 marinam
1079 1259 1170 1285 vero
1201 1245 1313 1299 quasi
1345 1245 1576 1286 crassiorem
1605 1258 1676 1285 nec
1707 1244 1760 1284 sa-

221 1308 293 1348 cile
327 1310 534 1360 penetrare
564 1304 771 1357 purgando
802 1308 963 1356 propter
992 1301 1226 1342 densitatem
1259 1301 1319 1341 sui
1347 1307 1397 1349 et,
1429 1301 1521 1340 dum
1550 1301 1612 1341 vix
1640 1300 1759 1340 sicca-

154 1364 298 1411 21tur,
327 1376 407 1402 non
438 1361 606 1400 multum
637 1359 815 1399 sordium
846 1371 979 1398 secum
1012 1357 1179 1397 trahere.
1229 1356 1413 1409 Cumque
1438 1357 1572 1397 Horus
1604 1355 1664 1395 his
1692 1356 1759 1396 ad-

221 1417 368 1459 sentire
400 1416 617 1464 videretur,
647 1413 883 1455 Eustathius
915 1413 991 1453 ait:
1035 1413 1092 1455 Ne
1121 1411 1314 1466 decipias,
1346 1425 1517 1466 quaeso,
1554 1412 1759 1453 credulum

311 1528 416 1570 [Mss.
442 1527 578 1559 Arsu.

221 1584 293 1625 (hg
323 1584 357 1614 in
385 1583 477 1624 mg.)
503 1582 681 1613 PHM3H.

221 1628 347 1660 censui
372 1627 442 1658 Ma.
490 1627 561 1658 mei
589 1626 769 1657 nominis
800 1636 899 1655 censu
924 1624 1130 1655 Sv1-2i3112.

221 1684 241 1704 a
265 1672 433 1703 nominis
459 1682 558 1702 censu
586 1681 627 1701 ca
653 1673 696 1711 (g
724 1670 756 1700 iu
782 1673 884 1710 ing.)
1004 1671 1054 1698 18.
1083 1667 1228 1698 ostiensi
1247 1666 1307 1697 ΛΗ
1356 1666 1450 1697 hosti
1472 1666 1512 1697 Ρ.
1534 1685 1578 1689 -
1603 1667 1637 1697 in
1663 1677 1762 1697 mare

221 1716 406 1752 Sviuizss.
428 1733 464 1738 -—
491 1716 627 1747 diutile
652 1715 675 1745 A
704 1725 722 1745 a
750 1726 780 1756 p.
809 1725 873 1752 ιιι-ς
901 1711 1153 1753 Sssv-gffilm
1179 1729 1223 1734 --
1245 1722 1303 1741 cur
1331 1711 1446 1753 magis
1467 1710 1576 1741 dulcis
1599 1710 1683 1751 θῖνα]
1707 1710 1761 1741 (tf.

222 1761 317 1791 Plut.
346 1760 502 1801 Syinpos
549 1760 584 1796 1,
609 1762 649 1796 9,
673 1761 694 1788 2
720 1770 772 1799 sq.
820 1776 862 1781 —
905 1769 995 1798 aqua
1028 1767 1098 1786 «vin.
1132 1756 1170 1786 A.
1315 1757 1360 1784 19.
1405 1755 1447 1784 ab
1476 1754 1670 1795 Aristotele]
1707 1753 1762 1785 Cf.

732 1591 885 1612 severus
917 1579 1127 1619 ASv-gfum
1179 1596 1219 1601 —
1258 1578 1309 1609 sis
1344 1580 1399 1608 vl.
1436 1595 1481 1601 —
1516 1577 1588 1609 mei
1618 1577 1763 1609 nomini

1178 1633 1260 1653 mea
1292 1622 1439 1652 nominis
1471 1633 1571 1653 censu
1598 1626 1652 1652 ΨΒ.
1703 1633 1763 1652 mc

222 1805 345 1836 Probl.
370 1807 425 1839 23,
449 1805 492 1842 ἐξ
515 1807 548 1841 8,
580 1806 628 1841 13,
655 1805 709 1839 39,
733 1804 785 1833 40.
814 1821 853 1824 —
879 1808 909 1834 ct
933 1802 1110 1843 proposita
1137 1804 1165 1830 et
1194 1800 1305 1829 solula
1326 1803 1371 1830 cst
1396 1809 1472 1839 v-g.
1504 1815 1548 1820 -—
1570 1800 1761 1840 spissiorem

221 1854 311 1886 (oni.
342 1853 429 1885 csse)
451 1848 532 1888 li-g.
562 1865 597 1870 -
627 1848 769 1878 sustinet
794 1857 888 1878 mare
915 1857 992 1887 x-g.
1016 1862 1056 1867 -
1085 1845 1238 1875 iumento
1265 1854 1295 1873 v.
1433 1845 1487 1872 ’20-
1533 1843 1629 1885 Ergo
1654 1853 1761 1884 quam

223 1894 267 1924 u.
301 1911 339 1915 —
367 1893 421 1924 sui
446 1892 647 1924 densitatem
672 1902 749 1934 v-g.
888 1893 941 1921 21.
978 1890 1026 1921 iis
1052 1899 1126 1930 x-g.
1165 1905 1204 1910 --
1241 1887 1410 1918 assentiri
1441 1886 1570 1918 s-bl’S.
1707 1888 1760 1917 23.

269 1994 320 2022 17.
369 1993 402 2022 ἰη
437 1993 528 2023 omni
564 1991 678 2032 ceum]
724 1984 878 2028 (licitur,
924 1991 961 2020 ut
1078 1989 1125 2017 19.
1179 1986 1397 2027 Iamdudum]
1437 1985 1571 2017 rectius
1609 1995 1762 2027 usurpa-

222 2047 332 2077 suepe
358 2036 392 2067 ἰιι
417 2038 508 2068 omni
532 2047 668 2079 genere.
1031 2036 1088 2062 tur
1115 2030 1209 2061 infru
1230 2030 1246 2070 ᾗ
1270 2034 1326 2061 26.
1354 2036 1388 2061 et
1414 2041 1442 2060 c.
1473 2033 1521 2067 12,
1548 2029 1563 2070 §
1587 2031 1639 2060 24.

267 2091 395 2111 omnem
429 2092 526 2112 usum
557 2080 615 2122 qni
647 2080 724 2110 vivo
757 2078 958 2109 ministran-
1072 2078 1125 2105 ⁶20.
1169 2073 1282 2115 quasi]
1308 2074 1383 2103 rid.
1407 2078 1478 2104 not.
1503 2074 1546 2104 ad
1573 2085 1590 2103 c
1624 2074 1693 2111 ἃς
1712 2075 1760 2103 12.

1071 2117 1273 2159 purgando]
1330 2117 1406 2147 Hoc
1456 2117 1533 2147 loco
1578 2116 1761 2147 ablativus

1029 2161 1197 2201 gerundii
1236 2172 1302 2191 nou
1333 2166 1403 2191 tam
1437 2160 1577 2201 positus
1610 2165 1664 2191 est
1696 2171 1760 2201 pro

1030 2205 1221 2246 participio
1253 2205 1456 2245 praesentis
1492 2205 1557 2242 (cf.
1592 2204 1760 2245 prulegg.

223 2124 287 2155 dus
311 2124 373 2164 est]
406 2124 553 2155 Poterat
587 2123 676 2154 dici:
713 2122 880 2164 quidquid
914 2120 960 2150 ml

222 2169 316 2199 vilae
337 2179 431 2199 usum
452 2169 679 2199 necessarium
703 2171 763 2203 cot,
779 2166 839 2195 scd
865 2164 960 2194 conf.

224 2211 299 2242 Cic.
328 2212 423 2242 Yerr.
453 2213 517 2249 lv,
544 2216 581 2250 5,
605 2214 637 2242 9.
670 2211 791 2241 Usum
815 2209 957 2251 provin-

223 2257 298 2287 ciae
327 2256 499 2297 supplere.

274 2302 324 2330 18.
374 2301 408 2330 in
439 2299 614 2331 lloseiensi
641 2297 781 2339 oppido]
815 2296 875 2327 Sic
910 2294 960 2325 (li-

224 2342 320 2375 citur
352 2345 429 2374 urbs
467 2345 623 2375 Romana
655 2342 749 2383 apud
785 2340 861 2371 Liv.
889 2339 964 2376 vll,

228 2391 286 2427 18,
334 2389 361 2417 1.
400 2387 447 2418 al.
510 2388 588 2418 Huc
628 2385 800 2428 oppidum
841 2384 964 2415 Hostia

224 2431 435 2463 nominatur
460 2431 486 2470 l,
509 2434 560 2469 ll,
584 2433 639 2462 21.
667 2436 701 2461 et
729 2430 779 2460 Ill
796 2453 804 2466 ,
827 2431 879 2465 16ἦ
903 2431 963 2458 10:

1025 2262 1055 2290 p.
1082 2260 1138 2280 Χι.
1165 2249 1296 2287 mech),
1342 2260 1448 2290 (μιειιη
1485 2252 1564 2279 erat
1595 2248 1760 2279 addenda

1024 2293 1246 2334 praepositio
1283 2293 1316 2323 in
1351 2293 1408 2323 vel
1443 2292 1563 2334 potius
1598 2292 1761 2323 scriben-

1024 2338 1107 2369 (lunt
1136 2338 1181 2368 ad
1204 2337 1442 2379 purgandum.

1066 2387 1204 2423 propter
1229 2382 1430 2413 densitatem
1463 2379 1530 2421 sui]
1571 2378 1624 2410 Cf.
1653 2391 1670 2410 c
1709 2381 1760 2419 12,

1023 2428 1065 2466 ξς
1089 2428 1143 2456 27.
1169 2431 1204 2456 ct
1230 2428 1283 2455 30.

223 2477 461 2517 quamobrem
496 2476 607 2507 ctiam
648 2475 717 2506 hoc
753 2474 832 2505 loco
870 2472 964 2503 hauc

225 2520 446 2561 scripturam
474 2519 619 2551 retinui.

270 2564 415 2606 ‹liutule]
447 2563 500 2596 Cf.
529 2574 640 2605 supra
667 2575 696 2594 c.
730 2564 785 2600 11,
813 2562 831 2600 §
857 2561 889 2590 3.
924 2562 959 2589 et

226 2619 255 2639 c.
284 2611 334 2645 12,
363 2611 381 2648 ς·
413 2611 461 2640 ιι,

268 2653 303 2683 in
333 2654 419 2695 ipso]
447 2653 468 2684 i.
497 2663 526 2683 e.
554 2651 587 2682 in
612 2661 664 2681 en.

271 2697 443 2737 splendori
474 2706 534 2728 suo
568 2693 753 2734 redditum]
789 2691 850 2724 Sic
883 2690 958 2722 vdi-

226 2742 322 2771 tores
363 2741 508 2781 quidam
544 2738 769 2770 Mat-rubium
808 2747 872 2767 suo
906 2735 959 2766 ni-

227 2784 294 2814 tori
321 2796 341 2815 a
367 2796 405 2815 se
426 2785 595 2815 dixerunt
621 2793 702 2813 esse
737 2781 956 2812 restitutum·

227 2826 279 2857 (Jl'.
306 2830 472 2868 prolegg.
499 2840 530 2869 p.
551 2838 682 2858 mxxxix
707 2837 758 2866 sq.

271 2884 309 2901 <nr
337 2874 409 2912 illo}
440 2873 532 2903 idom
560 2872 657 2902 valet
683 2875 790 2910 atque
817 2869 901 2899 idco.

1068 2475 1116 2507 et,
1148 2470 1228 2500 dum
1253 2469 1310 2500 vix
1336 2468 1499 2505 siccatur,
1524 2478 1590 2498 non
1615 2467 1760 2498 multum

1026 2514 1176 2545 sordium
1215 2524 1326 2544 secum
1363 2509 1508 2551 trahere]
1557 2511 1657 2541 Haec
1692 2522 1760 2542 non

1027 2563 1126 2589 recte
1159 2558 1398 2588 adnectuntur
1432 2553 1552 2585 verbis
1583 2554 1760 2586 Aristote-

1030 2602 1086 2633 lis.
1134 2601 1356 2632 Plutarchus
1380 2600 1470 2630 haec
1493 2598 1604 2629 habet
1627 2599 1661 2629 in
1689 2599 1760 2630 sine

1028 2645 1160 2687 cupitis
1186 2648 1233 2684 3.‚
1253 2648 1304 2686 (p.
1331 2647 1407 2675 627.
1433 2643 1506 2679 DJ,
1532 2643 1593 2673 sed
1619 2642 1760 2674 Aristo—

1028 2691 1109 2722 telis
1135 2689 1352 2720 sententiam
1375 2688 1512 2728 profert
1537 2696 1615 2727 cap.
1639 2689 1671 2717 2.
1692 2687 1758 2723 (ib.

1027 2735 1064 2765 A.
1102 2734 1170 2769 B.)
1232 2732 1358 2763 Verbis
1397 2732 1474 2761 dum
1516 2731 1572 2761 vix
1612 2732 1760 2763 siccatur

1027 2777 1192 2809 redditur
1207 2776 1385 2806 Graecum
1411 2771 1656 2814 δυσξήραντόν
1677 2771 1758 2805 ἐστι.

1028 2823 1078 2852 Dc
1118 2820 1313 2850 indicatixo
1349 2818 1454 2850 modo
1493 2818 1561 2849 vid.
1602 2823 1672 2850 not.
1714 2819 1758 2850 ad

1027 2866 1082 2903 vl,
1115 2867 1140 2902 ι,
1163 2867 1193 2894 2.
