1845 3131
203 37 286 77 620
827 35 1103 78 MACROBII

201 147 302 187 ultra
345 151 475 186 cetera
514 149 649 198 aptum
695 144 769 184 sibi
806 150 971 197 quaerat
1007 145 1261 194 alimentum,
1309 148 1479 188 calorem
1519 148 1628 197 (lico,
1668 149 1736 201 qui

162 202 396 256 3liquorem
430 200 502 240 sibi
534 200 653 253 exigit
680 199 907 240 ministrari.
968 200 1085 241 Certe
1116 200 1164 240 de
1193 201 1287 255 ipsis
1311 208 1502 255 quattuor
1532 204 1736 244 elementis

200 259 443 298 extrinsecus
474 256 654 296 videmus
689 269 759 295 nee
795 269 937 309 aquam
972 270 1045 296 nec
1077 270 1206 296 aerem
1245 270 1375 310 neque
1409 264 1552 299 terram
1585 259 1735 313 aliquid

200 328 280 366 quo
311 313 438 352 alatur
468 317 537 351 aut
580 311 687 365 quod
723 317 932 351 consumat
957 313 1131 365 exigere,
1163 312 1392 366 nullamque
1422 328 1563 355 noxam
1598 315 1734 355 ricinis

133 369 282 425 1259pcl
312 367 502 421 adpositis
529 368 603 407 sibi
630 367 748 407 relius
774 367 933 407 inferre:
994 368 1102 408 solus
1136 368 1235 420 ignis
1260 368 1435 408 alimenti
1462 371 1642 423 perpetui
1667 371 1733 410 de-

160 424 344 467 4sidcri0
376 424 568 477 quicquid
600 423 763 463 offendit
799 424 984 464 absumit.
1049 423 1204 477 Inspice
1241 429 1280 464 et
1311 425 1461 478 primae
1498 426 1638 466 aetatis
1677 426 1734 466 in-

200 481 381 528 fantiam,
429 486 623 533 quantum
660 480 790 519 cibum
823 480 945 519 nimio
974 480 1104 519 calore
1133 480 1332 520 conficiat:
1381 486 1421 520 et
1455 487 1590 521 contra
1622 495 1734 522 senes

200 537 328 589 cogita
364 536 476 576 sat-ile
509 535 678 575 tolerare
707 535 918 583 ieiunium,
958 535 1071 588 quasi
1106 536 1281 575 extincto
1313 536 1351 575 in
1382 536 1476 589 ipsis
1506 537 1636 577 calore
1667 537 1734 589 qui

199 591 451 632 nutrimentis
479 591 647 631 recreari
682 591 792 631 solet.
853 591 929 631 Sed
963 597 1001 631 ct
1029 591 1156 631 media
1185 598 1306 639 aetas,
1337 591 1368 631 si
1395 592 1520 632 multo
1546 592 1735 633 exercitio

199 648 429 688 excitaverit
477 647 550 687 sibi
604 647 823 686 naturalem
874 647 1066 695 calorem,
1121 647 1339 688 animosius
1390 647 1522 687 cibum
1573 648 1734 701 adpetit.

199 704 508 745 Consideremus
537 708 576 742 et
606 702 791 741 animalia
823 702 1014 755 sanguine
1049 703 1240 751 carentia,
1283 716 1385 756 quae
1413 703 1565 744 nullum
1600 704 1734 744 cibum

158 761 393 813 5quaerant
430 758 593 811 penuria
626 758 779 797 caloris.
833 758 941 810 Ergo
974 758 1005 797 si
1036 758 1144 797 calor
1176 772 1332 812 semper
1370 764 1429 798 est
1468 759 1506 799 in
1544 760 1732 813 adpeten-

198 816 268 863 tia,
302 816 434 868 liquor
465 819 597 853 autem
629 813 832 867 proprium
863 813 1003 853 caloris
1030 813 1261 853 alimentum
1294 820 1369 862 est,
1408 814 1508 854 bene
1536 814 1574 854 in
1605 815 1733 862 nobis,

198 884 287 910 cum
334 884 380 910 ex
423 869 569 909 ieiunio
599 868 757 923 corpori
792 869 1033 909 nutrimenta
1070 874 1337 922 quaeruntur,
1380 870 1590 923 praecipue
1627 870 1735 910 calor

196 940 313 966 suum
347 925 540 979 postulat,
586 938 666 978 quo
704 930 867 978 accepto
899 938 1044 978 eorpus
1075 939 1193 964 omne
1223 930 1425 965 recreatur
1453 930 1492 965 et
1521 925 1733 979 patientius

159 983 183 1022 e
197 988 378 1035 expectat
407 981 539 1021 cibum
570 980 811 1021 solidiorem.
869 981 940 1020 His
979 980 1094 1020 dictis
1123 980 1285 1020 anulum
1317 980 1493 1020 Avienus
1519 981 1567 1021 de
1597 994 1733 1021 mensa

197 1038 348 1077 rettulit
379 1037 446 1090 qui
480 1037 533 1076 illi
564 1036 611 1076 de
639 1036 872 1076 brevissimo
905 1036 1089 1076 dexterae
1120 1050 1259 1076 manus
1288 1036 1410 1088 digito
1436 1042 1596 1089 repente
1627 1036 1731 1076 deei-

197 1094 325 1133 derat:
359 1106 534 1145 cumque
565 1105 585 1131 a
621 1092 895 1145 praesentibus
927 1097 1206 1144 quaereretur,
1250 1105 1322 1132 cur
1354 1105 1443 1132 eum
1474 1092 1624 1132 alienae
1650 1106 1732 1131 ma-

196 1149 265 1189 nui
301 1155 339 1188 et
377 1148 521 1200 digito,
567 1153 606 1188 ct
636 1161 715 1187 non
752 1147 843 1187 huie
880 1147 1087 1200 gestamini
1121 1147 1321 1200 deputatis
1357 1148 1490 1201 potius
1531 1148 1733 1195 insereret,

160 1204 372 1245 Iostendit
403 1217 564 1244 manum
601 1203 749 1243 laevam
781 1217 827 1243 ex
857 1204 1018 1244 vulnere
1046 1202 1313 1243 tumidiorem.
1369 1203 1471 1243 Hine
1503 1204 1614 1244 Horo
1640 1209 1731 1243 nata

197 1260 442 1314 quaestionis
473 1259 643 1307 occasio,
675 1264 733 1298 et:
765 1259 852 1306 Dic,
885 1258 1025 1312 inquit,
1051 1258 1184 1298 Disari
1212 1258 1354 1311 (omnis
1383 1258 1486 1298 enim
1518 1259 1616 1299 situs
1644 1272 1729 1298 cor-

196 1317 303 1369 poris
344 1315 513 1369 pertinet
551 1315 598 1355 ad
640 1315 781 1355 medici
816 1315 1042 1362 notionem,
1087 1319 1130 1353 tu
1165 1327 1257 1355 vero
1299 1314 1518 1354 doctrinam
1556 1320 1595 1355 et
1628 1314 1732 1354 ultra

196 1385 315 1425 quam
354 1370 546 1411 medicina
587 1370 762 1423 postulat
795 1375 1032 1410 consecutus
1072 1370 1144 1422 es),
1189 1370 1268 1416 die,
1313 1369 1495 1422 inquam,
1545 1383 1617 1409 cur
1657 1370 1731 1409 sibi

196 1427 419 1467 communis
461 1426 652 1466 adsensus
693 1426 855 1465 anulum
899 1425 937 1465 in
981 1424 1104 1478 digito
1150 1425 1217 1478 qui
1263 1424 1427 1465 minimo
1467 1424 1619 1466 vicinus
1659 1430 1730 1474 est,

198 1496 316 1539 quem
352 1482 471 1524 etiam
507 1481 781 1524 medicinalem
811 1486 975 1532 vocant,
1015 1486 1055 1522 et
1085 1494 1204 1522 manu
1235 1480 1447 1536 praecipue
1480 1480 1636 1522 sinistra
1665 1495 1730 1536 ge-

284 1612 386 1654 lssss.
415 1611 551 1643 APSH.

195 1666 335 1709 v-ng.
428 1670 460 1698 3.
494 1677 561 1697 nec
591 1670 716 1697 terram
730 1664 765 1697 S.
781 1683 825 1689 -—-
849 1665 980 1707 aliquit
1005 1665 1043 1696 Α.
1093 1663 1250 1706 aliquod
1269 1662 1332 1705 hg.
1353 1680 1398 1686 -
1418 1663 1579 1694 assumit
1601 1663 1640 1695 A.

193 1712 224 1742 4.
265 1711 374 1750 facile
398 1711 517 1752 cogita
547 1709 584 1741 P.
613 1726 651 1732 —
685 1711 832 1741 extincto
860 1711 980 1751 ignis
1008 1709 1120 1740 calore
1148 1708 1185 1739 P.
1218 1725 1258 1730 -—
1291 1707 1438 1738 calorem
1464 1718 1533 1738 om.
1552 1707 1597 1738 H.

193 1758 224 1785 5.
267 1765 399 1796 semper
423 1756 457 1785 in
484 1754 683 1795 appetentia
712 1759 760 1785 est
787 1753 824 1785 S.
873 1755 907 1785 in
940 1754 1140 1795 appetentia
1167 1763 1297 1793 semper
1322 1756 1370 1783 est
1395 1762 1473 1794 v-g.
1495 1769 1536 1773 —
1562 1753 1730 1783 cibatum

194 1799 231 1830 P.
368 1801 399 1830 6.
439 1799 587 1829 Auienus
608 1798 750 1829 anulum
771 1797 895 1840 ASv-g
918 1801 995 1837 (ag.
1016 1801 1126 1833 anu).
1148 1814 1189 1818 —
1214 1797 1336 1827 ‹leaetrc
1355 1794 1390 1827 S.
1409 1813 1452 1818 —
1475 1795 1594 1827 aliena
1617 1807 1731 1827 manu

195 1842 296 1873 AStl.
434 1846 466 1872 ⁷.
512 1853 570 1873 cur
595 1867 623 1873 ..
655 1843 797 1873 anulum
825 1843 858 1872 in
887 1843 999 1883 digito
1027 1842 1110 1883 cet.]
1136 1840 1189 1871 Cf.
1215 1840 1312 1870 Gell.
1334 1838 1374 1870 N.
1400 1840 1439 1870 Λ.
1466 1838 1507 1875 Χ,
1535 1842 1585 1870 10.
1613 1845 1648 1871 et
1672 1851 1731 1872 ar-

193 1890 407 1928 gumentum
423 1885 797 1928 PlutarchiSynipos.
825 1886 886 1918 tib.
912 1886 968 1917 lV.
988 1884 1214 1927 quaestionis
1235 1886 1280 1923 8.,
1303 1894 1396 1925 quae
1422 1883 1664 1915 desideratur.
1695 1902 1728 1907 -

193 2004 252 2031 tur
283 2000 375 2041 apud
406 1999 640 2031 Plutarchum
674 2011 694 2040 p
732 2003 810 2031 686.
836 2000 875 2031 F.
906 1995 928 2041 ἢ

191 2040 304 2083 μόνον
332 2038 351 2083 ἢ
373 2039 536 2083 μάλιστα.
575 2043 623 2074 Ut
647 2054 740 2074 nunc
768 2049 832 2083 est,
857 2045 928 2075 hoc

193 2092 224 2119 et
253 2086 397 2118 videtur
424 2087 518 2118 idem
546 2088 671 2118 valere
698 2098 739 2118 ac
765 2089 837 2129 vel,
872 2100 927 2120 so-

192 2141 272 2173 gar.
321 2130 374 2161 Cf.
400 2132 419 2169 ἕ
445 2134 475 2161 7.
503 2136 540 2162 et
568 2132 673 2162 ultra.

237 2179 298 2205 aut
323 2175 471 2205 maxime
494 2175 588 2206 ultra
614 2173 736 2215 cetera]
764 2173 786 2204 i.
813 2184 842 2205 e.
868 2175 929 2205 vel

193 2223 292 2248 certe
317 2217 436 2257 magis
464 2228 570 2257 quain
595 2222 729 2248 cetera.

237 2261 295 2302 qui
321 2261 485 2301 liquorem
510 2262 573 2292 sibi
594 2262 704 2302 erigit
726 2260 927 2302 ministrari]

194 2304 272 2335 Hac
303 2304 411 2335 huius
436 2304 536 2335 verbi
570 2304 840 2335 constructione
865 2304 929 2335 UI-

191 2348 323 2389 pianus
348 2352 384 2378 et
410 2348 546 2379 Paulus
571 2348 626 2379 usi
655 2352 738 2378 siniit
759 2347 792 2379 in
818 2347 931 2390 Dige-

193 2391 261 2423 stis
288 2391 413 2430 XXIV,
436 2394 469 2431 3,
494 2395 526 2423 2.
553 2396 588 2422 et
614 2391 743 2429 XXIX,
769 2395 801 2429 7,
830 2395 852 2422 8

238 2437 270 2466 4.
318 2437 452 2477 primae
480 2437 607 2467 aetatis
638 2436 840 2477 infantiam]
875 2439 931 2466 est

193 2479 439 2529 pleonasmus.
472 2479 694 2511 Plutarchus
717 2478 864 2511 brevius
886 2478 931 2510 τὰ

194 2533 269 2555 νεα.

237 2568 267 2596 5.
317 2577 356 2597 ex
379 2566 519 2608 ieiunio]
541 2567 789 2598 condicionem
810 2567 927 2606 signi-

190 2608 276 2640 ficat
302 2621 371 2650 qua
395 2611 608 2642 studeamus
637 2611 799 2642 liberari.
838 2611 927 2642 Plu-

192 2653 341 2684 tarchus
369 2665 400 2694 p.
423 2657 500 2686 687.
519 2655 557 2686 Α.
582 2655 711 2686 habet:
727 2650 842 2686 ‘'Orav
865 2666 925 2696 νη-

192 2693 401 2737 σπεύσωμεν.

234 2742 264 2769 6.
314 2739 461 2781 repente]
487 2739 511 2770 i.
537 2750 566 2770 e.
592 2751 633 2771 cx
658 2739 868 2781 improviso.

236 2783 385 2824 alienae]
434 2783 591 2825 pertinet
639 2784 748 2816 etiarn
795 2785 841 2816 ad
887 2784 923 2816 id

191 2826 283 2866 quod
308 2827 487 2867 sequitur,
514 2828 638 2869 digito.

235 2868 312 2901 huic
336 2871 524 2913 gestamini
548 2872 736 2914 deputatis]
763 2871 816 2903 CI.
844 2883 873 2904 c.
891 2874 924 2911 6,

996 2000 1016 2038 ἓ
1041 2001 1090 2029 18.
1130 1997 1225 2029 Ptin.
1250 1996 1293 2028 N.
1321 1998 1364 2028 II.
1390 1996 1558 2036 XXXIII,
1589 2000 1616 2029 I.
1643 2009 1671 2029 s.
1697 2001 1730 2030 8.

996 2044 1015 2082 ἓ
1046 2045 1077 2072 8.
1114 2042 1362 2082 [iaculumque
1393 2041 1447 2079 id,
1480 2053 1547 2072 uon
1580 2047 1730 2083 gesta-

995 2097 1105 2124 men,
1142 2085 1294 2125 intelligi
1325 2085 1450 2122 voluit,
1488 2088 1523 2115 et
1553 2084 1729 2124 XXXVII,

995 2133 1027 2160 8.
1053 2140 1080 2159 s.
1106 2131 1159 2158 33.
1187 2129 1202 2168 ξ
1233 2130 1306 2158 111.
1334 2127 1405 2158 Hoc
1430 2131 1478 2157 est
1502 2132 1729 2169 gestamen

996 2174 1030 2204 in
1060 2172 1186 2203 ceruice
1209 2183 1249 2202 ac
1274 2171 1397 2212 digitis
1418 2170 1669 2212 gratissimum.

1041 2219 1072 2247 7.
1120 2216 1228 2246 omnis
1266 2215 1352 2245 situs
1394 2212 1544 2253 c‘orporis
1582 2215 1730 2255 pertinet

996 2260 1043 2291 ad
1076 2259 1199 2290 medici
1228 2257 1412 2298 notionem]
1447 2257 1620 2288 Fortasse
1655 2259 1730 2290 Ma-

996 2303 1142 2334 crobius
1170 2301 1331 2344 respexit
1361 2301 1404 2331 ad
1432 2301 1617 2333 Ciceronis
1641 2302 1731 2334 Aca-

998 2348 1091 2378 dem.
1120 2357 1169 2387 pr.
1194 2346 1241 2384 11,
1266 2348 1325 2384 39,
1352 2347 1415 2375 122
1436 2356 1443 2375 ε
1490 2346 1641 2387 Corpora
1666 2358 1729 2378 no-

997 2396 1069 2423 stra
1105 2402 1172 2421 non
1211 2390 1386 2421 nouimus:
1427 2389 1485 2430 qut
1517 2390 1586 2421 sint
1621 2390 1731 2422 situs

995 2434 1166 2477 partium,
1206 2444 1309 2475 quam
1347 2432 1416 2464 vim
1458 2444 1612 2474 quaeque
1645 2444 1731 2474 pars

998 2479 1141 2517 habeat,
1173 2479 1397 2519 ignoramus:
1428 2476 1545 2518 itaque
1573 2477 1731 2509 medici

997 2522 1081 2564 ipsi,
1107 2531 1282 2563 quorum
1316 2520 1536 2551 intererat
1561 2530 1607 2551 ea
1632 2531 1728 2552 nos-

995 2577 1053 2604 se,
1079 2569 1287 2607 aperuerunt
1312 2569 1349 2595 ut
1373 2564 1538 2594 viderent.

1039 2610 1134 2640 ultra
1167 2607 1283 2650 quam]
1308 2606 1362 2638 cf.
1390 2617 1420 2636 c.
1448 2608 1481 2645 4,
1503 2608 1524 2646 ς
1548 2607 1603 2636 31.

1037 2653 1223 2684 communis
1250 2651 1416 2682 adsensus
1537 2651 1728 2693 persuasit]

990 2696 1070 2728 vid.
1094 2697 1259 2737 prolegg.
1285 2706 1317 2735 p.
1342 2702 1430 2724 xur.

1038 2751 1133 2780 quem
1172 2740 1274 2770 etiam
1313 2735 1548 2767 medicinalem
1588 2737 1726 2778 vocant]

992 2784 1051 2813 vel
1076 2783 1255 2813 medicum.
1304 2778 1381 2810 Vid.
1408 2783 1480 2810 not.
1507 2790 1582 2819 seq.
1615 2784 1650 2810 et
1682 2781 1727 2811 cI'.

992 2829 1088 2857 unct.
1114 2825 1157 2856 ad
1184 2824 1341 2854 Ilercnn.
1373 2822 1445 2859 111,
1466 2826 1528 2861 20,
1554 2825 1607 2854 33.
1642 2824 1725 2856 Me-

994 2870 1089 2902 ‹lico
1131 2868 1304 2902 testiculos
1342 2866 1506 2900 arietinos
1545 2871 1724 2907 tenentem,
