1844 3168
405 51 882 95 SATURNALIORUM
919 51 1019 94 LlB.
1051 53 1079 93 1.
1123 52 1242 94 CAP.
1275 54 1364 95 VII.
1596 59 1646 99 51

109 163 231 204 sacris
259 163 432 204 enarrari
465 163 725 218 permittitur:
767 163 836 204 sed
868 163 899 205 si
931 164 1021 218 quis
1053 164 1138 205 illas
1166 164 1421 219 adsequitur,
1450 167 1654 209 continere

109 219 211 260 intra
241 219 523 260 conscientiam
554 225 676 261 tectas
704 220 873 260 iubetur,
933 221 1043 262 [nde
1074 235 1177 275 quae
1213 221 1302 262 seiri
1340 222 1395 263 sas
1426 228 1486 263 est
1516 224 1651 265 llorus

108 281 245 317 noster
281 275 414 317 licebit
444 290 599 318 meeum
638 283 909 328 recognoscat.
983 277 1197 327 Regionem
1233 278 1366 327 istam,
1415 293 1517 333 (piae
1547 282 1718 322 num-19

108 337 274 373 vocatur
299 333 432 382 ltalia,
463 347 585 385 regno
618 334 738 373 lanus
770 333 956 387 optinuit,
990 334 1076 387 qui,
1107 339 1149 374 ut
1175 334 1355 387 Hyginus
1385 336 1648 378 l’rotarebum

108 388 348 429 Trallianum
392 396 554 430 secutus
598 390 734 437 trudit,
782 404 872 430 eum
908 391 1074 429 (lanu-se
1110 403 1237 443 aeque
1276 391 1457 440 indigena
1505 399 1648 434 terram

107 443 210 485 hane
239 445 292 485 itu
325 445 555 500 participatu
585 447 760 500 potentia
793 446 1066 500 possidebant,
1098 452 1143 486 ut
1174 446 1282 497 regio
1313 448 1549 497 Carnesene,
1580 465 1650 504 op—

108 501 244 555 pidum
291 501 515 543 lanieulum
564 503 815 543 vocitaretur.
893 503 991 542 Post
1035 502 1082 541 ad
1123 503 1264 542 lanum
1310 503 1438 543 solum
1483 507 1718 559 regnuuiQO

107 557 314 598 redactum
343 564 420 607 est,
464 559 531 613 qui
568 559 744 599 ereditur
774 558 971 611 geminam
1004 558 1141 598 faeiem
1178 559 1429 612 praetulisse,
1470 566 1514 600 ut
1550 575 1652 615 quae

106 618 200 654 ante
230 627 414 669 quaeque
445 621 536 670 post
566 621 718 670 tergum
753 620 885 655 essent
924 614 1164 656 intueretur:
1215 615 1323 669 quod
1356 616 1494 670 procul
1528 617 1650 659 dubio

1159 737 1209 769 Ed
1217 738 1250 770 d.
1276 737 1560 782 vicahgspdzb]

199 792 250 823 19.
293 791 632 824 Praetextatus.
670 791 862 835 Hegionem
896 792 939 824 G.
970 810 1011 816 ——
1053 793 1232 836 Hyginus]
1260 793 1295 825 in
1328 794 1423 826 libro
1450 795 1654 838 deperdito.

107 835 290 879 Higinius
314 847 345 868 v.
369 854 412 860 —
437 837 665 869 tranlianum
688 836 723 868 S.
767 837 962 869 tralianum
991 837 1035 869 vi.
1063 855 1101 860 —
1133 840 1289 871 (amase
1306 839 1337 871 G
1363 850 1382 871 a
1406 851 1437 881 p.
1461 851 1507 872 m.
1527 852 1654 873 cama-

105 891 184 912 sene
208 881 385 922 (alterum
415 892 432 913 e
462 892 503 913 ox
531 885 644 919 corr.)
670 881 708 913 Α.
744 900 780 904 -
816 883 1020 924 possidebat
1046 882 1090 922 (Α
1119 893 1139 914 a
1167 895 1239 916 sec.
1265 888 1331 922 ιιι.)
1357 896 1423 927 v—g
1450 885 1654 924 „Melius“.

106 924 242 958 Meurs.
272 925 348 959 vid.
375 930 448 958 not.
485 944 529 950 —-
564 937 769 959 camessene
795 931 917 969 (supp.
942 928 995 959 vel
1019 931 1110 965 ena)
1140 928 1182 960 G.
1232 940 1422 962 camasene
1450 930 1519 962 ΑΡ.

105 1039 163 1068 est
178 1036 270 1077 quod
289 1036 478 1068 deleamus
499 1040 649 1068 auctore
662 1036 844 1075 Meursi03

108 1081 157 1112 cf.
183 1081 271 1113 Hor.
298 1081 362 1124 Ep.
393 1081 419 1119 l,
448 1083 499 1120 1ss7
525 1084 557 1112 S.
597 1082 682 1112 Dum
708 1083 778 1113 volt
803 1082 844 1113 li-

917 1048 1039 1077 regem
1069 1038 1213 1069 ltaliae.
1249 1039 1323 1071 lani
1351 1051 1499 1071 uxorem
1528 1041 1655 1073 Cama-

914 1093 1013 1113 sencn
1064 1083 1210 1115 vocavit
1260 1084 1502 1127 Demophilus
1558 1086 1654 1126 apud

106 1126 220 1158 bertas
245 1126 314 1157 <lici
337 1137 446 1157 mera
470 1137 618 1168 veraque
643 1127 762 1158 virens.

151 1171 181 1201 si
201 1171 277 1213 quis
295 1171 376 1202 illas
398 1171 613 1212 adsequitur]
636 1170 690 1201 Cf.
706 1171 843 1201 Corum.

107 1214 131 1246 l.
156 1226 186 1245 c.
212 1216 266 1246 vel
288 1215 371 1247 haec
397 1216 614 1257 (mysteria)
640 1216 787 1256 adeptis7
811 1220 847 1247 et

106 1258 178 1292 vid.
203 1258 362 1291 Lobeek.
387 1259 568 1301 Aglaoph.
595 1271 629 1301 p.
660 1263 732 1290 105.

151 1315 239 1346 quae
277 1304 357 1336 sciri
384 1306 448 1343 fas
486 1304 548 1345 est]
590 1316 639 1335 sc.
676 1316 696 1336 a
730 1303 846 1336 vobis.

106 1347 307 1390 Propterea
339 1349 508 1391 posuisse
536 1349 681 1382 videtur
704 1349 845 1381 Maero-

105 1392 188 1425 hius
221 1393 429 1435 passivum,
462 1405 571 1435 quum
603 1395 712 1436 paulo
736 1405 845 1436 supra

105 1437 242 1470 dixe-rit
265 1439 372 1471 mihi
397 1439 430 1470 ι’·ιι
466 1440 616 1470 medium
646 1441 845 1481 proferre

100 1484 177 1523 sas
210 1488 283 1516 est.
330 1482 526 1523 Horatius7
550 1483 611 1525 qui
640 1484 707 1516 011.
734 1484 790 1524 n',
813 1486 845 1523 4,

104 1529 167 1567 22,
219 1528 290 1560 Nec
324 1528 449 1566 scire,
495 1527 632 1569 inquit,
670 1531 745 1569 fas
786 1534 845 1561 est

105 1572 267 1611 omnia,
295 1584 334 1604 se
357 1572 476 1614 ipsum
502 1585 570 1605 nou
603 1574 777 1605 excludit.

153 1619 204 1648 19.
265 1628 354 1659 quae
396 1629 487 1649 nunc
533 1623 676 1650 vocatur
726 1617 846 1659 Italia]

105 1660 244 1700 „ltalia
269 1662 362 1693 unde
386 1673 513 1693 nornen
541 1663 665 1699 habet,
693 1674 761 1694 nou
787 1673 846 1694 sa—

107 1704 153 1736 tis
184 1710 338 1738 constat.
385 1705 489 1743 Sunt,
516 1712 551 1737 et
580 1706 615 1737 in
645 1707 704 1738 liis
734 1708 845 1738 Varro

108 1749 166 1791 [R.
190 1749 232 1782 R.
266 1749 318 1789 ll,
344 1751 375 1780 5.
417 1749 471 1781 Cf.
497 1750 705 1782 Columella
732 1752 845 1792 praef.

108 1794 172 1825 lib.
199 1794 274 1835 Vl„
313 1794 461 1837 Dionys.
487 1800 522 1826 et
546 1795 698 1827 Servius
725 1796 764 1826 ll.
792 1795 845 1826 in-

106 1838 164 1870 fra
183 1838 272 1881 ce.],
297 1838 359 1880 qui
381 1850 402 1871 a
428 1839 533 1880 eopia
560 1844 595 1871 et
618 1839 846 1881 praestantia

106 1883 235 1922 boum,
274 1894 364 1925 quos
394 1888 537 1915 veteres
559 1880 716 1922 Ἰταλοὺς
745 1884 846 1916 dixe-

105 1927 196 1967 rint,
238 1938 318 1960 eam
357 1939 485 1960 nomen
525 1928 676 1960 duxisse
708 1933 846 1970 putent.

105 1971 177 2005 Sed
210 1971 363 2004 Servius
394 1973 438 2005 ad
466 1973 566 2013 Yirg.
598 1973 683 2005 Aen.
710 1974 743 2011 1,
767 1976 844 2005 533.

105 2015 169 2059 [ef.
206 2017 250 2049 ad
289 2017 321 2058 l,
357 2017 405 2060 2.]
449 2022 485 2049 et
526 2017 726 2061 Dionysius
760 2018 843 2050 ltal.

105 2062 186 2094 Ant.
210 2061 243 2101 Ι,
269 2064 344 2101 35.‚
374 2063 466 2104 quod
492 2074 577 2093 vero
603 2062 765 2095 similius
792 2063 845 2095 vi-

107 2107 232 2145 detur,
278 2117 298 2138 a
335 2118 423 2150 rege
462 2107 616 2149 quodam
655 2107 749 2140 Italo
794 2108 847 2140 sic

105 2150 241 2183 dietam
265 2162 348 2184 esse
374 2153 608 2184 contendunt.
635 2152 707 2184 Alii
733 2153 846 2185 aliam

105 2195 218 2228 huius
269 2196 426 2229 nominis
477 2207 623 2228 causam
675 2197 847 2230 afferunt.

105 2240 196 2273 Ante
227 2239 294 2273 illa
327 2246 493 2283 tempora
522 2241 618 2273 hanc
657 2243 845 2284 regionem

107 2285 262 2317 Graecis
285 2287 509 2328 appellatam
536 2297 617 2318 esse
644 2287 847 2330 Hesperiam

105 2333 142 2361 et
166 2331 371 2371 Ausoniam,
398 2331 585 2373 indigenis
611 2342 697 2363 vero
721 2334 847 2364 Satur-

105 2374 219 2413 niam,
256 2374 353 2406 idem
379 2376 493 2408 tradit
518 2376 717 2418 Dionysius
745 2378 767 2409 Ι.
793 2377 845 2409 Ι.*·

108 2417 223 2450 Zeus.

152 2473 227 2494 cum
258 2462 411 2503 Camese]
444 2462 587 2500 „Draco
619 2463 847 2506 Corcyraeum

107 2507 202 2548 apud
229 2506 454 2538 Athenaeum
480 2506 552 2545 XV,
577 2510 625 2538 13.
656 2507 846 2540 Camesem

106 2562 170 2583 seu
204 2550 325 2593 potius
354 2550 537 2583 Camisem
565 2563 633 2583 nou
664 2552 743 2583 Iani
776 2553 850 2585 fra-

106 2599 200 2629 trem
216 2596 277 2628 sed
294 2607 458 2628 sororem
474 2596 741 2639 coniugemque
753 2608 850 2629 eom-

106 2643 327 2672 meinorat.⁵‘
345 2641 455 2673 Ζευς.
480 2660 521 2664 -
543 2641 781 2673 casaubonus
806 2643 848 2674 ad

106 2685 236 2717 Athen.
254 2685 326 2723 XV,
340 2687 393 2717 46.
420 2697 452 2727 p.
474 2688 542 2717 692
559 2697 588 2717 e.
614 2687 666 2719 ait
692 2686 726 2718 in
742 2686 850 2719 Cato-

105 2729 163 2761 nis
179 2729 399 2771 Originibus
421 2742 460 2762 se
484 2730 647 2771 reperire
669 2732 849 2769 Cumisem,

106 2774 260 2806 fratrem
272 2774 363 2814 lani.
378 2776 438 2807 ubi
455 2775 601 2816 quidem
617 2776 651 2807 in
667 2777 720 2808 ed.
735 2776 850 2808 Basil.

108 2820 207 2857 1530,
223 2830 256 2860 p.
269 2821 290 2850 4
304 2830 380 2861 sqq.
400 2821 572 2852 Camesem
586 2821 779 2863 selegisse
794 2832 850 2853 re-

105 2862 465 2896 fertcreuzeruslll.
476 2865 679 2907 p.603.‚qui
694 2866 851 2898 eBerosi

108 2907 329 2950 fragmentis
362 2920 396 2950 p.
428 2911 471 2940 44
503 2921 557 2951 sq.
590 2910 646 2942 ed.
682 2910 848 2943 Richter.

109 2951 218 2986 affert
247 2954 470 2987 Camesenum
502 2965 584 2986 cum
611 2954 700 2988 Iano
734 2955 849 2988 fuisse

915 1125 1023 1157 Laur.
1048 1126 1138 1170 Lyd.
1169 1128 1231 1167 lv,
1258 1131 1289 1159 2.
1323 1132 1376 1172 (μ.
1411 1133 1482 1161 150.
1512 1130 1654 1168 Roth).

959 1183 1067 1213 aeque
1114 1173 1297 1215 indigena]
1344 1176 1422 1213 ..Ab
1470 1175 1654 1207 sententia.

914 1216 1093 1248 Macrobii
1125 1218 1299 1250 dissentit
1333 1219 1504 1251 Aurelius
1534 1219 1657 1251 victor

915 1259 1022 1302 [orig.
1055 1268 1153 1302 gent,
1185 1263 1227 1293 R.
1263 1275 1292 1294 c.
1323 1264 1393 1304 2ls
1435 1264 1493 1305 qui
1530 1265 1653 1296 lanum

914 1305 1097 1346 Apollinis
1123 1306 1240 1338 lilium
1267 1319 1287 1339 a
1311 1308 1433 1340 Xutho
1455 1310 1655 1340 Athenien-

915 1350 1009 1382 sium
1043 1362 1129 1393 rege
1160 1353 1396 1394 adoptatum,
1435 1365 1500 1384 uei:
1536 1354 1654 1395 patrio

915 1406 1029 1437 regno
1052 1402 1273 1437 contentum,
1293 1399 1407 1430 refert
1428 1410 1507 1429 «tum
1535 1399 1655 1430 classe

916 1439 949 1471 iu
989 1440 1131 1472 ltaliam
1172 1442 1364 1474 devenisse
1403 1449 1511 1484 atque
1547 1455 1655 1474 θυι-,ιι-

916 1489 1000 1526 pato
1034 1490 1155 1518 monte
1195 1487 1320 1518 urbem
1358 1488 1494 1519 ibidem
1531 1488 1656 1520 eundi-

915 1530 1032 1568 disse,
1061 1541 1169 1571 quain
1195 1532 1239 1562 de
1265 1543 1330 1563 suo
1357 1533 1502 1564 uoiuiue
1527 1534 1656 1575 appel-

916 1574 1049 1606 laverit
1091 1575 1335 1607 lanicutmnf·
1382 1577 1494 1609 Zerv-
1543 1597 1580 1601 —
1629 1579 1655 1609 E

915 1619 1074 1650 Graecia
1114 1620 1147 1651 iu
1188 1620 1333 1652 ltaliam
1378 1621 1562 1662 migrasse
1601 1623 1657 1654 la-

915 1675 997 1695 num
1031 1664 1261 1697 tradiderunt
1292 1666 1404 1697 etiam
1432 1667 1656 1698 Plutarchus

915 1709 1066 1749 Quaest.
1091 1709 1193 1740 Rom.
1225 1721 1252 1740 c.
1279 1713 1353 1749 22,
1397 1711 1606 1743 Athenaeus
1633 1712 1655 1743 l.

915 1764 958 1791 (κ,
984 1752 1137 1785 Servius
1158 1754 1201 1785 ad
1227 1753 1326 1796 Virg.
1349 1755 1435 1786 Aen.
1461 1756 1555 1796 vm,
1577 1758 1656 1787 357.

912 1796 1119 1829 Creuzerus
1155 1798 1175 1829 l.
1219 1809 1248 1830 c.
1288 1810 1320 1840 p.
1352 1802 1427 1830 586.
1468 1800 1598 1832 statuit
1638 1812 1657 1831 e

914 1841 1029 1872 l'onto
1081 1846 1191 1883 atque
1244 1854 1263 1874 e
1313 1842 1554 1876 Samothrace
1609 1846 1655 1877 ad

913 1886 1089 1918 Etruscos
1114 1898 1195 1918 euin
1223 1887 1379 1919 venisse.
1415 1889 1554 1921 Contra
1575 1890 1657 1921 Am-

914 1930 1047 1962 brosch
1089 1930 1261 1971 (Studien
1308 1943 1339 1963 u.
1373 1933 1524 1966 Audeut.
1560 1934 1586 1965 l.
1622 1945 1655 1977 p.

916 1977 977 2006 143
1026 1978 1101 2016 sq.)
1170 1976 1376 2017 priscorum
1441 1977 1654 2010 Latinorum

913 2020 1020 2051 deum
1048 2029 1130 2051 eum
1161 2020 1276 2053 fuisse
1306 2022 1469 2054 defendit
1494 2023 1658 2055 auetori—

915 2068 989 2096 tate
1023 2063 1191 2107 Dionysii
1225 2066 1306 2098 Hal.
1339 2067 1400 2108 qui
1436 2068 1494 2105 (Α.
1519 2068 1563 2099 R.
1590 2069 1655 2102 111.

913 2110 990 2147 22.)
1014 2121 1095 2141 eum
1123 2109 1213 2143 dicit
1236 2107 1425 2153 ἐπιχώριον
1453 2109 1544 2144 θεόν
1574 2124 1654 2145 τινα

914 2148 936 2195 ἢ
960 2152 1130 2195 δαίμονα.

956 2198 1194 2241 possidebant]
1222 2196 1439 2241 ,,Σχεδια”ζει
1456 2200 1654 2241 Μειιτείιιε,

915 2254 995 2274 cum
1039 2254 1081 2275 ex
1121 2255 1152 2275 v.
1186 2255 1216 2275 c.
1251 2245 1461 2286 possidebat
1500 2247 1654 2287 profert,

915 2287 1050 2319 melius
1083 2287 1263 2330 opinatus.
1326 2290 1432 2321 Ianus
1469 2302 1543 2322 curn
1585 2292 1655 2323 Ca-

913 2344 1002 2364 mese
1024 2334 1268 2374 possidebant,
1307 2339 1347 2365 ut
1372 2334 1485 2377 [virg.
1511 2335 1598 2367 Aen.
1625 2336 1654 2374 I,

913 2377 1006 2419 292]
1030 2378 1134 2409 Remo
1158 2389 1233 2409 cum
1255 2381 1367 2417 fratre
1388 2380 1553 2420 Quirinus
1574 2381 1654 2412 Iura

915 2422 993 2453 dab
1007 2425 1119 2454 unt?⁴
1143 2423 1261 2454 Gaox.
1277 2441 1321 2447 —-·
1335 2423 1437 2464 Apud
1457 2424 1653 2468 Virgilium

915 2466 1062 2508 quidem
1099 2467 1121 2498 l.
1148 2479 1178 2498 c.
1207 2469 1395 2509 praecedit
1428 2470 1525 2501 Cana
1554 2470 1655 2502 Fides

915 2516 946 2542 et
971 2513 1085 2551 Vesta,
1102 2513 1165 2543 sed
1188 2512 1281 2555 apud
1303 2513 1518 2545 Ciceronem
1537 2514 1654 2549 (Phil.

916 2555 1003 2594 xil,
1033 2559 1090 2594 ll,
1117 2557 1192 2598 27.)
1232 2557 1387 2598 legitur:
1442 2559 1544 2589 Sulla
1581 2569 1655 2589 cum

922 2600 1082 2642 Scipione
1108 2624 1140 2633 ..
1167 2603 1380 2633 conditiones
1403 2603 1631 2633 contulerunt.

964 2645 1126 2686 oppidum
1173 2646 1380 2688 Ianiculum]
1425 2647 1480 2677 Cf.
1524 2646 1655 2677 Arnob.

919 2687 992 2727 ln,
1017 2691 1072 2720 29.
1117 2690 1287 2722 Aurelius
1314 2690 1446 2721 Victor.
1480 2691 1500 2721 lv
1530 2701 1560 2721 c.
1593 2701 1657 2722 no·-

919 2742 999 2763 men
1022 2732 1111 2765 (licit
1134 2734 1251 2766 fuisse
1278 2734 1420 2775 oppidi:
1447 2734 1656 2766 Athenaeus

921 2777 943 2807 l.
967 2788 1008 2808 c..
1033 2779 1127 2818 apud
1155 2790 1259 2819 quem
1286 2778 1424 2818 legitur
1444 2774 1657 2820 Ἰάνουκλον,

919 2821 1070 2852 montis:
1102 2822 1257 2854 Ovidius
1288 2822 1404 2859 (Fast.
1430 2823 1463 2862 1,
1489 2824 1587 2863 ⁶245.)
1622 2828 1658 2855 et

918 2865 1099 2907 Virgilius
1125 2867 1230 2907 (Aen.
1257 2867 1352 2907 vm,
1378 2870 1475 2905 357.)
1501 2868 1610 2899 areis.

962 2913 1019 2942 20.
1065 2912 1243 2954 geminam
1273 2913 1402 2952 faciem
1439 2913 1657 2955 praetulisse]

919 2956 1063 2996 Bisrous
1095 2956 1306 2999 appellatur
1337 2967 1358 2990 a
1384 2956 1544 3000 Virgilio
1572 2958 1658 2991 Aen.
