1845 3131
221 46 304 87 618

859 45 1136 87 MACROBII

218 162 258 197 et
282 160 405 197 totam
430 153 679 208 superficiem
707 153 791 193 eius
820 153 1004 195 infectam
1025 168 1110 195 esse
1135 155 1239 196 dulci
1269 156 1435 211 liquore,
1462 162 1618 211 praeter
1647 158 1756 211 quod

218 212 274 253 ait
302 211 522 253 Salustius:
565 210 677 252 Mare
701 210 908 250 Ponticum
936 211 1089 251 dulcius
1121 226 1238 266 quam
1267 220 1407 261 cetera,
1453 219 1512 254 est
1546 213 1620 254 hoc
1657 227 1757 267 quo-

220 281 299 322 que
331 265 560 307 testimonio
589 265 711 320 quod,
738 265 768 305 si
798 265 837 305 in
866 266 1042 306 Pontum
1074 267 1131 307 vel
1162 267 1293 320 paleas
1322 268 1379 308 vel
1405 268 1507 321 ligna
1537 283 1606 310 seu
1636 283 1758 323 quae-

220 335 392 376 cumque
430 321 605 361 natantia
637 321 870 375 proieceris,
910 322 1014 363 soras
1042 328 1150 362 extra
1176 323 1350 363 Pontum
1379 323 1558 365 feruntur
1588 326 1627 365 in
1658 326 1756 365 Pro-

220 378 423 432 pontidem
451 384 571 431 atque
597 377 647 417 ita
683 377 720 417 in
754 391 861 418 mare
891 378 997 431 quod
1030 378 1155 418 adluit
1188 379 1307 419 Asiae
1332 393 1456 427 oram,
1485 393 1573 420 oum
1605 386 1759 421 constet

152 434 258 474 35in
288 435 463 474 Pontum
503 434 668 474 inlluere
700 434 817 473 maris
847 448 1014 487 aquam,
1059 448 1139 474 non
1171 434 1332 475 eflluere
1364 435 1413 475 de
1441 436 1587 476 Ponto.

1644 438 1756 477 Mea-

217 496 282 531 tus
321 489 426 530 enim
469 490 537 543 qui
579 490 686 530 solus
732 490 780 529 de
818 504 968 530 oceano
1008 496 1186 544 receptas
1225 504 1349 544 aquas
1385 490 1424 530 in
1463 491 1585 531 maria
1622 498 1757 532 nostra

216 546 450 587 transmittit
481 546 519 585 in
556 545 656 586 freto
694 551 753 586 est
779 545 976 587 Gaditano
1008 547 1115 600 quod
1150 546 1381 600 Hispaniam
1416 547 1673 600 Africamque
1697 547 1755 587 in-

218 602 399 650 teriacet,
448 607 487 642 et
522 601 607 641 sine
635 601 759 641 dubio
789 601 995 643 inundatio
1028 603 1109 656 ipsa
1138 616 1206 656 per
1233 602 1496 656 Hispaniense
1525 609 1564 644 et
1590 603 1756 643 Gallica-

216 672 310 698 num
345 658 460 698 litora
492 657 530 696 in
559 656 807 711 Tyrrhenum
840 658 990 711 prodit:
1017 658 1109 698 inde
1142 659 1417 699 Hadriaticum
1441 673 1548 699 mare
1574 658 1684 707 facit,
1710 673 1757 699 ex

216 728 296 768 quo
326 713 462 754 dextra
492 715 531 753 in
552 712 811 753 Parthenium
843 713 949 754 laeva
980 714 1018 753 in
1035 714 1194 755 Ionium
1226 721 1265 755 et
1284 715 1463 755 directim
1491 715 1529 755 in
1549 718 1753 768 Aegaeum

148 772 202 813 36
217 769 363 824 pergit,
413 775 535 823 atque
567 769 619 810 ita
655 768 874 820 ingreditur
906 769 946 809 in
973 770 1160 810 Pontum.
1222 771 1337 820 Quae
1374 771 1492 824 igitur
1526 771 1627 811 ratio
1664 770 1757 811 facit

215 831 260 866 ut
287 825 442 865 rivatim
473 838 601 879 aquae
629 824 677 864 de
702 825 834 864 Ponto
862 825 997 873 fluant,
1028 840 1116 866 cum
1142 826 1236 866 foris
1269 826 1480 866 influentes
1508 840 1632 880 aquas
1648 827 1754 866 Pon-

214 887 279 921 tus
309 881 502 935 aeeipiat?
563 880 638 921 Sed
669 886 825 921 constat
854 887 1025 935 utraque
1063 881 1176 921 ratio.

1236 882 1336 923 Nam
1369 882 1599 935 superficies
1632 882 1752 922 Ponti

215 942 379 991 propter
412 936 552 977 nimias
587 950 710 990 aquas
741 950 844 990 quae
872 937 920 977 de
956 943 1061 977 terra
1099 937 1236 978 dulces
1274 937 1446 978 inlluunt
1481 937 1585 978 seras
1618 937 1755 986 eslluit,

148 994 199 1033 37
215 993 401 1033 deorsum
441 1006 532 1033 vero
568 993 670 1032 intro
709 992 834 1046 pergit
863 992 1040 1033 inlluxio.
1094 993 1208 1034 Unde
1241 993 1452 1046 probatum
1486 999 1545 1033 est
1578 994 1754 1034 natantia

215 1062 338 1102 quae,
367 1054 413 1089 ut
437 1062 556 1099 supra
586 1048 686 1096 dixi,
718 1048 917 1088 iaciuntur
948 1049 986 1088 in
1018 1050 1193 1090 Pontum
1227 1048 1332 1089 foras
1365 1049 1467 1103 pelli,
1499 1050 1529 1090 si
1561 1063 1655 1090 vero
1687 1064 1753 1089 co-

215 1105 349 1145 lumna
381 1104 594 1154 deciderit,
642 1104 858 1145 introrsum
888 1104 1041 1145 minari.

304 1227 396 1269 [Mes
423 1227 560 1259 APSH.

1100 1106 1154 1146 Et
1180 1104 1255 1145 hoc
1289 1118 1406 1159 saepe
1435 1119 1511 1146 usu
1539 1105 1752 1160 probatum

256 1284 311 1314 34.
350 1288 509 1325 propter
533 1281 624 1324 quod
650 1292 728 1324 v·g.
763 1300 804 1304 —
838 1281 1029 1323 Salustius]
1055 1292 1112 1324 ap.
1134 1280 1297 1313 Cortium
1323 1281 1423 1313 llist.
1451 1281 1582 1323 fragm.
1609 1281 1670 1312 lib.
1694 1281 1752 1312 1⁴1.

213 1338 244 1367 p.
272 1329 385 1366 1005.,
420 1326 481 1358 ubi
509 1326 577 1358 hoc
610 1327 856 1368 fragmentum
882 1326 1017 1358 dicitur
1044 1325 1118 1368 legi
1144 1326 1254 1358 etiam
1283 1327 1378 1367 apud
1406 1326 1572 1357 Servium
1598 1330 1633 1357 et
1657 1326 1752 1366 apud

211 1370 456 1402 Prisc-tanum.
483 1389 523 1394 —
548 1376 659 1402 cetera
683 1376 743 1402 est.
765 1371 826 1401 hoc
855 1370 894 1400 A.
918 1387 959 1392 —
985 1382 1205 1412 quaecunque
1229 1371 1319 1402 alia
1345 1370 1436 1401 Edd.

211 1415 324 1446 licum
361 1415 398 1446 h.
433 1433 475 1438 —
507 1415 731 1447 Adriaticum
768 1413 888 1445 Sllvl.
922 1430 964 1437 —
1000 1415 1158 1446 ionicum
1197 1415 1235 1445 A.
1270 1432 1311 1437 —
1345 1415 1473 1446 directi
1503 1413 1525 1446 i.

427 1461 484 1490 36.
521 1460 679 1500 effluant
704 1458 743 1489 P.
772 1476 812 1482 --
839 1459 954 1489 dulces
978 1469 1048 1490 om.
1074 1459 1113 1490 1’.
1143 1477 1180 1482 —
1203 1461 1314 1497 sores
1339 1458 1375 1489 h.
1394 1477 1428 1482 -
1462 1459 1497 1490 in
1525 1463 1607 1490 utro
1631 1459 1750 1501 pergit

421 1505 475 1535 37.
513 1502 632 1546 supra]
659 1505 679 1543 ἓ
704 1504 758 1534 34.
793 1520 834 1525 ——
869 1503 995 1534 minari
1019 1503 1299 1534 As-bHPMi23.
1348 1504 1390 1535 in
1416 1503 1511 1535 mari
1535 1502 1607 1534 SH.
1656 1503 1752 1534 muri

211 1459 291 1490 cah.

212 1503 285 1536 HS.

259 1618 358 1650 Mare
391 1618 565 1650 Ponticum
600 1618 736 1648 dulcius
762 1629 864 1660 quam
891 1628 946 1649 ce-

210 1662 300 1704 tera]
339 1662 465 1701 „ldem
504 1661 615 1693 tradit
647 1661 810 1693 isidorus
849 1661 947 1701 xm,

216 1710 265 1738 16.
292 1708 373 1751 [4.],
412 1706 473 1747 qui
509 1706 628 1738 locum
661 1706 815 1738 Salustii
853 1706 946 1738 forte

211 1756 326 1783 totum
355 1751 610 1792 compilavit.“
637 1751 747 1782 ZEUN.
777 1766 823 1773 ——
848 1750 946 1782 Adde

210 1796 380 1828 Straliou.
403 1795 431 1835 1,
456 1797 489 1832 3,
517 1806 549 1836 p.
577 1798 629 1826 78.
661 1794 827 1827 Tauclin.
845 1797 946 1836 p.50.

208 1839 514 1879 Arrian.1’erieg.
530 1839 633 1871 Pont.
648 1839 736 1870 Eux.
758 1850 788 1880 p.
812 1842 845 1870 Β.
878 1838 945 1870 Va-

210 1885 275 1916 ler.
312 1883 431 1915 Flacc.
469 1884 531 1923 lv,
568 1886 629 1915 721
664 1895 718 1924 sq.
768 1883 873 1914 Ovid.
902 1894 944 1914 ex

210 1929 312 1959 Pont.
348 1928 411 1966 lv,
453 1930 511 1967 10,
550 1930 594 1958 45
629 1938 704 1968 sqq.
766 1926 946 1969 Forbiger

209 1972 411 2004 Real-Enc.
438 1972 476 2011 V,
504 1983 536 2012 p.
564 1974 659 2002 1898.

251 2021 389 2058 praeter
437 2016 540 2058 quod]
589 2016 725 2046 dictum
773 2018 828 2045 est
881 2025 944 2055 pro

207 2065 346 2102 praeter
382 2060 418 2091 id
459 2061 549 2101 quod
585 2060 643 2091 vel
683 2070 747 2100 pro
786 2064 944 2100 praeter-

209 2114 311 2145 quam
337 2104 440 2145 quod.

252 2147 306 2179 vel
328 2173 334 2178 .
353 2173 358 2177 .
386 2148 438 2178 vel
463 2170 492 2179 ..

208 2202 282 2222 xm.
309 2191 401 2222 med.

251 2236 306 2264 35.
351 2244 412 2276 per
435 2257 443 2264 .
460 2258 467 2264 .
494 2233 611 2274 litora]
644 2233 739 2264 idem
766 2236 822 2264 est
849 2232 943 2273 quod

207 2278 393 2310 secundum
418 2277 534 2308 litora.

253 2333 292 2353 es
341 2333 407 2363 quo
452 2321 573 2351 dextra
620 2320 654 2350 ιή
708 2319 943 2359 Parthenium,

207 2366 309 2396 laeva
357 2366 393 2396 in
441 2365 572 2396 lonium
625 2368 657 2394 et
706 2364 858 2395 directim
907 2364 941 2393 iu

208 2413 388 2451 Aegaeum
410 2407 540 2450 pergit]
563 2406 743 2446 Forbiger
759 2407 940 2437 ΒθειΙ>Εη4

208 2454 301 2495 cycl.
322 2453 368 2491 V,
405 2464 436 2494 p.
463 2454 577 2490 1186„
615 2450 706 2482 dicit
730 2462 823 2482 mare
852 2451 940 2482 Par-

207 2497 359 2529 thenium
385 2507 467 2528 esse
499 2496 611 2527 maris
643 2494 774 2526 interni
801 2500 941 2536 partem

207 2541 365 2572 maxime
420 2540 598 2572 orientem
659 2550 786 2570 versus
847 2538 942 2570 inter

518 2146 590 2188 seu]
615 2145 693 2178 Vid.
716 2145 885 2187 prolegg.
910 2156 942 2186 p.

206 2585 412 2627 Aegyptum
440 2588 473 2615 et
500 2584 660 2625 Cyprum
686 2582 816 2620 sitam,
856 2583 941 2614 coll.

206 2629 383 2660 Ammian.
419 2628 518 2667 xlv,
550 2630 601 2665 8.,
639 2626 763 2663 XXH,
807 2629 857 2658 15.
888 2629 940 2657 16.

206 2670 665 2714 etGregor.Nazianz.Oi-.
678 2670 770 2701 XIX.
785 2671 887 2711 Quod
909 2670 941 2702 si

207 2716 257 2747 ita
279 2722 347 2755 est,
381 2716 574 2747 dicendum
602 2719 699 2746 erat:
720 2726 783 2756 per
807 2716 940 2746 lonium

207 2761 362 2792 directim
395 2761 430 2791 in
460 2759 681 2792 Parthenium
713 2763 744 2790 et
773 2759 875 2790 laeva
905 2759 940 2790 in

207 2805 361 2845 Aegeum
381 2805 510 2845 pergit,
531 2803 561 2834 si
587 2802 732 2843 quidem
753 2813 794 2833 ex
810 2802 939 2834 Adria·

207 2845 279 2877 tico
302 2848 394 2879 mari
417 2847 592 2889 dirigitur
613 2857 751 2884 rursus,
775 2846 838 2877 sed
862 2846 941 2878 Ma·

206 2890 354 2922 crebius
380 2890 524 2924 videtur
549 2889 672 2932 potius
693 2890 737 2923 ad
761 2900 840 2922 eam
863 2900 941 2922 nia-

1574 1372 1630 1401 35.
1664 1371 1751 1401 (iat-

1575 1415 1753 1445 directum

1015 1617 1066 1649 ris
1090 1616 1222 1649 interni
1251 1621 1388 1658 partem
1414 1621 1619 1659 spectasse,
1658 1618 1752 1649 uude

1015 1662 1145 1703 incipit
1183 1660 1409 1693 Adriaticum
1451 1672 1570 1702 mare,
1620 1666 1656 1693 et
1699 1667 1751 1694 te-

1015 1707 1140 1738 nuisse
1173 1707 1286 1737 semel
1315 1711 1499 1748 receptum
1524 1717 1669 1738 cursum
1703 1708 1749 1738 ab

1014 1750 1203 1783 occidente
1225 1750 1402 1782 orientem
1429 1761 1569 1782 versus.
1613 1751 1751 1782 Adver-

1015 1796 1075 1827 lnia
1100 1795 1255 1827 directim
1281 1800 1316 1826 et
1339 1795 1480 1827 rivatim
1514 1794 1636 1827 notavi
1669 1806 1752 1835 pro-

1014 1841 1114 1881 legg.
1144 1851 1174 1880 p.
1203 1850 1297 1870 κων.
1328 1839 1420 1870 nied.
1454 1838 1509 1870 cf.
1534 1850 1562 1869 c.
1589 1841 1640 1874 14,
1658 1841 1677 1878 ς’
1700 1842 1750 1870 13.

1056 1888 1110 1916 36.
1133 1884 1273 1924 nimias]
1290 1883 1352 1914 i.e.
1368 1884 1580 1924 permultas.
1596 1882 1648 1914 Cf.
1665 1885 1748 1922 528.

1058 1928 1228 1968 deorsum]
1260 1928 1355 1958 idem
1383 1933 1438 1959 est
1460 1937 1502 1958 ac
1528 1928 1645 1967 infra,
1685 1938 1748 1968 pro

1013 1984 1082 2015 quo
1104 1972 1240 2003 Cotum.
1265 1971 1311 2008 ΙΙ,
1333 1974 1365 2009 5,
1386 1973 1439 2002 25.
1465 1970 1601 2002 dicitur
1623 1972 1748 2002 iusum.

1057 2018 1148 2048 intro
1184 2016 1302 2058 pergit
1341 2015 1498 2056 influxio]
1543 2015 1620 2045 Hor:
1665 2026 1745 2046 eum

1013 2061 1099 2091 aliis
1132 2061 1262 2091 docere
1288 2059 1514 2089 Macrobium
1547 2058 1635 2090 dicit
1660 2058 1749 2090 For—

1014 2104 1120 2144 biger
1164 2103 1308 2133 llandb.
1339 2102 1371 2133 d.
1399 2103 1464 2133 alt.
1489 2102 1624 2143 Geogr.
1648 2102 1681 2139 Ι,
1712 2113 1745 2143 p.

1012 2151 1090 2179 587.
1139 2146 1209 2186 Qui
1243 2145 1316 2176 sint
1347 2145 1385 2176 hi
1418 2145 1502 2183 alii,
1544 2156 1610 2176 nou
1644 2145 1745 2176 dicit.

1012 2192 1120 2221 Certe
1148 2189 1365 2220 Aristoteles
1392 2189 1583 2219 Meteorol.
1618 2189 1670 2225 ll,
1700 2192 1745 2226 1.,

1012 2235 1144 2266 Strabo
1170 2233 1197 2268 l,
1222 2236 1254 2264 3.
1278 2244 1337 2274 pp.
1362 2235 1417 2272 78,
1443 2235 1498 2272 82,
1523 2236 1566 2263 87
1582 2257 1591 2271 ,
1616 2232 1744 2264 Senec.

1012 2278 1053 2310 N.
1091 2278 1159 2319 Qu.
1196 2276 1260 2315 IV,
1291 2279 1333 2316 2,
1357 2278 1411 2307 29.
1449 2276 1530 2313 (ubi
1564 2276 1745 2308 Koelerus

1011 2322 1101 2353 citat
1134 2320 1331 2352 Herodian.
1357 2320 1419 2359 lv,
1446 2322 1485 2359 3,
1512 2323 1545 2351 6.
1594 2320 1743 2351 Maxim.

1011 2366 1099 2407 Tyr.
1125 2364 1278 2396 Dissert.
1305 2363 1453 2402 ΧΧΧῙΙ,
1477 2367 1527 2401 5.,
1555 2364 1743 2395 Heliodor.

1008 2409 1178 2449 Aethiop.
1203 2408 1247 2447 V,
1276 2409 1367 2444 12),
1390 2407 1533 2439 Plinius
1558 2407 1599 2440 N.
1625 2409 1669 2439 H.
1697 2408 1745 2446 11,

1009 2457 1063 2485 97.
1090 2466 1118 2484 s.
1150 2456 1221 2484 100.
1257 2456 1292 2482 et
1330 2451 1393 2490 IV,
1424 2454 1472 2482 13.
1499 2463 1528 2482 s.
1554 2455 1608 2482 27.
1639 2453 1659 2491 §
1687 2454 1741 2482 93.

1010 2498 1174 2529 referunt
1222 2495 1473 2527 tantummodo
1516 2505 1644 2535 aquam
1689 2494 1743 2525 ef-

1010 2542 1124 2573 fluere
1151 2552 1170 2572 e
1195 2540 1310 2571 Ponto
1335 2540 1369 2571 in
1396 2538 1666 2580 Propontidem.

1053 2589 1109 2617 37.
1155 2583 1325 2625 columna]
1350 2594 1414 2625 pro
1436 2582 1562 2624 quavis
1593 2592 1630 2612 re
1655 2591 1742 2621 gra-

1007 2629 1110 2661 viore
1151 2628 1309 2669 ponitur.
1365 2626 1419 2657 cf.
1457 2636 1550 2666 quae
1584 2635 1741 2665 sequun-

1008 2678 1086 2711 tur,
1118 2673 1285 2714 graviora
1312 2680 1481 2712 quaeque,
1507 2673 1542 2700 et
1566 2668 1741 2700 Alexand.

1009 2717 1193 2749 Problem.
1242 2715 1345 2755 phys,
1390 2712 1442 2749 11,
1488 2715 1542 2743 76.
1589 2708 1660 2743 Διὰ
1708 2712 1744 2743 τί

1007 2760 1109 2792 κίων
1150 2753 1172 2799 ἢ
1210 2753 1359 2796 ἔτερόν
1398 2767 1438 2786 τι
1478 2752 1616 2798 βάρος
1648 2752 1741 2786 κατὰ

1006 2802 1070 2845 μὲν
1110 2800 1247 2837 ὕδατος
1286 2795 1497 2840 ῥιπτόμενον
1536 2798 1742 2842 marga-con,-

1006 2844 1152 2886 Alioqui
1177 2848 1301 2886 posset
1321 2843 1478 2885 cogitari
1503 2843 1547 2874 de
1573 2843 1740 2885 siphone‚

1008 2891 1052 2922 de
1091 2899 1162 2931 quo
1202 2887 1395 2920 Lucretius
1434 2887 1499 2928 vl,
1535 2888 1603 2919 425
1642 2897 1738 2928 sqq.:
