1845 3131
133 1115 183 1155 10

131 1348 219 1390 μοι]

132 1403 177 1443 ll

201 7 284 48 424

821 10 1099 53 MACROBII

395 114 475 165 ὀψὲ
500 117 641 164 κακῶς
669 115 803 167 ἔλθοι,
831 116 982 168 ὀλέσας
1004 117 1087 161 ἀπὸ
1113 119 1274 171 πάντας
1304 121 1512 179 ἑταίρους,

393 169 496 225 νηὸς
519 170 582 212 ἐπ’
610 169 846 228 ἀλλοτρίης,
871 172 989 229 εὕροι
1016 174 1051 216 δ’
1079 175 1125 217 ἐν
1155 174 1324 230 πήματα
1351 180 1469 235 οἴκῳ.

395 238 588 280 Prooet‘ma
622 239 803 281 Circaeae
831 242 1032 283 raduntur
1061 244 1178 284 litora
1202 251 1350 287 terrae:

398 295 518 335 Dz‘ves
546 296 762 337 inaccessos
789 297 861 338 ubi
886 298 991 339 Solis
1015 299 1099 353 filia
1128 300 1233 340 tucos

397 351 575 391 Adsiduo
605 360 762 393 resonat
791 361 921 401 cantu,
953 356 1133 410 tectisque
1159 356 1339 410 superbis

401 406 487 447 Urit
516 407 718 448 odoratam
745 417 939 450 nocturna
969 410 1011 451 in
1042 411 1193 452 lumina
1219 411 1389 461 cedrum,

397 463 545 516 Arquto
573 471 704 504 tenues
727 479 967 519 percurrens
988 467 1141 521 pectine
1167 467 1270 507 telas.

388 525 525 579 ’Ί-Ιϊεν,
554 525 671 583 ὄφρα
699 527 806 582 μέγα
837 529 963 579 σπέος
995 532 1116 572 ἵκετο.
1147 534 1204 588 τῷ
1235 530 1297 573 ἔνι
1322 531 1474 587 νύμφη

396 586 518 624 ναῖεν
545 582 825 638 ἐϋπλόκαμος,
856 584 974 640 δεινὴ
1004 586 1116 638 θεὸς,
1152 586 1378 641 αὐδήεσσα.

395 641 481 692 πῦρ
510 639 588 692 μὲν
621 638 682 680 ἐπ’
720 640 957 697 ἐσχαρόφιν
985 642 1092 696 μέγα
1123 646 1279 694 καίετο,
1310 642 1459 698 τηλόσε
1491 642 1527 685 δ’
1559 642 1668 699 ὀδμὴ

396 692 552 749 κέδρου
581 693 616 735 τ’
643 694 859 738 εὐκεάτοιο
891 697 1006 740 θύου
1037 699 1070 740 τ’
1101 697 1183 741 ἀνὰ
1209 702 1343 753 νῆσον
1371 698 1538 752 ὀδώδει,

398 748 662 803 δαιομένων·
696 749 722 806 ἡ
753 750 788 793 δ’
823 752 948 795 ἔνδον
978 753 1214 796 οἷοιδιάουσ’
1244 754 1317 797 ὀπὶ
1348 758 1457 811 καλῇ

399 804 516 847 ἱστὸν
549 806 800 862 ἐποιχομένη
822 811 998 865 χρυσείῃ
1026 809 1186 865 κερκίδ’
1215 809 1415 866 ὕφαινεν.

396 874 579 915 Maeonio
609 875 697 928 reyi
724 891 834 931 quem
865 891 977 918 serva
1009 878 1215 933 Licymnia
1239 880 1380 933 furtim

395 930 617 970 Sustnlerat
641 932 839 987 vetitisque
869 933 921 973 ad
947 934 1107 974 Troiam
1135 935 1294 975 miserat
1322 934 1456 976 armis.

399 996 651 1037 Βουκολίων
680 997 717 1037 δ’
742 991 796 1051 ἦν
827 996 921 1047 υἱὸς
949 996 1116 1052 οἷγαυοῦ
1140 998 1451 1053 Λαομέδοντος,

399 1049 687 1105 πρεσβύτατος
710 1056 844 1108 γενεῇ,
878 1054 1050 1095 σκότιον
1079 1053 1125 1096 δέ
1156 1054 1174 1096 ἕ
1204 1056 1372 1109 γείνατο
1396 1053 1543 1109 μήτηρ.

396 1119 467 1158 Ille
494 1127 620 1160 autem
652 1122 864 1174 eoepirans:
892 1122 980 1163 Non
1007 1137 1078 1170 me,
1107 1123 1338 1178 quicumque
1367 1139 1415 1171 eS,
1443 1123 1567 1164 inulto

407 1175 531 1215 Victor
561 1190 629 1215 nec
654 1176 811 1230 lonymn
836 1177 1050 1218 laetabere:
1083 1186 1117 1218 te
1143 1194 1292 1234 quoqne
1315 1181 1400 1233 fata

398 1230 653 1285 Prospectant
671 1233 814 1286 paria,
843 1241 955 1287 atque
984 1234 1114 1274 eadem
1144 1249 1238 1274 mom
1262 1249 1360 1275 arva
1388 1233 1540 1275 tenebis·

399 1286 460 1326 Ad
488 1301 597 1341 quem
623 1288 831 1328 subridens
859 1290 985 1330 mzlrta
1014 1290 1227 1331 Mezentius
1252 1291 1340 1330 ira:

400 1342 515 1383 Nune
542 1357 715 1384 morere:
744 1352 802 1384 ast
826 1344 872 1384 de
899 1359 957 1385 me
984 1345 1117 1385 <tivum
1129 1355 1246 1400 pater
1273 1354 1385 1400 atque
1407 1345 1608 1385 hominum
1633 1358 1717 1385 rex.

388 1405 516 1447 ’Άλλο
544 1408 589 1448 δέ
616 1423 682 1448 τοι
714 1407 832 1461 ἐρέω,
866 1408 918 1451 σὺ
952 1408 988 1451 δ’
1021 1410 1085 1451 ἐνὶ
1117 1410 1242 1466 φρεσὶ
1274 1409 1424 1464 βάλλεο
1451 1412 1588 1465 σῇσιν,

396 1460 450 1531 (3Ιῦ
480 1468 567 1517 θην
597 1462 687 1532 ουδ’
713 1462 841 1513 αὐτὸς
860 1465 1002 1532 ’δηρὸν
1026 1465 1115 1535 βέῃ,
1147 1465 1253 1534 α’λλά
1279 1482 1345 1507 τοι
1367 1464 1453 1533 ἤδη

399 1534 496 1573 αγχι
523 1531 786 1574 παρεστηκεν
811 1526 1001 1571 θανατος
1024 1538 1097 1564 και
1122 1538 1251 1578 μοιρα
1278 1537 1473 1577 κραταιη,

282 1615 386 1657 [Mss.
413 1620 441 1652 P
465 1621 538 1658 (AS
562 1632 632 1653 om.
661 1622 825 1660 Graem).

193 1665 292 1702 οἷκον
323 1669 577 1716 ἐϋκτίμενον
611 1681 668 1714 (ut
695 1677 801 1709 Hom.
831 1678 853 1709 Ι.
879 1683 928 1716 c.)
957 1679 1045 1711 Edd.

193 1732 236 1736 -—
272 1726 304 1745 v.
329 1719 362 1747 2.
389 1720 474 1760 filia
503 1721 612 1753 circe
637 1721 674 1752 Ρ.

193 1768 263 1791 om.
293 1760 341 1793 vi.
369 1781 412 1787 —
447 1763 496 1809 τῷ
524 1769 581 1802 (ut
608 1765 711 1796 Hom.
739 1767 870 1808 vulgo)
895 1767 932 1798 P.

813 1725 845 1753 8.
878 1718 1087 1775 '‘Hz‘vaOd.
1119 1722 1148 1765 ε’,
1170 1725 1225 1755 57.

1181 1682 1212 1710 7.
1262 1677 1437 1719 Proxima]
1465 1677 1550 1709 Aen.
1578 1676 1656 1717 Vll,
1684 1679 1738 1709 10.

1284 1734 1316 1754 v.
1344 1725 1371 1754 1.
1399 1718 1501 1753 ’Ήϊεν
1608 1718 1738 1775 νῇμφη,

982 1780 1009 1799 ω
1036 1768 1109 1799 e-b.
1134 1786 1177 1791 —
1214 1778 1245 1798 v.
1268 1770 1301 1798 2.
1334 1762 1576 1807 ἐϋπλόκαμος·
1597 1777 1678 1808 την
1703 1764 1722 1797 ὁ

192 1799 350 1836 ἔνδοθι
386 1804 539 1849 τέτμεν
572 1806 732 1841 ἐοῦσαν
757 1811 817 1852 (ut
839 1811 946 1843 Hom.
972 1802 995 1843 l:
1019 1813 1068 1850 ιτ.)
1094 1812 1170 1843 c-b.
1205 1830 1247 1835 —-
1285 1822 1318 1843 v.
1344 1812 1374 1841 4.
1406 1810 1520 1852 νῆσιν
1547 1811 1600 1841 zb.

192 1848 224 1878 9.
263 1849 436 1894 Maeonio]
461 1853 547 1885 Aen.
574 1853 635 1891 IX,
663 1856 742 1885 546.
772 1873 806 1878 -·
840 1866 870 1886 v.
902 1858 929 1886 1.
966 1867 1061 1897 quem
1088 1867 1187 1888 serva
1219 1856 1366 1887 Licinia
1386 1856 1511 1895 furtim
1536 1855 1643 1892 Edd.;
1669 1865 1738 1885 om.

192 1889 228 1923 S.
277 1904 373 1934 quem
392 1907 491 1928 sorva
508 1901 599 1936 (om.
618 1898 796 1940 Licymnia
820 1900 961 1939 furtim]
978 1900 1017 1932 P.
1066 1912 1164 1942 quem
1190 1901 1318 1932 servati
1333 1904 1421 1937 (om.
1443 1900 1578 1940 cymilia
1590 1899 1738 1939 furtim)

193 1934 233 1967 A·
254 1954 298 1961 —-
323 1939 417 1980 quia
447 1941 542 1979 ,,Β“.

192 1976 232 2021 ζ’,
255 1982 308 2012 23.
359 1984 563 2018 Βουκολίων
590 2009 598 2017 .

568 1961 610 1965 -
636 1954 666 1974 v.
688 1945 720 1974 2.
746 1945 935 1976 sustulerit
957 1943 992 1976 S.
1026 1963 1067 1968 —
1097 1946 1290 1986 ventisque
1315 1945 1353 1975 A.
1379 1962 1417 1966 -
1449 1942 1664 1985 Βουκολίων]

615 2009 645 2018 ..
672 1986 924 2028 Λαομέδοντος
956 2000 1024 2020 om.
1052 1999 1126 2021 wa.

1691 1943 1736 1974 ΙΙ.

1268 1991 1319 2020 10.
1359 1986 1433 2029 tlte]
1467 1987 1553 2018 Aen.
1582 1987 1633 2025 X,
1659 1989 1738 2018 739.

193 2040 234 2046 —
260 2036 292 2055 v-
316 2028 347 2057 3.
380 2030 517 2061 tenebis.
552 2026 608 2061 Οὐ
630 2028 705 2071 θὴν
731 2027 810 2063 οὐδ’
838 2029 950 2069 αὐτὸς
971 2055 1002 2064 ..
1018 2056 1026 2064 .
1052 2032 1228 2064 Αἰακίδαο
1254 2038 1365 2073 (qnae
1390 2031 1424 2062 in
1449 2032 1540 2062 Ps-1>
1565 2031 1739 2073 leguntur

237 2257 270 2287 9.
324 2256 516 2300 Licymnia]
554 2259 659 2290 Hanc
698 2259 932 2301 scripturam,

193 2309 286 2340 quae
337 2301 475 2343 legitur
524 2304 618 2344 apud
665 2303 865 2345 Virgilium
913 2316 932 2336 e

193 2343 296 2375 codd.
322 2344 454 2378 Medic.
475 2351 511 2378 et
533 2348 643 2388 Gud.‚
669 2348 836 2390 recipere
861 2360 930 2381 non

192 2387 372 2429 dubitavi,
387 2401 495 2431 quum
524 2395 597 2423 tres
626 2392 696 2424 mci
723 2393 868 2425 codices
895 2394 930 2426 h.

193 2431 215 2462 Ι.
253 2432 375 2465 mutili
413 2446 529 2477 neque
566 2436 781 2469 confirment
816 2449 931 2479 neque

193 2478 390 2517 reprobent
421 2479 455 2510 id
484 2480 577 2521 quod
610 2481 645 2512 in
673 2482 752 2514 edd.
780 2482 931 2524 legitur,

196 2520 363 2563 Licinia,
388 2524 481 2564 quod
507 2535 635 2557 nomen
652 2526 856 2558 Romanum
880 2527 934 2559 vi-

194 2564 301 2596 detur
324 2571 443 2600 ortum
469 2579 549 2600 csse
574 2580 592 2600 e
619 2570 751 2602 Ιὶεῐηία.

239 2610 420 2653 vetitisque
453 2613 500 2644 ad
535 2614 673 2646 Troiam
703 2615 842 2647 miserat
871 2626 931 2646 ar-

193 2653 271 2695 mis]
319 2656 425 2687 Hunc
473 2657 593 2688 locum
647 2663 795 2701 propter
840 2658 932 2690 haec

194 2698 303 2730 verba
329 2703 471 2740 poterat
504 2701 714 2734 Macrobius
740 2702 787 2734 iis
817 2703 930 2734 adnu-

192 2752 333 2774 merare
370 2744 406 2775 in
443 2744 574 2786 quibus
612 2746 791 2788 Virgilius
823 2747 931 2788 plum

192 2785 376 2819 addiderit
403 2799 509 2829 quam
531 2790 725 2831 Homerus,
747 2791 929 2832 siquidem

191 2828 476 2871 interpretamur
501 2845 583 2866 cum
610 2834 758 2867 Servio:
779 2836 928 2876 „Veti-

192 2874 250 2905 tis
291 2875 363 2918 legi
401 2878 549 2911 militari
587 2879 820 2923 intelligimus
859 2890 929 2922 qua

194 2069 304 2108 paulo
330 2070 425 2103 infra
450 2074 491 2112 (S
519 2075 603 2113 11.)‚
627 2085 697 2105 om.
725 2085 756 2105 v.
783 2078 813 2105 1.
831 2072 929 2106 ’Άλλο
1035 2076 1154 2119 σῇσιν)
1180 2087 1260 2118 v-g.
1295 2093 1335 2099 —
1369 2086 1403 2107 v.
1427 2077 1458 2106 4.
1488 2076 1542 2106 Act
1572 2086 1673 2116 quae
1697 2074 1735 2106 S.

200 2130 231 2134 ·-
278 2114 392 2148 mista
424 2127 503 2159 v-g.
544 2136 582 2141 —
624 2129 657 2150 v.
680 2120 712 2149 5.
753 2129 812 2150 rex
849 2119 1031 2151 Viderit.
1072 2120 1159 2151 Edd.
1297 2122 1348 2150 ll.
1383 2115 1493 2160 Ἄλλο]
1520 2119 1560 2150 11.
1586 2116 1631 2158 π’,
1658 2121 1737 2151 851.

185 2150 282 2188 ’Άλλο
308 2180 316 2189 .
333 2181 340 2189 .
365 2165 395 2192 et
420 2162 505 2193 alibi
528 2172 597 2193 oin.
622 2172 704 2204 v-g.
746 2162 824 2194 Vid.
844 2173 965 2204 supra.
995 2182 1028 2186 —-
1058 2175 1089 2195 v.
1113 2166 1145 2195 2.
1175 2174 1300 2195 murt
1330 2163 1367 2195 P.
1393 2180 1434 2186 —
1463 2174 1493 2194 v.
1517 2166 1548 2194 3.
1574 2158 1655 2204 ἄγχι

1000 2261 1090 2293 servi
1113 2272 1134 2292 a
1158 2262 1286 2294 militia
1307 2261 1586 2304 prohibebantur.
1633 2261 1739 2295 conf.

1002 2310 1120 2337 tamen
1149 2306 1184 2346 Ι,
1213 2308 1262 2345 11,
1288 2308 1331 2336 30
1357 2317 1433 2347 sqq.
1456 2309 1492 2337 et
1518 2305 1739 2348 interpretes

999 2349 1112 2382 Plinii
1136 2351 1179 2382 ad
1203 2351 1267 2391 Ep.
1291 2350 1334 2389 Χ,
1358 2353 1414 2391 38,
1443 2352 1470 2381 1.

1046 2397 1097 2425 10.
1145 2400 1198 2427 ast
1225 2396 1267 2426 dc
1291 2405 1343 2426 me
1368 2419 1398 2426 ..
1415 2418 1422 2426 .
1448 2394 1521 2436 rex]
1549 2393 1738 2427 Truncata

1000 2442 1056 2470 est
1087 2439 1290 2471 sententia:
1319 2449 1408 2480 ergo
1430 2449 1500 2470 non
1525 2437 1603 2470 sine
1625 2448 1738 2471 causa

1000 2482 1148 2515 additur
1183 2483 1218 2515 in
1250 2483 1330 2515 edd.
1366 2483 1515 2520 Viderit,
1554 2482 1646 2523 quod
1682 2486 1737 2514 ta-

1002 2538 1082 2559 men
1109 2527 1209 2559 nolui
1238 2527 1423 2568 recipere,
1459 2526 1544 2568 quia
1569 2525 1677 2558 etiam
1706 2537 1737 2558 c.

1004 2573 1058 2602 13.
1082 2573 1126 2612 §5
1154 2574 1205 2604 13.
1228 2576 1264 2603 et
1295 2574 1343 2602 17.
1377 2571 1423 2603 al.
1454 2581 1546 2612 quae
1576 2571 1620 2602 ad
1653 2581 1736 2602 sen-

1000 2626 1080 2647 snm
1114 2615 1323 2648 necessaria
1354 2618 1438 2646 sunt
1469 2626 1489 2646 e
1514 2624 1620 2645 versu
1653 2626 1736 2656 pro-

1000 2660 1096 2691 xime
1121 2660 1286 2701 sequenti
1319 2659 1354 2691 in
1388 2659 1468 2690 edd.
1497 2658 1641 2690 demum
1672 2659 1736 2691 ad-

999 2703 1078 2736 dita
1105 2708 1201 2736 sunt.

1045 2750 1096 2779 11.
1135 2744 1233 2779 ’Ἁλλο
1259 2743 1297 2778 δέ
1320 2756 1376 2777 τοι
1399 2742 1485 2787 ἐρέω
1515 2745 1599 2787 cet.]
1633 2746 1735 2779 Haec

998 2802 1068 2823 non
1110 2795 1209 2823 recte
1255 2790 1392 2822 omissa
1438 2793 1522 2822 sunt
1566 2790 1603 2822 in
1653 2791 1736 2824 edd.

999 2838 1105 2868 vett.:
1159 2845 1241 2866 nam
1289 2834 1511 2876 respondent
1552 2834 1736 2878 principio

997 2878 1069 2912 loci
1089 2878 1288 2922 virgiliani
1308 2878 1371 2921 qui
1391 2879 1529 2923 legitur
1551 2880 1572 2919 S
1594 2882 1645 2912 10.
