1871 3126
131 146 186 188 36
202 148 357 200 perunt.
419 141 494 182 Est
527 140 645 181 etiam
675 140 862 182 Nundina
886 142 1161 183 Romanorum
1191 142 1265 183 dea
1297 156 1320 184 a
1344 157 1452 185 nono
1478 144 1540 186 die
1569 157 1733 186 nascen-

199 201 299 241 tium
338 201 584 250 nuncupata,
631 196 701 250 qui
731 196 918 238 lustricus
955 198 1109 238 dicitur.
1168 198 1243 239 Est
1275 204 1407 240 autem
1435 200 1517 241 dies
1548 201 1735 242 lustricus

133 269 304 311 [2831quo
336 253 504 293 infantes
533 252 752 293 lustrantur
779 258 818 294 et
842 267 989 294 nomen
1023 253 1244 308 accipiunt:
1293 256 1363 296 sed
1394 256 1426 296 is
1458 257 1632 298 maribus
1662 271 1733 297 no-

200 325 286 360 nus,
313 315 476 350 octavus
510 314 570 349 est
598 307 766 349 feminis.

132 368 185 409 37
308 366 451 413 Plene,
497 370 543 404 ut
586 364 776 413 arbitror,
821 363 913 404 anni
949 378 994 404 ac
1033 364 1229 405 mensium
1266 365 1553 407 constitutione
1583 367 1735 420 digesta

198 421 318 462 habet
348 422 482 462 Horus
515 434 677 474 quoque
709 426 845 461 noster
876 420 984 474 quod
1023 421 1071 460 de
1105 420 1259 461 dierum
1291 421 1494 461 vocabulis
1530 427 1570 462 et
1599 423 1734 463 obser-

198 477 357 520 vatione
398 476 610 517 consuluit.
669 477 723 517 Et
760 476 860 517 scire
899 476 1084 529 equidem
1121 476 1259 525 velim,
1307 476 1503 530 numquid
1538 477 1588 518 sit
1628 478 1736 531 quod

198 539 361 588 argutus
392 533 570 586 Niligena
601 537 641 573 et
670 533 797 586 gentis
826 532 960 573 accola
988 546 1247 573 numerorum
1281 533 1453 585 potentis
1482 546 1528 573 ex
1557 532 1632 573 hoc
1673 546 1736 573 or—

200 590 291 631 dine
323 591 528 630 Romanae
565 588 871 642 dispensationis
912 587 1097 636 inrideat,
1141 602 1191 629 an
1222 589 1397 628 Tuscum
1428 602 1590 642 quoque
1620 589 1736 629 Tibe-

133 648 187 690 38
201 646 273 686 rim
312 645 461 699 aliquid
499 658 546 684 ex
584 644 799 698 disciplinis
830 643 912 684 suis
941 643 1120 684 hausisse
1151 644 1384 684 consentiat.
1446 644 1625 685 Subiecit
1652 645 1735 685 Eu-

201 701 391 743 stathius:
420 701 509 742 Non
539 700 668 740 solum
700 701 835 740 Horus
865 705 1020 748 noster,
1050 700 1178 753 gravis
1203 699 1261 740 vir
1288 705 1327 740 et
1357 705 1542 747 ornatus,
1569 700 1635 740 sed
1664 714 1737 740 nec

201 757 413 812 quisquam
452 756 572 804 alius,
616 760 661 796 ut
700 755 889 804 aestimo,
930 760 1010 795 tam
1037 754 1158 796 futilis
1190 760 1325 809 posset
1354 768 1441 795 esse
1468 755 1622 804 iudicii,
1667 756 1736 809 qui

200 812 371 854 Romani
402 812 494 852 anni
527 811 582 851 sic
612 811 660 851 ad
692 824 887 864 unguem,
917 816 964 851 ut
993 810 1123 859 aiunt,
1156 811 1409 852 emendatum
1443 810 1623 851 ordinem
1656 825 1735 852 non

201 869 399 924 probaret,
420 868 484 908 cui
514 866 702 907 maiorem
732 866 897 919 gratiam
926 872 965 906 et
991 872 1107 907 tenax
1137 866 1327 906 memoria
1354 870 1393 905 et
1421 866 1621 907 luculenta
1648 880 1735 907 ora-

200 925 256 965 tio
287 923 491 964 referentis
521 922 675 962 adiecit.
735 923 817 963 Nec
858 921 1021 970 mirum,
1066 922 1098 961 si
1133 921 1230 962 haec
1268 921 1435 975 digeries
1467 935 1644 962 morsum
1675 936 1735 963 re-

201 978 475 1035 prehensionis
512 978 654 1027 evasit,
695 977 759 1017 cui
793 977 982 1017 accersita
1016 982 1075 1017 est
1104 977 1152 1017 ab
1184 980 1366 1030 Aegypto
1396 982 1621 1030 postremae
1651 991 1736 1018 cor-

135 1038 188 1079 39
202 1035 389 1077 rectionis
424 1033 650 1075 auctoritas.
716 1034 814 1074 Nam
847 1033 975 1073 Iulius
1004 1032 1150 1074 Cacsar
1189 1037 1234 1073 ut
1271 1032 1446 1072 siderum
1488 1038 1642 1081 motus,
1689 1033 1739 1074 de

202 1092 348 1146 quibus
376 1105 457 1130 non
490 1089 671 1130 indoctos
701 1088 822 1129 libros
853 1088 1032 1142 reliquit,
1072 1088 1120 1128 ab
1152 1087 1358 1141 Aegyptiis
1392 1087 1608 1142 disciplinis
1640 1088 1737 1129 hau-

203 1148 264 1197 sit,
298 1147 350 1187 ita
383 1146 459 1187 hoc
485 1159 647 1199 quoque
679 1158 726 1184 ex
755 1144 891 1185 eadem
920 1144 1168 1184 institutione
1194 1148 1399 1184 mutuatus
1427 1149 1498 1191 est,
1527 1149 1573 1184 ut
1599 1144 1648 1184 ad
1675 1158 1738 1185 so—

136 1204 248 1244 40115
283 1216 442 1243 cursum
486 1200 647 1241 liniendi
683 1200 775 1240 anni
814 1205 970 1253 tempus
1008 1199 1248 1240 extenderet.
1313 1198 1415 1239 Latii
1456 1213 1549 1240 vero
1587 1205 1738 1241 veteres

203 1259 366 1307 incolae,
399 1257 493 1311 quia
521 1256 616 1297 nihil
647 1256 723 1296 iam
754 1262 837 1296 tum
870 1256 1021 1296 discere
1050 1256 1099 1296 ab
1127 1258 1310 1308 Aegypto
1344 1254 1504 1304 licebat,
1538 1255 1586 1295 ad
1619 1269 1738 1309 quam

204 1315 335 1356 nullus
375 1314 449 1354 illis
484 1317 731 1354 commeatus
773 1312 954 1366 patebat,
995 1325 1147 1352 morem
1187 1310 1379 1352 Graeciae
1410 1310 1449 1350 in
1485 1312 1739 1353 numerandis

291 1435 394 1479 [Mss.
420 1434 585 1467 ABGPS.

202 1492 272 1533 i-g.
317 1491 406 1523 iuter
430 1489 647 1522 trinundino
671 1488 695 1519 S
720 1488 765 1526 (A
791 1488 863 1519 del.
886 1488 967 1529 ter).
1103 1490 1157 1519 36.
1196 1488 1358 1520 [astricus
1390 1488 1462 1518 dies
1488 1486 1563 1519 BG.
1608 1506 1643 1510 —
1682 1490 1741 1521 sed

203 1532 268 1568 his
292 1534 426 1566 ABGS.
564 1535 617 1564 37.
658 1533 764 1564 Pleni
785 1535 822 1564 δ.
844 1550 887 1555 -
909 1543 1040 1574 qnoque
1064 1543 1133 1564 oni.
1157 1532 1261 1564 s-bP.
1287 1551 1325 1555 —
1354 1532 1511 1564 consulit
1535 1543 1565 1562 z.
1591 1550 1633 1555 —
1658 1534 1741 1575 qui-

203 1582 280 1612 dem
306 1579 383 1610 BG.
407 1596 449 1601 --
475 1577 678 1619 discipulis
705 1577 760 1618 (in
789 1587 861 1618 mg.
885 1577 1114 1619 disciplinis)
1141 1576 1179 1608 S.
1207 1594 1248 1599 -—
1275 1576 1421 1607 habere
1447 1577 1545 1616 (sup.
1564 1576 1741 1616 hausisse)

204 1625 248 1656 G.
383 1625 440 1654 38.
485 1621 706 1653 Eustachius
734 1621 866 1652 AGvic.
913 1639 952 1644 --
996 1622 1035 1653 ι’·ιι
1050 1627 1099 1653 ter
1126 1625 1225 1662 (sup.
1253 1620 1323 1657 νῖν)
1350 1631 1490 1663 graves
1516 1624 1615 1661 (sup.
1643 1622 1672 1658 i)
1701 1621 1742 1652 B.

202 1673 317 1700 noster
341 1668 454 1699 inter
476 1676 619 1708 graves
646 1666 698 1696 vir
723 1665 767 1696 G.
795 1682 835 1688 —
861 1666 1034 1697 existimo
1061 1665 1173 1707 Sugb.
1221 1666 1351 1697 extimo
1379 1664 1473 1696 vich.
1509 1683 1545 1687 —
1583 1664 1652 1697 Nec
1676 1666 1742 1696 mi-

203 1723 279 1745 rum
386 1711 496 1742 evasit
525 1709 798 1751 reprehensionis
827 1709 918 1751 (sic)
952 1710 1034 1741 add.
1076 1709 1110 1741 in
1151 1721 1223 1752 ing.
1256 1709 1298 1740 G.
1336 1726 1376 1731 —-—
1412 1709 1600 1741 arcessita
1634 1709 1742 1741 ‹l-bP.

337 1757 391 1787 39.
430 1755 479 1787 de
504 1755 622 1786 eadem
651 1758 750 1794 (sup.
777 1756 834 1791 ex)
862 1754 906 1785 G.

204 1866 360 1898 interest
382 1863 476 1895 inter
499 1862 604 1894 binas
629 1862 820 1894 nundinas.
868 1862 940 1893 Eo-

205 1910 286 1941 dem
325 1920 432 1941 sensu
473 1918 491 1938 e
527 1908 619 1939 Mar.
656 1907 829 1938 Victorin.
871 1911 939 1938 art.

205 1964 359 1996 grauun.
385 1953 418 1993 Ι,
443 1953 541 1983 2469.
575 1950 731 1983 affertur
760 1952 940 1983 intermin-

205 1999 362 2030 (linium.

250 2044 304 2073 36.
364 2039 530 2071 Nuudiua
580 2039 812 2069 Romanorum
862 2038 940 2080 dea]

204 2086 306 2117 Haec
333 2085 402 2115 hoc
427 2084 506 2114 solo
532 2083 610 2114 loco
635 2086 941 2114 connnemoratur

204 2140 226 2162 a
249 2128 429 2170 scriptore
454 2130 588 2159 vetere.
629 2125 683 2157 Cf.
711 2126 891 2168 Hartung.
915 2126 941 2158 Ι.

205 2186 238 2216 p.
268 2176 342 2205 151.
367 2176 403 2203 et
430 2172 475 2202 ll.
503 2182 536 2212 p.
559 2171 637 2201 244.

250 2218 323 2250 (lies
371 2215 544 2256 lustricus]
603 2213 810 2253 „Lustricus
857 2214 941 2251 dies,

208 2261 412 2294 Nominalia
428 2257 663 2291 Tertulliano
691 2267 767 2298 cap.
787 2260 818 2289 6.
846 2257 941 2288 libro

205 2307 250 2338 de
274 2303 499 2338 Idololatria.
546 2301 795 2333 Glossarium:
823 2301 940 2333 Nomi-

204 2351 322 2389 ualia,
347 2345 651 2389 ὁνοματοθεσία.“
674 2346 786 2377 Pom.
816 2363 853 2368 -—
885 2344 939 2376 Cf.

205 2395 305 2426 Fest.
328 2404 385 2434 ap.
407 2392 510 2423 Paul.
532 2390 633 2422 Diae.
660 2390 722 2421 lib.
746 2391 791 2421 X.
815 2401 845 2430 p.
867 2392 941 2420 120.

206 2438 337 2470 Muell.
383 2436 576 2468 Lustrici
618 2435 707 2466 dies
750 2434 941 2473 infantium

206 2483 447 2525 appellantur,
470 2480 718 2522 puellarum
749 2483 941 2517 octavus,

204 2536 432 2569 puerorum
469 2534 625 2563 nonus,
670 2523 751 2564 quia
790 2522 844 2554 his
886 2522 941 2553 lu-

206 2576 364 2603 strantur
388 2574 490 2610 atque
515 2569 557 2599 iis
586 2568 726 2599 nomina
758 2567 941 2608 imponun-

206 2621 273 2647 tur.
348 2612 520 2646 Γενέθλια
566 2612 633 2643 lios
679 2611 757 2643 dies
805 2610 942 2642 dixisse

207 2659 369 2690 Graecos
397 2661 518 2689 monet
544 2655 746 2687 Muellerus
771 2655 814 2686 ad
842 2655 878 2686 h.
907 2655 944 2693 l.,

204 2699 437 2744 Ἀμφιδρόμια
476 2701 646 2742 Scaliger
691 2701 734 2731 ad
777 2699 942 2730 eundem.

208 2746 523 2778 Counnemuratur
555 2746 627 2776 dies
660 2744 821 2776 lustricus
848 2742 942 2785 apud

208 2790 355 2821 Sueton.
380 2790 462 2821 Ner.
481 2792 514 2820 6.
540 2793 574 2821 et
593 2800 635 2820 ex
662 2788 801 2820 emend.
821 2788 943 2818 Meur—

208 2833 254 2864 sii
279 2834 412 2865 Aruob.
439 2834 505 2872 ΙΙΙ,
528 2835 559 2864 4.
593 2833 665 2864 Cur
691 2832 816 2874 pueris
839 2841 944 2869 nono,

209 2877 345 2918 puellis
370 2883 498 2910 octavo
526 2878 585 2909 die
616 2877 701 2909 data
732 2879 856 2909 essent
881 2885 944 2907 no-

1043 1755 1097 1786 40.
1139 1755 1181 1786 ab
1210 1753 1404 1797 aegyptiis
1431 1755 1485 1784 vl.
1511 1770 1552 1776 -
1578 1755 1743 1786 mensium

1010 1862 1126 1901 mina,
1168 1861 1346 1894 disseruit
1376 1861 1565 1894 Plutarch.
1595 1862 1743 1903 Quaest.

1009 1908 1112 1938 Rom.
1148 1918 1177 1939 c.
1204 1910 1277 1938 102.
1326 1905 1410 1937 Vid.
1451 1911 1641 1948 praeterea
1675 1906 1744 1938 Lo—

1010 1951 1113 1982 beelr.
1134 1952 1157 1981 l.
1183 1962 1213 1992 p.
1233 1952 1310 1981 434.
1344 1950 1526 1993 Hartung.
1547 1951 1594 1982 Il.
1621 1953 1742 1992 p.244.

1008 1994 1163 2026 Becker.
1189 1995 1287 2026 Gall.
1313 1994 1339 2025 l.
1366 2005 1397 2035 p.
1422 1996 1478 2025 26.

1052 2040 1106 2070 37.
1155 2038 1339 2079 consuluit]
1379 2037 1459 2069 Vid.
1499 2037 1667 2079 prolegg.
1709 2049 1742 2080 p.

1008 2092 1105 2114 xmv.

1056 2124 1240 2168 Niligena]
1269 2122 1361 2154 lbid.
1393 2135 1425 2165 p.
1452 2134 1523 2155 xxx
1548 2135 1600 2165 sq.

1053 2171 1169 2212 gentis
1191 2193 1220 2200 ..
1242 2178 1459 2199 numerorum
1481 2168 1643 2210 potentis]
1666 2168 1743 2200 vid.

1010 2219 1083 2244 not.
1109 2214 1150 2244 ad
1177 2224 1206 2244 e.
1230 2215 1263 2243 9.
1288 2211 1306 2253 Q
1330 2214 1362 2242 6.
1385 2216 1421 2243 et
1443 2212 1490 2243 cf.
1519 2215 1623 2244 e.15.
1650 2213 1666 2254 ἕ
1696 2215 1741 2244 l.:

1011 2258 1163 2299 Aegypti
1187 2257 1308 2288 matris
1333 2257 1469 2287 artium.

1059 2302 1203 2333 Tuscum
1226 2311 1357 2342 quoqne
1381 2298 1539 2341 Tiberim]
1564 2300 1643 2331 Hoc
1668 2299 1744 2331 dic-

1010 2349 1084 2376 tum
1119 2356 1200 2377 esse
1237 2344 1380 2375 videtur
1413 2348 1563 2386 propter
1598 2348 1746 2376 antece-

1010 2389 1099 2420 dens
1127 2390 1310 2432 ,Niligeum

1052 2436 1106 2464 38.
1159 2434 1236 2465 Non
1272 2431 1392 2474 solum]
1433 2431 1555 2463 Altera
1594 2430 1744 2473 negatio

1010 2477 1254 2520 intelligenda
1293 2481 1348 2508 est
1387 2487 1429 2507 ex
1467 2475 1513 2506 iis
1554 2485 1646 2515 quae
1686 2485 1744 2506 se-

1009 2526 1187 2563 quuntur:
1214 2532 1274 2553 nee
1300 2520 1480 2562 quisquam
1504 2518 1614 2556 alius,
1638 2518 1743 2559 (lilasi

1011 2570 1183 2607 sequatur
1220 2565 1278 2596 sed
1317 2574 1358 2595 ue
1398 2586 1428 2595 ..
1470 2563 1625 2604 quidem,
1672 2563 1743 2594 vid.

1010 2611 1180 2652 prolegg.
1208 2621 1240 2651 p.
1267 2618 1342 2639 xm.

1056 2655 1102 2685 ad
1130 2651 1294 2695 unguem]
1323 2650 1379 2682 Cf.
1402 2649 1543 2680 Colum.
1562 2647 1622 2684 xl,
1640 2650 1673 2687 2,
1690 2650 1742 2680 13.

1011 2698 1139 2729 Horat.
1163 2697 1238 2728 Sat.
1262 2697 1288 2733 l,
1311 2697 1343 2731 5,
1371 2696 1444 2731 32,
1472 2693 1512 2724 A.
1535 2692 1575 2723 P.
1599 2693 1677 2723 294.

1057 2742 1099 2773 ab
1121 2739 1295 2783 Aegypto]
1321 2738 1377 2769 Cf.
1405 2749 1435 2768 c.
1463 2739 1516 2768 14.
1540 2736 1557 2777 ᾗ
1583 2738 1615 2766 3.

1054 2788 1107 2816 39.
1157 2785 1203 2815 ad
1227 2783 1308 2815 solis
1333 2781 1483 2822 cursum]
1510 2780 1564 2811 Cf.
1593 2779 1616 2811 l.
1642 2791 1673 2811 c.
1697 2780 1744 2812 acl

1009 2839 1186 2861 numerum
1209 2827 1303 2859 solis.

1054 2874 1108 2905 40.
1155 2872 1244 2904 nihil
1265 2873 1335 2904 iam
1357 2868 1442 2911 tum]
1466 2868 1666 2910 Exspeetes
1687 2869 1742 2900 ni-
