<?xml version="1.0" encoding="UTF-8"?>
<!DOCTYPE html PUBLIC "-//W3C//DTD XHTML 1.0 Transitional//EN"
    "http://www.w3.org/TR/xhtml1/DTD/xhtml1-transitional.dtd">
<html xmlns="http://www.w3.org/1999/xhtml" xml:lang="en" lang="en">
 <head>
  <title>
</title>
<meta http-equiv="Content-Type" content="text/html;charset=utf-8" />
  <meta name='ocr-system' content='tesseract 3.04.00' />
  <meta name='ocr-capabilities' content='ocr_page ocr_carea ocr_par ocr_line ocrx_word'/>
</head>
<body>
  <div class='ocr_page' id='page_1' title='image "./operaquaesupersu02macruoft/operaquaesupersu02macruoft_0523.png"; bbox 0 0 1843 3163; ppageno 0'>
   <div class='ocr_carea' id='block_1_1' title="bbox 388 67 1614 114">
    <p class='ocr_par' dir='ltr' id='par_1_1' title="bbox 388 67 1614 114">
     <span class='ocr_line' id='line_1_1' title="bbox 388 67 1614 114; baseline 0.002 -3"><span class='ocrx_word' id='word_1_1' title='bbox 388 67 859 111; x_wconf 69' lang='lat' dir='ltr'>SATURNALIORUM</span> <span class='ocrx_word' id='word_1_2' title='bbox 891 69 990 109; x_wconf 86' lang='lat' dir='ltr'>LlB.</span> <span class='ocrx_word' id='word_1_3' title='bbox 1023 69 1091 110; x_wconf 87' lang='lat' dir='ltr'>Vl.</span> <span class='ocrx_word' id='word_1_4' title='bbox 1131 70 1248 111; x_wconf 82' lang='lat' dir='ltr'>CAP.</span> <span class='ocrx_word' id='word_1_5' title='bbox 1279 71 1305 110; x_wconf 87' lang='grc' dir='ltr'>Ι.</span> <span class='ocrx_word' id='word_1_6' title='bbox 1533 74 1614 114; x_wconf 78' lang='grc'>497</span> 
     </span>
    </p>
   </div>
   <div class='ocr_carea' id='block_1_2' title="bbox 69 179 1681 1406">
    <p class='ocr_par' dir='ltr' id='par_1_2' title="bbox 69 179 1681 960">
     <span class='ocr_line' id='line_1_2' title="bbox 74 179 1681 239; baseline 0.006 -18"><span class='ocrx_word' id='word_1_7' title='bbox 74 179 262 221; x_wconf 91' lang='lat' dir='ltr'>omnibus</span> <span class='ocrx_word' id='word_1_8' title='bbox 294 179 411 220; x_wconf 85' lang='lat' dir='ltr'>flores</span> <span class='ocrx_word' id='word_1_9' title='bbox 441 180 500 220; x_wconf 77' lang='lat' dir='ltr'>vel</span> <span class='ocrx_word' id='word_1_10' title='bbox 530 193 633 234; x_wconf 88' lang='lat' dir='ltr'>quae</span> <span class='ocrx_word' id='word_1_11' title='bbox 663 180 700 220; x_wconf 93' lang='lat' dir='ltr'>in</span> <span class='ocrx_word' id='word_1_12' title='bbox 731 180 915 220; x_wconf 78' lang='lat' dir='ltr'>carminis</span> <span class='ocrx_word' id='word_1_13' title='bbox 950 181 1009 221; x_wconf 93' lang='lat' dir='ltr'>sui</span> <span class='ocrx_word' id='word_1_14' title='bbox 1042 181 1227 222; x_wconf 76' lang='lat' dir='ltr'>decorem</span> <span class='ocrx_word' id='word_1_15' title='bbox 1257 195 1303 221; x_wconf 81' lang='lat' dir='ltr'>ex</span> <span class='ocrx_word' id='word_1_16' title='bbox 1335 181 1499 223; x_wconf 73' lang='lat' dir='ltr'>divorsis</span> <span class='ocrx_word' id='word_1_17' title='bbox 1524 196 1681 239; x_wconf 71' lang='lat' dir='ltr'>or—ffis2}</span> 
     </span>
     <span class='ocr_line' id='line_1_3' title="bbox 74 235 1614 292; baseline 0.002 -15"><span class='ocrx_word' id='word_1_18' title='bbox 74 241 259 277; x_wconf 89' lang='lat' dir='ltr'>namenta</span> <span class='ocrx_word' id='word_1_19' title='bbox 289 236 489 284; x_wconf 79' lang='lat' dir='ltr'>libaverit,</span> <span class='ocrx_word' id='word_1_20' title='bbox 523 237 774 276; x_wconf 76' lang='lat' dir='ltr'>‹›‹.·‹·asionem</span> <span class='ocrx_word' id='word_1_21' title='bbox 806 235 1118 290; x_wconf 81' lang='lat' dir='ltr'>reprehendendi</span> <span class='ocrx_word' id='word_1_22' title='bbox 1153 238 1207 277; x_wconf 68' lang='lat' dir='ltr'>w!</span> <span class='ocrx_word' id='word_1_23' title='bbox 1238 237 1414 292; x_wconf 88' lang='lat' dir='ltr'>inperitis</span> <span class='ocrx_word' id='word_1_24' title='bbox 1445 240 1501 280; x_wconf 70' lang='lat' dir='ltr'>vol</span> <span class='ocrx_word' id='word_1_25' title='bbox 1534 254 1614 281; x_wconf 92' lang='lat' dir='ltr'>ma-</span> 
     </span>
     <span class='ocr_line' id='line_1_4' title="bbox 73 292 1615 348; baseline 0.003 -16"><span class='ocrx_word' id='word_1_26' title='bbox 73 292 188 346; x_wconf 83' lang='lat' dir='ltr'>lignis</span> <span class='ocrx_word' id='word_1_27' title='bbox 218 292 457 340; x_wconf 79' lang='lat' dir='ltr'>ministrem,</span> <span class='ocrx_word' id='word_1_28' title='bbox 508 292 842 346; x_wconf 75' lang='lat' dir='ltr'>exprobrantibus</span> <span class='ocrx_word' id='word_1_29' title='bbox 882 298 992 331; x_wconf 87' lang='lat' dir='ltr'>tanto</span> <span class='ocrx_word' id='word_1_30' title='bbox 1026 293 1110 332; x_wconf 75' lang='lat' dir='ltr'>viro</span> <span class='ocrx_word' id='word_1_31' title='bbox 1149 294 1265 334; x_wconf 88' lang='lat' dir='ltr'>alieni</span> <span class='ocrx_word' id='word_1_32' title='bbox 1301 296 1615 348; x_wconf 74' lang='lat' dir='ltr'>usurpationem,</span> 
     </span>
     <span class='ocr_line' id='line_1_5' title="bbox 73 347 1615 405; baseline 0.003 -17"><span class='ocrx_word' id='word_1_33' title='bbox 73 362 145 388; x_wconf 85' lang='lat' dir='ltr'>nee</span> <span class='ocrx_word' id='word_1_34' title='bbox 174 347 520 388; x_wconf 82' lang='lat' dir='ltr'>‹·‹msi‹lerantibus</span> <span class='ocrx_word' id='word_1_35' title='bbox 552 348 654 388; x_wconf 88' lang='lat' dir='ltr'>bum·</span> <span class='ocrx_word' id='word_1_36' title='bbox 687 363 772 387; x_wconf 82' lang='lat' dir='ltr'>csse</span> <span class='ocrx_word' id='word_1_37' title='bbox 805 348 975 387; x_wconf 78' lang='lat' dir='ltr'>fructum</span> <span class='ocrx_word' id='word_1_38' title='bbox 1007 347 1183 397; x_wconf 66' lang='lat' dir='ltr'>legendi,</span> <span class='ocrx_word' id='word_1_39' title='bbox 1215 350 1406 390; x_wconf 82' lang='lat' dir='ltr'>aemulari</span> <span class='ocrx_word' id='word_1_40' title='bbox 1437 366 1480 391; x_wconf 79' lang='lat' dir='ltr'>ea</span> <span class='ocrx_word' id='word_1_41' title='bbox 1511 365 1615 405; x_wconf 85' lang='lat' dir='ltr'>quae</span> 
     </span>
     <span class='ocr_line' id='line_1_6' title="bbox 73 403 1612 457; baseline 0.003 -14"><span class='ocrx_word' id='word_1_42' title='bbox 73 404 110 443; x_wconf 94' lang='lat' dir='ltr'>in</span> <span class='ocrx_word' id='word_1_43' title='bbox 139 404 224 443; x_wconf 87' lang='lat' dir='ltr'>aliis</span> <span class='ocrx_word' id='word_1_44' title='bbox 255 404 398 457; x_wconf 86' lang='lat' dir='ltr'>probes</span> <span class='ocrx_word' id='word_1_45' title='bbox 427 410 465 443; x_wconf 84' lang='lat' dir='ltr'>et</span> <span class='ocrx_word' id='word_1_46' title='bbox 497 418 600 457; x_wconf 83' lang='lat' dir='ltr'>quae</span> <span class='ocrx_word' id='word_1_47' title='bbox 631 405 800 443; x_wconf 74' lang='lat' dir='ltr'>maxime</span> <span class='ocrx_word' id='word_1_48' title='bbox 828 403 929 442; x_wconf 82' lang='lat' dir='ltr'>inter</span> <span class='ocrx_word' id='word_1_49' title='bbox 958 403 1127 442; x_wconf 83' lang='lat' dir='ltr'>aliorum</span> <span class='ocrx_word' id='word_1_50' title='bbox 1159 404 1260 443; x_wconf 76' lang='lat' dir='ltr'>dicta</span> <span class='ocrx_word' id='word_1_51' title='bbox 1290 406 1441 446; x_wconf 80' lang='lat' dir='ltr'>mireris</span> <span class='ocrx_word' id='word_1_52' title='bbox 1475 408 1511 447; x_wconf 91' lang='lat' dir='ltr'>in</span> <span class='ocrx_word' id='word_1_53' title='bbox 1544 408 1612 448; x_wconf 82' lang='lat' dir='ltr'>ali-</span> 
     </span>
     <span class='ocr_line' id='line_1_7' title="bbox 72 459 1611 514; baseline 0.003 -15"><span class='ocrx_word' id='word_1_54' title='bbox 72 474 190 513; x_wconf 91' lang='lat' dir='ltr'>quem</span> <span class='ocrx_word' id='word_1_55' title='bbox 218 474 334 499; x_wconf 88' lang='lat' dir='ltr'>usum</span> <span class='ocrx_word' id='word_1_56' title='bbox 372 466 484 499; x_wconf 83' lang='lat' dir='ltr'>tuum</span> <span class='ocrx_word' id='word_1_57' title='bbox 522 465 718 514; x_wconf 79' lang='lat' dir='ltr'>oportuna</span> <span class='ocrx_word' id='word_1_58' title='bbox 752 459 996 499; x_wconf 69' lang='lat' dir='ltr'>derivatione</span> <span class='ocrx_word' id='word_1_59' title='bbox 1027 465 1277 506; x_wconf 65' lang='lat' dir='ltr'>comestore,</span> <span class='ocrx_word' id='word_1_60' title='bbox 1318 463 1425 514; x_wconf 80' lang='lat' dir='ltr'>quod</span> <span class='ocrx_word' id='word_1_61' title='bbox 1463 470 1501 502; x_wconf 83' lang='lat' dir='ltr'>et</span> <span class='ocrx_word' id='word_1_62' title='bbox 1543 479 1611 503; x_wconf 92' lang='lat' dir='ltr'>no-</span> 
     </span>
     <span class='ocr_line' id='line_1_8' title="bbox 71 514 1614 568; baseline 0.003 -13"><span class='ocrx_word' id='word_1_63' title='bbox 71 516 141 555; x_wconf 84' lang='lat' dir='ltr'>stri</span> <span class='ocrx_word' id='word_1_64' title='bbox 179 521 256 555; x_wconf 88' lang='lat' dir='ltr'>tam</span> <span class='ocrx_word' id='word_1_65' title='bbox 298 515 399 555; x_wconf 85' lang='lat' dir='ltr'>inter</span> <span class='ocrx_word' id='word_1_66' title='bbox 427 530 468 555; x_wconf 88' lang='lat' dir='ltr'>se</span> <span class='ocrx_word' id='word_1_67' title='bbox 495 529 613 568; x_wconf 91' lang='lat' dir='ltr'>quam</span> <span class='ocrx_word' id='word_1_68' title='bbox 647 528 667 554; x_wconf 86' lang='lat' dir='ltr'>a</span> <span class='ocrx_word' id='word_1_69' title='bbox 699 514 862 555; x_wconf 74' lang='lat' dir='ltr'>Graecis</span> <span class='ocrx_word' id='word_1_70' title='bbox 893 519 931 553; x_wconf 74' lang='lat' dir='ltr'>ot</span> <span class='ocrx_word' id='word_1_71' title='bbox 964 516 1210 554; x_wconf 75' lang='lat' dir='ltr'>Graecorum</span> <span class='ocrx_word' id='word_1_72' title='bbox 1246 517 1480 557; x_wconf 67' lang='lat' dir='ltr'>excellentes</span> <span class='ocrx_word' id='word_1_73' title='bbox 1512 520 1614 559; x_wconf 82' lang='lat' dir='ltr'>inter</span> 
     </span>
     <span class='ocr_line' id='line_1_9' title="bbox 71 570 1651 626; baseline 0.003 -16"><span class='ocrx_word' id='word_1_74' title='bbox 71 584 112 611; x_wconf 88' lang='lat' dir='ltr'>se</span> <span class='ocrx_word' id='word_1_75' title='bbox 143 586 260 625; x_wconf 87' lang='lat' dir='ltr'>saepe</span> <span class='ocrx_word' id='word_1_76' title='bbox 287 570 477 611; x_wconf 73' lang='lat' dir='ltr'>set-crunt.</span> <span class='ocrx_word' id='word_1_77' title='bbox 535 572 609 618; x_wconf 79' lang='lat' dir='ltr'>Et,</span> <span class='ocrx_word' id='word_1_78' title='bbox 637 576 681 610; x_wconf 92' lang='lat' dir='ltr'>ut</span> <span class='ocrx_word' id='word_1_79' title='bbox 709 571 757 610; x_wconf 88' lang='lat' dir='ltr'>de</span> <span class='ocrx_word' id='word_1_80' title='bbox 782 570 1012 620; x_wconf 63' lang='lat' dir='ltr'>alienigenis</span> <span class='ocrx_word' id='word_1_81' title='bbox 1040 575 1214 619; x_wconf 85' lang='lat' dir='ltr'>taceam,</span> <span class='ocrx_word' id='word_1_82' title='bbox 1242 585 1397 625; x_wconf 83' lang='lat' dir='ltr'>possem</span> <span class='ocrx_word' id='word_1_83' title='bbox 1433 574 1651 626; x_wconf 63' lang='lat' dir='ltr'>pluribusss}</span> 
     </span>
     <span class='ocr_line' id='line_1_10' title="bbox 70 625 1612 680; baseline 0.003 -13"><span class='ocrx_word' id='word_1_84' title='bbox 70 627 236 667; x_wconf 80' lang='lat' dir='ltr'>edocere</span> <span class='ocrx_word' id='word_1_85' title='bbox 269 633 463 680; x_wconf 89' lang='lat' dir='ltr'>quantum</span> <span class='ocrx_word' id='word_1_86' title='bbox 500 640 541 666; x_wconf 86' lang='lat' dir='ltr'>se</span> <span class='ocrx_word' id='word_1_87' title='bbox 571 632 710 666; x_wconf 88' lang='lat' dir='ltr'>mutuo</span> <span class='ocrx_word' id='word_1_88' title='bbox 742 625 980 680; x_wconf 83' lang='lat' dir='ltr'>conpilarint</span> <span class='ocrx_word' id='word_1_89' title='bbox 1011 625 1274 667; x_wconf 79' lang='lat' dir='ltr'>l›ibliotb‹.·‹·ae</span> <span class='ocrx_word' id='word_1_90' title='bbox 1307 629 1446 668; x_wconf 71' lang='lat' dir='ltr'>veteris</span> <span class='ocrx_word' id='word_1_91' title='bbox 1475 636 1612 671; x_wconf 83' lang='lat' dir='ltr'>aueto-</span> 
     </span>
     <span class='ocr_line' id='line_1_11' title="bbox 71 681 1610 738; baseline 0.001 -15"><span class='ocrx_word' id='word_1_92' title='bbox 71 696 151 723; x_wconf 82' lang='lat' dir='ltr'>res:</span> <span class='ocrx_word' id='word_1_93' title='bbox 181 683 289 736; x_wconf 93' lang='lat' dir='ltr'>quod</span> <span class='ocrx_word' id='word_1_94' title='bbox 319 688 450 722; x_wconf 88' lang='lat' dir='ltr'>tamen</span> <span class='ocrx_word' id='word_1_95' title='bbox 477 687 677 736; x_wconf 87' lang='lat' dir='ltr'>oportune</span> <span class='ocrx_word' id='word_1_96' title='bbox 707 681 818 730; x_wconf 90' lang='lat' dir='ltr'>alias,</span> <span class='ocrx_word' id='word_1_97' title='bbox 844 681 874 722; x_wconf 92' lang='lat' dir='ltr'>si</span> <span class='ocrx_word' id='word_1_98' title='bbox 907 682 1132 722; x_wconf 78' lang='lat' dir='ltr'>volentibus</span> <span class='ocrx_word' id='word_1_99' title='bbox 1159 683 1269 723; x_wconf 69' lang='lat' dir='ltr'>vobis</span> <span class='ocrx_word' id='word_1_100' title='bbox 1297 683 1386 731; x_wconf 82' lang='lat' dir='ltr'>erit,</span> <span class='ocrx_word' id='word_1_101' title='bbox 1419 686 1610 738; x_wconf 87' lang='lat' dir='ltr'>probabo.</span> 
     </span>
     <span class='ocr_line' id='line_1_12' title="bbox 73 737 1610 793; baseline 0.001 -14"><span class='ocrx_word' id='word_1_102' title='bbox 73 739 202 779; x_wconf 80' lang='lat' dir='ltr'>Unum</span> <span class='ocrx_word' id='word_1_103' title='bbox 232 752 336 778; x_wconf 86' lang='lat' dir='ltr'>nune</span> <span class='ocrx_word' id='word_1_104' title='bbox 362 738 588 791; x_wconf 82' lang='lat' dir='ltr'>exemplum</span> <span class='ocrx_word' id='word_1_105' title='bbox 617 737 835 792; x_wconf 85' lang='lat' dir='ltr'>proferam,</span> <span class='ocrx_word' id='word_1_106' title='bbox 879 737 986 791; x_wconf 88' lang='lat' dir='ltr'>quod</span> <span class='ocrx_word' id='word_1_107' title='bbox 1018 738 1064 777; x_wconf 92' lang='lat' dir='ltr'>ad</span> <span class='ocrx_word' id='word_1_108' title='bbox 1101 739 1306 792; x_wconf 90' lang='lat' dir='ltr'>probanda</span> <span class='ocrx_word' id='word_1_109' title='bbox 1337 753 1440 793; x_wconf 87' lang='lat' dir='ltr'>quae</span> <span class='ocrx_word' id='word_1_110' title='bbox 1470 741 1610 781; x_wconf 86' lang='lat' dir='ltr'>adsero</span> 
     </span>
     <span class='ocr_line' id='line_1_13' title="bbox 69 792 1650 849; baseline 0.003 -16"><span class='ocrx_word' id='word_1_111' title='bbox 69 807 194 848; x_wconf 88' lang='lat' dir='ltr'>paene</span> <span class='ocrx_word' id='word_1_112' title='bbox 231 792 412 834; x_wconf 80' lang='lat' dir='ltr'>sufficiet.</span> <span class='ocrx_word' id='word_1_113' title='bbox 478 793 666 834; x_wconf 78' lang='lat' dir='ltr'>Afranius</span> <span class='ocrx_word' id='word_1_114' title='bbox 704 794 808 833; x_wconf 89' lang='lat' dir='ltr'>enim</span> <span class='ocrx_word' id='word_1_115' title='bbox 844 799 1067 846; x_wconf 75' lang='lat' dir='ltr'>togatarum</span> <span class='ocrx_word' id='word_1_116' title='bbox 1105 794 1276 848; x_wconf 80' lang='lat' dir='ltr'>scriptor</span> <span class='ocrx_word' id='word_1_117' title='bbox 1315 795 1353 835; x_wconf 93' lang='lat' dir='ltr'>in</span> <span class='ocrx_word' id='word_1_118' title='bbox 1390 810 1434 836; x_wconf 89' lang='lat' dir='ltr'>ea</span> <span class='ocrx_word' id='word_1_119' title='bbox 1477 799 1650 849; x_wconf 77' lang='lat' dir='ltr'>togata4</span> 
     </span>
     <span class='ocr_line' id='line_1_14' title="bbox 72 849 1610 905; baseline 0.003 -15"><span class='ocrx_word' id='word_1_120' title='bbox 72 863 175 903; x_wconf 88' lang='lat' dir='ltr'>quae</span> <span class='ocrx_word' id='word_1_121' title='bbox 207 850 437 890; x_wconf 70' lang='lat' dir='ltr'>Comu&#39;tole&#39;a</span> <span class='ocrx_word' id='word_1_122' title='bbox 468 850 696 890; x_wconf 82' lang='lat' dir='ltr'>inscribitur</span> <span class='ocrx_word' id='word_1_123' title='bbox 728 864 806 889; x_wconf 87' lang='lat' dir='ltr'>non</span> <span class='ocrx_word' id='word_1_124' title='bbox 841 849 1105 891; x_wconf 72' lang='lat' dir='ltr'>inverecunde</span> <span class='ocrx_word' id='word_1_125' title='bbox 1136 850 1382 904; x_wconf 63' lang='lat' dir='ltr'>respondens</span> <span class='ocrx_word' id='word_1_126' title='bbox 1411 854 1610 905; x_wconf 68' lang='lat' dir='ltr'>arguenti-</span> 
     </span>
     <span class='ocr_line' id='line_1_15' title="bbox 70 865 1029 960; baseline -0.001 -14"><span class='ocrx_word' id='word_1_127' title='bbox 70 905 164 955; x_wconf 83' lang='lat' dir='ltr'>bus,</span> <span class='ocrx_word' id='word_1_128' title='bbox 193 865 310 959; x_wconf 60' lang='lat' dir='ltr'>quoti</span> <span class='ocrx_word' id='word_1_129' title='bbox 331 905 443 959; x_wconf 88' lang='lat' dir='ltr'>plura</span> <span class='ocrx_word' id='word_1_130' title='bbox 473 905 710 960; x_wconf 81' lang='lat' dir='ltr'>sumpsisset</span> <span class='ocrx_word' id='word_1_131' title='bbox 732 920 752 945; x_wconf 91' lang='lat' dir='ltr'>a</span> <span class='ocrx_word' id='word_1_132' title='bbox 784 906 1029 945; x_wconf 86' lang='lat' dir='ltr'>Menandro:</span> 
     </span>
    </p>

    <p class='ocr_par' dir='ltr' id='par_1_3' title="bbox 272 961 1321 1016">
     <span class='ocr_line' id='line_1_16' title="bbox 272 961 1321 1016; baseline 0.001 -15"><span class='ocrx_word' id='word_1_133' title='bbox 272 986 322 990; x_wconf 88' lang='lat'>—</span> <span class='ocrx_word' id='word_1_134' title='bbox 354 962 509 1009; x_wconf 77' lang='lat' dir='ltr'>Fateor,</span> <span class='ocrx_word' id='word_1_135' title='bbox 540 961 687 1015; x_wconf 86' lang='lat' dir='ltr'>inquit,</span> <span class='ocrx_word' id='word_1_136' title='bbox 719 963 879 1016; x_wconf 72' lang='lat' dir='ltr'>sumpsi,</span> <span class='ocrx_word' id='word_1_137' title='bbox 910 976 990 1002; x_wconf 75' lang='lat' dir='ltr'>non</span> <span class='ocrx_word' id='word_1_138' title='bbox 1020 962 1066 1002; x_wconf 80' lang='lat' dir='ltr'>ab</span> <span class='ocrx_word' id='word_1_139' title='bbox 1098 962 1162 1001; x_wconf 74' lang='lat' dir='ltr'>illo</span> <span class='ocrx_word' id='word_1_140' title='bbox 1195 963 1321 1010; x_wconf 80' lang='lat' dir='ltr'>modo,</span> 
     </span>
    </p>

    <p class='ocr_par' dir='ltr' id='par_1_4' title="bbox 269 1017 1282 1073">
     <span class='ocr_line' id='line_1_17' title="bbox 269 1017 1282 1073; baseline -0.001 -15"><span class='ocrx_word' id='word_1_141' title='bbox 269 1017 348 1058; x_wconf 72' lang='lat' dir='ltr'>Sed</span> <span class='ocrx_word' id='word_1_142' title='bbox 385 1026 423 1057; x_wconf 83' lang='lat' dir='ltr'>ul</span> <span class='ocrx_word' id='word_1_143' title='bbox 449 1020 610 1073; x_wconf 77' lang='lat' dir='ltr'>quisque</span> <span class='ocrx_word' id='word_1_144' title='bbox 642 1018 775 1058; x_wconf 71' lang='lat' dir='ltr'>habuit</span> <span class='ocrx_word' id='word_1_145' title='bbox 800 1019 1020 1058; x_wconf 67' lang='lat' dir='ltr'>conveniret</span> <span class='ocrx_word' id='word_1_146' title='bbox 1049 1018 1153 1072; x_wconf 79' lang='lat' dir='ltr'>quod</span> <span class='ocrx_word' id='word_1_147' title='bbox 1181 1019 1282 1058; x_wconf 58' lang='lat' dir='ltr'>milii</span> 
     </span>
    </p>

    <p class='ocr_par' dir='ltr' id='par_1_5' title="bbox 274 1073 1311 1128">
     <span class='ocr_line' id='line_1_18' title="bbox 274 1073 1311 1128; baseline 0.001 -16"><span class='ocrx_word' id='word_1_148' title='bbox 274 1073 463 1128; x_wconf 78' lang='lat' dir='ltr'>Quodque</span> <span class='ocrx_word' id='word_1_149' title='bbox 491 1088 549 1114; x_wconf 81' lang='lat' dir='ltr'>me</span> <span class='ocrx_word' id='word_1_150' title='bbox 579 1088 659 1114; x_wconf 45' lang='lat' dir='ltr'>‘non</span> <span class='ocrx_word' id='word_1_151' title='bbox 685 1089 800 1128; x_wconf 79' lang='lat' dir='ltr'>posse</span> <span class='ocrx_word' id='word_1_152' title='bbox 829 1075 964 1115; x_wconf 71' lang='lat' dir='ltr'>melius</span> <span class='ocrx_word' id='word_1_153' title='bbox 989 1076 1121 1128; x_wconf 80' lang='lat' dir='ltr'>facere</span> <span class='ocrx_word' id='word_1_154' title='bbox 1149 1074 1311 1122; x_wconf 77' lang='lat' dir='ltr'>credidi,</span> 
     </span>
    </p>

    <p class='ocr_par' dir='ltr' id='par_1_6' title="bbox 69 1130 1650 1406">
     <span class='ocr_line' id='line_1_19' title="bbox 270 1130 630 1170; baseline 0.003 -2"><span class='ocrx_word' id='word_1_155' title='bbox 270 1130 399 1169; x_wconf 76' lang='lat' dir='ltr'>Etiam</span> <span class='ocrx_word' id='word_1_156' title='bbox 428 1146 452 1170; x_wconf 87' lang='lat' dir='ltr'>a</span> <span class='ocrx_word' id='word_1_157' title='bbox 476 1130 630 1169; x_wconf 72' lang='lat' dir='ltr'>Latino.</span> 
     </span>
     <span class='ocr_line' id='line_1_20' title="bbox 72 1184 1650 1240; baseline 0.002 -16"><span class='ocrx_word' id='word_1_158' title='bbox 72 1184 194 1233; x_wconf 84' lang='lat' dir='ltr'>Quod</span> <span class='ocrx_word' id='word_1_159' title='bbox 227 1184 257 1224; x_wconf 86' lang='lat' dir='ltr'>si</span> <span class='ocrx_word' id='word_1_160' title='bbox 290 1184 386 1225; x_wconf 84' lang='lat' dir='ltr'>bace</span> <span class='ocrx_word' id='word_1_161' title='bbox 417 1185 586 1225; x_wconf 79' lang='lat' dir='ltr'>societas</span> <span class='ocrx_word' id='word_1_162' title='bbox 615 1190 653 1225; x_wconf 88' lang='lat' dir='ltr'>et</span> <span class='ocrx_word' id='word_1_163' title='bbox 683 1198 816 1225; x_wconf 86' lang='lat' dir='ltr'>rerum</span> <span class='ocrx_word' id='word_1_164' title='bbox 851 1185 1080 1225; x_wconf 84' lang='lat' dir='ltr'>communio</span> <span class='ocrx_word' id='word_1_165' title='bbox 1110 1185 1239 1238; x_wconf 88' lang='lat' dir='ltr'>poetis</span> <span class='ocrx_word' id='word_1_166' title='bbox 1269 1184 1650 1240; x_wconf 76' lang='lat' dir='ltr'>scriptoribusque5</span> 
     </span>
     <span class='ocr_line' id='line_1_21' title="bbox 69 1240 1610 1295; baseline 0.003 -17"><span class='ocrx_word' id='word_1_167' title='bbox 69 1240 255 1279; x_wconf 90' lang='lat' dir='ltr'>omnibus</span> <span class='ocrx_word' id='word_1_168' title='bbox 290 1240 392 1280; x_wconf 88' lang='lat' dir='ltr'>intcr</span> <span class='ocrx_word' id='word_1_169' title='bbox 425 1254 466 1280; x_wconf 88' lang='lat' dir='ltr'>se</span> <span class='ocrx_word' id='word_1_170' title='bbox 495 1240 712 1281; x_wconf 81' lang='lat' dir='ltr'>exercenda</span> <span class='ocrx_word' id='word_1_171' title='bbox 743 1254 930 1281; x_wconf 76' lang='lat' dir='ltr'>concessa</span> <span class='ocrx_word' id='word_1_172' title='bbox 956 1246 1027 1289; x_wconf 78' lang='lat' dir='ltr'>est,</span> <span class='ocrx_word' id='word_1_173' title='bbox 1054 1241 1144 1295; x_wconf 91' lang='lat' dir='ltr'>quis</span> <span class='ocrx_word' id='word_1_174' title='bbox 1175 1240 1303 1281; x_wconf 83' lang='lat' dir='ltr'>fraudi</span> <span class='ocrx_word' id='word_1_175' title='bbox 1330 1241 1496 1293; x_wconf 62' lang='lat' dir='ltr'>Virgilio</span> <span class='ocrx_word' id='word_1_176' title='bbox 1523 1256 1610 1282; x_wconf 77' lang='lat' dir='ltr'>vor-</span> 
     </span>
     <span class='ocr_line' id='line_1_22' title="bbox 69 1295 1611 1351; baseline 0.001 -16"><span class='ocrx_word' id='word_1_177' title='bbox 69 1300 139 1343; x_wconf 86' lang='lat' dir='ltr'>tat,</span> <span class='ocrx_word' id='word_1_178' title='bbox 165 1295 195 1335; x_wconf 90' lang='lat' dir='ltr'>si</span> <span class='ocrx_word' id='word_1_179' title='bbox 226 1295 273 1335; x_wconf 88' lang='lat' dir='ltr'>ad</span> <span class='ocrx_word' id='word_1_180' title='bbox 301 1296 563 1337; x_wconf 79' lang='lat' dir='ltr'>excolendum</span> <span class='ocrx_word' id='word_1_181' title='bbox 596 1310 637 1335; x_wconf 81' lang='lat' dir='ltr'>se</span> <span class='ocrx_word' id='word_1_182' title='bbox 665 1297 858 1349; x_wconf 83' lang='lat' dir='ltr'>quaedam</span> <span class='ocrx_word' id='word_1_183' title='bbox 894 1297 942 1337; x_wconf 91' lang='lat' dir='ltr'>ab</span> <span class='ocrx_word' id='word_1_184' title='bbox 971 1296 1267 1351; x_wconf 86' lang='lat' dir='ltr'>antiquioribus</span> <span class='ocrx_word' id='word_1_185' title='bbox 1294 1301 1501 1337; x_wconf 83' lang='lat' dir='ltr'>mutuatus</span> <span class='ocrx_word' id='word_1_186' title='bbox 1535 1298 1611 1338; x_wconf 78' lang='lat' dir='ltr'>sit?</span> 
     </span>
     <span class='ocr_line' id='line_1_23' title="bbox 70 1350 1611 1406; baseline 0.002 -15"><span class='ocrx_word' id='word_1_187' title='bbox 70 1350 145 1392; x_wconf 83' lang='lat' dir='ltr'>Cui</span> <span class='ocrx_word' id='word_1_188' title='bbox 175 1351 293 1392; x_wconf 87' lang='lat' dir='ltr'>etiam</span> <span class='ocrx_word' id='word_1_189' title='bbox 320 1351 444 1405; x_wconf 81' lang='lat' dir='ltr'>gratia</span> <span class='ocrx_word' id='word_1_190' title='bbox 471 1351 545 1393; x_wconf 87' lang='lat' dir='ltr'>hoe</span> <span class='ocrx_word' id='word_1_191' title='bbox 574 1351 736 1393; x_wconf 88' lang='lat' dir='ltr'>nomine</span> <span class='ocrx_word' id='word_1_192' title='bbox 760 1357 820 1393; x_wconf 85' lang='lat' dir='ltr'>est</span> <span class='ocrx_word' id='word_1_193' title='bbox 846 1352 1047 1401; x_wconf 85' lang='lat' dir='ltr'>habenda,</span> <span class='ocrx_word' id='word_1_194' title='bbox 1093 1352 1201 1406; x_wconf 88' lang='lat' dir='ltr'>quod</span> <span class='ocrx_word' id='word_1_195' title='bbox 1234 1352 1429 1393; x_wconf 87' lang='lat' dir='ltr'>nonnulla</span> <span class='ocrx_word' id='word_1_196' title='bbox 1460 1353 1509 1393; x_wconf 86' lang='lat' dir='ltr'>ab</span> <span class='ocrx_word' id='word_1_197' title='bbox 1537 1354 1611 1394; x_wconf 88' lang='lat' dir='ltr'>illis</span> 
     </span>
    </p>
   </div>
   <div class='ocr_carea' id='block_1_3' title="bbox 1113 1452 1520 1495">
    <p class='ocr_par' dir='ltr' id='par_1_7' title="bbox 1113 1452 1520 1495">
     <span class='ocr_line' id='line_1_24' title="bbox 1113 1452 1520 1495; baseline 0 -11"><span class='ocrx_word' id='word_1_198' title='bbox 1113 1452 1203 1485; x_wconf 82' lang='lat' dir='ltr'>Edd.</span> <span class='ocrx_word' id='word_1_199' title='bbox 1239 1452 1520 1495; x_wconf 65' lang='lat' dir='ltr'>vicahgspdzb]</span> 
     </span>
    </p>
   </div>
   <div class='ocr_carea' id='block_1_4' title="bbox 70 1505 1615 1993">
    <p class='ocr_par' dir='ltr' id='par_1_8' title="bbox 70 1505 1615 1993">
     <span class='ocr_line' id='line_1_25' title="bbox 70 1505 1615 1548; baseline 0.002 -10"><span class='ocrx_word' id='word_1_200' title='bbox 70 1505 226 1547; x_wconf 82' lang='lat' dir='ltr'>„Animo</span> <span class='ocrx_word' id='word_1_201' title='bbox 261 1517 341 1539; x_wconf 84' lang='lat' dir='ltr'>meo</span> <span class='ocrx_word' id='word_1_202' title='bbox 377 1505 673 1548; x_wconf 65' lang='lat' dir='ltr'>germanis-sitne.</span> <span class='ocrx_word' id='word_1_203' title='bbox 717 1506 804 1538; x_wconf 62' lang='lat' dir='ltr'>Vult</span> <span class='ocrx_word' id='word_1_204' title='bbox 841 1506 937 1538; x_wconf 77' lang='lat' dir='ltr'>enini</span> <span class='ocrx_word' id='word_1_205' title='bbox 972 1506 1095 1539; x_wconf 83' lang='lat' dir='ltr'>dicere</span> <span class='ocrx_word' id='word_1_206' title='bbox 1122 1507 1353 1547; x_wconf 69' lang='lat' dir='ltr'>Macrobius,</span> <span class='ocrx_word' id='word_1_207' title='bbox 1386 1507 1615 1541; x_wconf 79' lang='lat' dir='ltr'>subtraxisse</span> 
     </span>
     <span class='ocr_line' id='line_1_26' title="bbox 71 1551 1615 1596; baseline 0.002 -13"><span class='ocrx_word' id='word_1_208' title='bbox 71 1553 179 1592; x_wconf 81' lang='lat' dir='ltr'>piena</span> <span class='ocrx_word' id='word_1_209' title='bbox 206 1561 328 1583; x_wconf 82' lang='lat' dir='ltr'>manu.</span> <span class='ocrx_word' id='word_1_210' title='bbox 376 1552 527 1584; x_wconf 81' lang='lat' dir='ltr'>Dixerat</span> <span class='ocrx_word' id='word_1_211' title='bbox 558 1551 651 1583; x_wconf 89' lang='lat' dir='ltr'>libro</span> <span class='ocrx_word' id='word_1_212' title='bbox 677 1555 761 1583; x_wconf 79' lang='lat' dir='ltr'>ante</span> <span class='ocrx_word' id='word_1_213' title='bbox 793 1551 851 1591; x_wconf 69' lang='lat' dir='ltr'>(V,</span> <span class='ocrx_word' id='word_1_214' title='bbox 875 1553 932 1591; x_wconf 86' lang='lat'>20,</span> <span class='ocrx_word' id='word_1_215' title='bbox 960 1554 1034 1589; x_wconf 75' lang='lat'>18.)</span> <span class='ocrx_word' id='word_1_216' title='bbox 1070 1553 1257 1595; x_wconf 55' lang='lat' dir='ltr'>Virgilium</span> <span class='ocrx_word' id='word_1_217' title='bbox 1283 1558 1435 1586; x_wconf 79' lang='lat' dir='ltr'>nostrum</span> <span class='ocrx_word' id='word_1_218' title='bbox 1463 1554 1615 1596; x_wconf 81' lang='lat' dir='ltr'>undique</span> 
     </span>
     <span class='ocr_line' id='line_1_27' title="bbox 70 1596 1614 1640; baseline 0.001 -13"><span class='ocrx_word' id='word_1_219' title='bbox 70 1601 220 1628; x_wconf 80' lang='lat' dir='ltr'>veterum</span> <span class='ocrx_word' id='word_1_220' title='bbox 246 1597 310 1628; x_wconf 82' lang='lat' dir='ltr'>sibi</span> <span class='ocrx_word' id='word_1_221' title='bbox 334 1602 536 1628; x_wconf 76' lang='lat' dir='ltr'>ornamenta</span> <span class='ocrx_word' id='word_1_222' title='bbox 561 1597 743 1628; x_wconf 65' lang='lat' dir='ltr'>traxisse.“</span> <span class='ocrx_word' id='word_1_223' title='bbox 769 1596 873 1627; x_wconf 82' lang='lat' dir='ltr'>l’ont.</span> <span class='ocrx_word' id='word_1_224' title='bbox 900 1614 942 1619; x_wconf 91' lang='lat'><em>-</em></span> <span class='ocrx_word' id='word_1_225' title='bbox 977 1598 1255 1638; x_wconf 73' lang='lat' dir='ltr'>csprobantibns</span> <span class='ocrx_word' id='word_1_226' title='bbox 1279 1596 1355 1629; x_wconf 66' lang='lat' dir='ltr'>Svi.</span> <span class='ocrx_word' id='word_1_227' title='bbox 1388 1615 1430 1620; x_wconf 94' lang='lat'>—</span> <span class='ocrx_word' id='word_1_228' title='bbox 1461 1608 1614 1640; x_wconf 82' lang='lat' dir='ltr'>usurpa-</span> 
     </span>
     <span class='ocr_line' id='line_1_28' title="bbox 70 1640 1613 1684; baseline 0.001 -12"><span class='ocrx_word' id='word_1_229' title='bbox 70 1641 169 1672; x_wconf 79' lang='lat' dir='ltr'>tione</span> <span class='ocrx_word' id='word_1_230' title='bbox 193 1640 232 1671; x_wconf 83' lang='lat'>1’.</span> <span class='ocrx_word' id='word_1_231' title='bbox 368 1642 399 1671; x_wconf 88' lang='grc'>3.</span> <span class='ocrx_word' id='word_1_232' title='bbox 438 1641 674 1681; x_wconf 71' lang='lat' dir='ltr'>compilat-ent</span> <span class='ocrx_word' id='word_1_233' title='bbox 702 1640 747 1671; x_wconf 80' lang='lat' dir='ltr'>M.</span> <span class='ocrx_word' id='word_1_234' title='bbox 773 1650 792 1671; x_wconf 80' lang='lat' dir='ltr'>a</span> <span class='ocrx_word' id='word_1_235' title='bbox 820 1651 850 1681; x_wconf 92' lang='lat' dir='ltr'>p.</span> <span class='ocrx_word' id='word_1_236' title='bbox 874 1651 919 1671; x_wconf 87' lang='lat' dir='ltr'>m.</span> <span class='ocrx_word' id='word_1_237' title='bbox 954 1658 997 1664; x_wconf 91' lang='lat'>—</span> <span class='ocrx_word' id='word_1_238' title='bbox 1038 1646 1179 1674; x_wconf 76' lang='lat' dir='ltr'>veteres</span> <span class='ocrx_word' id='word_1_239' title='bbox 1206 1641 1254 1673; x_wconf 73' lang='lat' dir='ltr'>M.</span> <span class='ocrx_word' id='word_1_240' title='bbox 1393 1644 1424 1672; x_wconf 76' lang='lat'>4.</span> <span class='ocrx_word' id='word_1_241' title='bbox 1465 1647 1613 1684; x_wconf 76' lang='lat' dir='ltr'>togato-</span> 
     </span>
     <span class='ocr_line' id='line_1_29' title="bbox 71 1684 1613 1727; baseline 0.001 -12"><span class='ocrx_word' id='word_1_242' title='bbox 71 1695 158 1716; x_wconf 88' lang='lat' dir='ltr'>rum</span> <span class='ocrx_word' id='word_1_243' title='bbox 185 1684 233 1715; x_wconf 80' lang='lat' dir='ltr'>M.</span> <span class='ocrx_word' id='word_1_244' title='bbox 258 1701 303 1707; x_wconf 83' lang='lat'>·—</span> <span class='ocrx_word' id='word_1_245' title='bbox 333 1685 468 1726; x_wconf 76' lang='lat' dir='ltr'>Fateor]</span> <span class='ocrx_word' id='word_1_246' title='bbox 495 1685 550 1715; x_wconf 75' lang='lat' dir='ltr'>Cf.</span> <span class='ocrx_word' id='word_1_247' title='bbox 572 1684 679 1716; x_wconf 80' lang='lat' dir='ltr'>Both.</span> <span class='ocrx_word' id='word_1_248' title='bbox 702 1686 800 1715; x_wconf 78' lang='lat' dir='ltr'>Poet.</span> <span class='ocrx_word' id='word_1_249' title='bbox 823 1684 914 1715; x_wconf 80' lang='lat' dir='ltr'>scen.</span> <span class='ocrx_word' id='word_1_250' title='bbox 945 1685 1077 1726; x_wconf 73' lang='lat' dir='ltr'>fragm.</span> <span class='ocrx_word' id='word_1_251' title='bbox 1104 1686 1150 1724; x_wconf 88' lang='lat' dir='ltr'>ll,</span> <span class='ocrx_word' id='word_1_252' title='bbox 1178 1696 1198 1727; x_wconf 88' lang='lat' dir='ltr'>p</span> <span class='ocrx_word' id='word_1_253' title='bbox 1242 1687 1313 1716; x_wconf 84' lang='lat'>162.</span> <span class='ocrx_word' id='word_1_254' title='bbox 1350 1685 1548 1717; x_wconf 64' lang='lat' dir='ltr'>Nenlrirrb.</span> <span class='ocrx_word' id='word_1_255' title='bbox 1569 1686 1613 1717; x_wconf 81' lang='lat' dir='ltr'>de</span> 
     </span>
     <span class='ocr_line' id='line_1_30' title="bbox 71 1728 1613 1770; baseline 0.001 -10"><span class='ocrx_word' id='word_1_256' title='bbox 71 1729 145 1760; x_wconf 76' lang='lat' dir='ltr'>fab.</span> <span class='ocrx_word' id='word_1_257' title='bbox 174 1732 248 1769; x_wconf 74' lang='lat' dir='ltr'>tog.</span> <span class='ocrx_word' id='word_1_258' title='bbox 276 1740 308 1770; x_wconf 90' lang='lat' dir='ltr'>p.</span> <span class='ocrx_word' id='word_1_259' title='bbox 339 1731 410 1759; x_wconf 68' lang='lat'>185.</span> <span class='ocrx_word' id='word_1_260' title='bbox 453 1729 489 1760; x_wconf 92' lang='lat' dir='ltr'>ln</span> <span class='ocrx_word' id='word_1_261' title='bbox 515 1729 603 1759; x_wconf 60' lang='lat' dir='ltr'>lssdd.</span> <span class='ocrx_word' id='word_1_262' title='bbox 629 1740 696 1759; x_wconf 82' lang='lat' dir='ltr'>non</span> <span class='ocrx_word' id='word_1_263' title='bbox 726 1728 996 1770; x_wconf 68' lang='lat' dir='ltr'>distinguuntur</span> <span class='ocrx_word' id='word_1_264' title='bbox 1022 1740 1161 1760; x_wconf 77' lang='lat' dir='ltr'>versus.</span> <span class='ocrx_word' id='word_1_265' title='bbox 1198 1748 1238 1751; x_wconf 97' lang='lat'><strong>—</strong></span> <span class='ocrx_word' id='word_1_266' title='bbox 1272 1740 1302 1760; x_wconf 72' lang='grc' dir='ltr'><strong>ν.</strong></span> <span class='ocrx_word' id='word_1_267' title='bbox 1334 1732 1363 1760; x_wconf 84' lang='grc'>1.</span> <span class='ocrx_word' id='word_1_268' title='bbox 1392 1742 1457 1761; x_wconf 83' lang='lat' dir='ltr'>non</span> <span class='ocrx_word' id='word_1_269' title='bbox 1484 1731 1525 1761; x_wconf 87' lang='lat' dir='ltr'>ab</span> <span class='ocrx_word' id='word_1_270' title='bbox 1553 1731 1613 1761; x_wconf 89' lang='lat' dir='ltr'>illo</span> 
     </span>
     <span class='ocr_line' id='line_1_31' title="bbox 72 1772 1613 1814; baseline 0.001 -10"><span class='ocrx_word' id='word_1_271' title='bbox 72 1772 317 1814; x_wconf 66' lang='lat' dir='ltr'>ASv-gmza.</span> <span class='ocrx_word' id='word_1_272' title='bbox 366 1784 431 1803; x_wconf 86' lang='grc' dir='ltr'>ηοη</span> <span class='ocrx_word' id='word_1_273' title='bbox 458 1773 500 1804; x_wconf 87' lang='lat' dir='ltr'>ab</span> <span class='ocrx_word' id='word_1_274' title='bbox 525 1773 584 1803; x_wconf 86' lang='lat' dir='ltr'>illo</span> <span class='ocrx_word' id='word_1_275' title='bbox 614 1773 700 1803; x_wconf 88' lang='lat' dir='ltr'>solo</span> <span class='ocrx_word' id='word_1_276' title='bbox 725 1773 829 1803; x_wconf 81' lang='lat' dir='ltr'>s—bl’.</span> <span class='ocrx_word' id='word_1_277' title='bbox 850 1772 965 1804; x_wconf 65' lang='lat' dir='ltr'>Neuk.</span> <span class='ocrx_word' id='word_1_278' title='bbox 1016 1785 1081 1804; x_wconf 75' lang='lat' dir='ltr'>uon</span> <span class='ocrx_word' id='word_1_279' title='bbox 1110 1774 1151 1804; x_wconf 82' lang='lat' dir='ltr'>ab</span> <span class='ocrx_word' id='word_1_280' title='bbox 1177 1774 1262 1804; x_wconf 88' lang='lat' dir='ltr'>solo</span> <span class='ocrx_word' id='word_1_281' title='bbox 1292 1774 1353 1805; x_wconf 83' lang='lat' dir='ltr'>illo</span> <span class='ocrx_word' id='word_1_282' title='bbox 1387 1773 1495 1805; x_wconf 77' lang='lat' dir='ltr'>Both.</span> <span class='ocrx_word' id='word_1_283' title='bbox 1538 1774 1613 1805; x_wconf 89' lang='lat' dir='ltr'>To-</span> 
     </span>
     <span class='ocr_line' id='line_1_32' title="bbox 71 1816 1615 1858; baseline 0.001 -9"><span class='ocrx_word' id='word_1_284' title='bbox 71 1821 147 1849; x_wconf 80' lang='lat' dir='ltr'>tum</span> <span class='ocrx_word' id='word_1_285' title='bbox 175 1828 317 1848; x_wconf 70' lang='lat' dir='ltr'>versun!</span> <span class='ocrx_word' id='word_1_286' title='bbox 334 1816 457 1848; x_wconf 73' lang='lat' dir='ltr'>Munk.</span> <span class='ocrx_word' id='word_1_287' title='bbox 476 1817 518 1847; x_wconf 85' lang='lat' dir='ltr'>de</span> <span class='ocrx_word' id='word_1_288' title='bbox 538 1818 660 1858; x_wconf 82' lang='lat' dir='ltr'>Pomp.</span> <span class='ocrx_word' id='word_1_289' title='bbox 678 1817 765 1848; x_wconf 76' lang='lat' dir='ltr'>Bon.</span> <span class='ocrx_word' id='word_1_290' title='bbox 791 1816 845 1847; x_wconf 83' lang='lat' dir='ltr'>sie</span> <span class='ocrx_word' id='word_1_291' title='bbox 871 1817 1072 1849; x_wconf 68' lang='lat' dir='ltr'>ordinavit:</span> <span class='ocrx_word' id='word_1_292' title='bbox 1098 1818 1225 1854; x_wconf 78' lang='lat' dir='ltr'>Sumsi,</span> <span class='ocrx_word' id='word_1_293' title='bbox 1241 1820 1370 1857; x_wconf 73' lang='lat' dir='ltr'>faleor,</span> <span class='ocrx_word' id='word_1_294' title='bbox 1392 1819 1433 1849; x_wconf 85' lang='lat' dir='ltr'>ab</span> <span class='ocrx_word' id='word_1_295' title='bbox 1459 1819 1519 1850; x_wconf 85' lang='lat' dir='ltr'>illo</span> <span class='ocrx_word' id='word_1_296' title='bbox 1546 1829 1615 1850; x_wconf 83' lang='lat' dir='ltr'>non</span> 
     </span>
     <span class='ocr_line' id='line_1_33' title="bbox 72 1861 1614 1903; baseline 0.001 -11"><span class='ocrx_word' id='word_1_297' title='bbox 72 1862 163 1893; x_wconf 90' lang='lat' dir='ltr'>solo</span> <span class='ocrx_word' id='word_1_298' title='bbox 185 1862 295 1893; x_wconf 83' lang='lat' dir='ltr'>modo.</span> <span class='ocrx_word' id='word_1_299' title='bbox 317 1879 357 1883; x_wconf 88' lang='lat'>—-</span> <span class='ocrx_word' id='word_1_300' title='bbox 391 1873 421 1892; x_wconf 75' lang='lat' dir='ltr'>v.</span> <span class='ocrx_word' id='word_1_301' title='bbox 447 1864 479 1891; x_wconf 85' lang='lat'>2.</span> <span class='ocrx_word' id='word_1_302' title='bbox 519 1866 555 1893; x_wconf 77' lang='lat' dir='ltr'>ut</span> <span class='ocrx_word' id='word_1_303' title='bbox 584 1861 749 1903; x_wconf 80' lang='lat' dir='ltr'>quisquis</span> <span class='ocrx_word' id='word_1_304' title='bbox 775 1861 861 1892; x_wconf 76' lang='lat' dir='ltr'>Mss.</span> <span class='ocrx_word' id='word_1_305' title='bbox 892 1861 1026 1893; x_wconf 70' lang='lat' dir='ltr'>viu-23.</span> <span class='ocrx_word' id='word_1_306' title='bbox 1053 1879 1098 1885; x_wconf 69' lang='lat'>—</span> <span class='ocrx_word' id='word_1_307' title='bbox 1130 1862 1220 1903; x_wconf 80' lang='lat' dir='ltr'>quod</span> <span class='ocrx_word' id='word_1_308' title='bbox 1245 1862 1439 1894; x_wconf 80' lang='lat' dir='ltr'>conveniret</span> <span class='ocrx_word' id='word_1_309' title='bbox 1467 1863 1554 1894; x_wconf 80' lang='lat' dir='ltr'>Mss.</span> <span class='ocrx_word' id='word_1_310' title='bbox 1578 1867 1614 1895; x_wconf 80' lang='lat' dir='ltr'>et</span> 
     </span>
     <span class='ocr_line' id='line_1_34' title="bbox 72 1905 1614 1948; baseline 0.001 -11"><span class='ocrx_word' id='word_1_311' title='bbox 72 1906 164 1937; x_wconf 79' lang='lat' dir='ltr'>Edd-</span> <span class='ocrx_word' id='word_1_312' title='bbox 303 1907 335 1936; x_wconf 82' lang='lat'>5.</span> <span class='ocrx_word' id='word_1_313' title='bbox 376 1907 539 1948; x_wconf 74' lang='lat' dir='ltr'>gratiam</span> <span class='ocrx_word' id='word_1_314' title='bbox 571 1906 609 1936; x_wconf 76' lang='lat' dir='ltr'>A.</span> <span class='ocrx_word' id='word_1_315' title='bbox 647 1924 688 1928; x_wconf 89' lang='lat'>—</span> <span class='ocrx_word' id='word_1_316' title='bbox 727 1905 788 1936; x_wconf 87' lang='lat' dir='ltr'>hoc</span> <span class='ocrx_word' id='word_1_317' title='bbox 822 1906 958 1937; x_wconf 81' lang='lat' dir='ltr'>nominc</span> <span class='ocrx_word' id='word_1_318' title='bbox 995 1916 1065 1937; x_wconf 86' lang='lat' dir='ltr'>om.</span> <span class='ocrx_word' id='word_1_319' title='bbox 1102 1906 1202 1938; x_wconf 78' lang='lat' dir='ltr'>Ps-z.</span> <span class='ocrx_word' id='word_1_320' title='bbox 1249 1906 1412 1943; x_wconf 69' lang='lat' dir='ltr'>„Melius</span> <span class='ocrx_word' id='word_1_321' title='bbox 1446 1907 1510 1938; x_wconf 79' lang='lat' dir='ltr'>Ed.</span> <span class='ocrx_word' id='word_1_322' title='bbox 1542 1912 1614 1938; x_wconf 75' lang='lat' dir='ltr'>vet.</span> 
     </span>
     <span class='ocr_line' id='line_1_35' title="bbox 71 1949 1614 1993; baseline 0.001 -11"><span class='ocrx_word' id='word_1_323' title='bbox 71 1951 133 1982; x_wconf 84' lang='lat' dir='ltr'>hoc</span> <span class='ocrx_word' id='word_1_324' title='bbox 163 1950 300 1981; x_wconf 84' lang='lat' dir='ltr'>nomine</span> <span class='ocrx_word' id='word_1_325' title='bbox 329 1955 378 1981; x_wconf 81' lang='lat' dir='ltr'>cst</span> <span class='ocrx_word' id='word_1_326' title='bbox 409 1950 512 1981; x_wconf 80' lang='lat' dir='ltr'>hab.“</span> <span class='ocrx_word' id='word_1_327' title='bbox 538 1949 648 1980; x_wconf 86' lang='lat' dir='ltr'>Zeun.</span> <span class='ocrx_word' id='word_1_328' title='bbox 689 1968 731 1972; x_wconf 81' lang='lat'>—</span> <span class='ocrx_word' id='word_1_329' title='bbox 770 1949 928 1982; x_wconf 73' lang='lat' dir='ltr'>habenda</span> <span class='ocrx_word' id='word_1_330' title='bbox 954 1956 1003 1983; x_wconf 81' lang='lat' dir='ltr'>est</span> <span class='ocrx_word' id='word_1_331' title='bbox 1037 1949 1092 1982; x_wconf 74' lang='lat' dir='ltr'>AS</span> <span class='ocrx_word' id='word_1_332' title='bbox 1124 1953 1171 1991; x_wconf 83' lang='lat'>„2</span> <span class='ocrx_word' id='word_1_333' title='bbox 1198 1950 1344 1993; x_wconf 76' lang='lat' dir='ltr'>Angl.“.</span> <span class='ocrx_word' id='word_1_334' title='bbox 1382 1968 1421 1973; x_wconf 93' lang='lat'>—</span> <span class='ocrx_word' id='word_1_335' title='bbox 1463 1955 1614 1983; x_wconf 81' lang='lat' dir='ltr'>velerum</span> 
     </span>
    </p>
   </div>
   <div class='ocr_carea' id='block_1_5' title="bbox 72 2036 809 2211">
    <p class='ocr_par' dir='ltr' id='par_1_9' title="bbox 72 2036 809 2211">
     <span class='ocr_line' id='line_1_36' title="bbox 117 2036 780 2080; baseline 0 -11"><span class='ocrx_word' id='word_1_336' title='bbox 117 2040 149 2070; x_wconf 88' lang='lat'>3.</span> <span class='ocrx_word' id='word_1_337' title='bbox 198 2037 239 2069; x_wconf 82' lang='lat' dir='ltr'>dc</span> <span class='ocrx_word' id='word_1_338' title='bbox 265 2036 487 2080; x_wconf 76' lang='lat' dir='ltr'>alienigenis]</span> <span class='ocrx_word' id='word_1_339' title='bbox 513 2036 536 2068; x_wconf 89' lang='lat' dir='ltr'>i.</span> <span class='ocrx_word' id='word_1_340' title='bbox 557 2048 586 2068; x_wconf 82' lang='lat' dir='ltr'>e.</span> <span class='ocrx_word' id='word_1_341' title='bbox 615 2036 780 2069; x_wconf 77' lang='lat' dir='ltr'>Graecis.</span> 
     </span>
     <span class='ocr_line' id='line_1_37' title="bbox 116 2082 808 2124; baseline -0.001 -10"><span class='ocrx_word' id='word_1_342' title='bbox 116 2082 337 2114; x_wconf 80' lang='lat' dir='ltr'>bibliothecae</span> <span class='ocrx_word' id='word_1_343' title='bbox 370 2082 490 2113; x_wconf 77' lang='lat' dir='ltr'>veteris</span> <span class='ocrx_word' id='word_1_344' title='bbox 524 2082 692 2124; x_wconf 78' lang='lat' dir='ltr'>auctores]</span> <span class='ocrx_word' id='word_1_345' title='bbox 727 2082 750 2113; x_wconf 89' lang='lat' dir='ltr'>i.</span> <span class='ocrx_word' id='word_1_346' title='bbox 779 2093 808 2113; x_wconf 75' lang='lat' dir='ltr'>o.</span> 
     </span>
     <span class='ocr_line' id='line_1_38' title="bbox 72 2125 807 2165; baseline -0.004 -6"><span class='ocrx_word' id='word_1_347' title='bbox 72 2131 216 2159; x_wconf 81' lang='lat' dir='ltr'>veteres</span> <span class='ocrx_word' id='word_1_348' title='bbox 239 2125 370 2158; x_wconf 86' lang='lat' dir='ltr'>Latini.</span> <span class='ocrx_word' id='word_1_349' title='bbox 421 2126 475 2157; x_wconf 78' lang='lat' dir='ltr'>Cf.</span> <span class='ocrx_word' id='word_1_350' title='bbox 504 2137 534 2157; x_wconf 88' lang='lat' dir='ltr'>c.</span> <span class='ocrx_word' id='word_1_351' title='bbox 559 2128 590 2157; x_wconf 88' lang='lat'>9.</span> <span class='ocrx_word' id='word_1_352' title='bbox 615 2127 635 2165; x_wconf 62' lang='grc' dir='ltr'><strong>ς</strong></span> <span class='ocrx_word' id='word_1_353' title='bbox 659 2129 690 2157; x_wconf 88' lang='grc'>9.</span> <span class='ocrx_word' id='word_1_354' title='bbox 719 2131 754 2158; x_wconf 84' lang='lat' dir='ltr'>et</span> <span class='ocrx_word' id='word_1_355' title='bbox 778 2137 807 2157; x_wconf 89' lang='lat' dir='ltr'>c.</span> 
     </span>
     <span class='ocr_line' id='line_1_39' title="bbox 73 2171 809 2211; baseline -0.001 -8"><span class='ocrx_word' id='word_1_356' title='bbox 73 2173 107 2203; x_wconf 78' lang='lat'>4.</span> <span class='ocrx_word' id='word_1_357' title='bbox 133 2173 152 2211; x_wconf 83' lang='lat'>§</span> <span class='ocrx_word' id='word_1_358' title='bbox 185 2173 215 2202; x_wconf 85' lang='lat'>1.</span> <span class='ocrx_word' id='word_1_359' title='bbox 249 2181 375 2203; x_wconf 84' lang='lat' dir='ltr'>memor</span> <span class='ocrx_word' id='word_1_360' title='bbox 408 2175 439 2202; x_wconf 76' lang='lat' dir='ltr'>el</span> <span class='ocrx_word' id='word_1_361' title='bbox 476 2171 599 2203; x_wconf 73' lang='lat' dir='ltr'>veteris</span> <span class='ocrx_word' id='word_1_362' title='bbox 632 2175 663 2203; x_wconf 80' lang='lat' dir='ltr'>et</span> <span class='ocrx_word' id='word_1_363' title='bbox 698 2182 809 2202; x_wconf 82' lang='lat' dir='ltr'>novae</span> 
     </span>
    </p>
   </div>
   <div class='ocr_carea' id='block_1_6' title="bbox 875 2036 1616 2204">
    <p class='ocr_par' dir='ltr' id='par_1_10' title="bbox 875 2036 1616 2204">
     <span class='ocr_line' id='line_1_40' title="bbox 877 2036 1614 2081; baseline 0.005 -14"><span class='ocrx_word' id='word_1_364' title='bbox 877 2036 1032 2068; x_wconf 79' lang='lat' dir='ltr'>laborat.</span> <span class='ocrx_word' id='word_1_365' title='bbox 1082 2037 1176 2079; x_wconf 85' lang='lat' dir='ltr'>Quid</span> <span class='ocrx_word' id='word_1_366' title='bbox 1203 2049 1304 2081; x_wconf 81' lang='lat' dir='ltr'>crgo,</span> <span class='ocrx_word' id='word_1_367' title='bbox 1336 2038 1367 2070; x_wconf 84' lang='lat' dir='ltr'>si</span> <span class='ocrx_word' id='word_1_368' title='bbox 1391 2038 1614 2071; x_wconf 83' lang='lat' dir='ltr'>scribamus:</span> 
     </span>
     <span class='ocr_line' id='line_1_41' title="bbox 877 2082 1616 2125; baseline 0.004 -13"><span class='ocrx_word' id='word_1_369' title='bbox 877 2082 918 2112; x_wconf 84' lang='lat' dir='ltr'>ab</span> <span class='ocrx_word' id='word_1_370' title='bbox 943 2082 1002 2113; x_wconf 86' lang='lat' dir='ltr'>illo</span> <span class='ocrx_word' id='word_1_371' title='bbox 1032 2093 1099 2113; x_wconf 84' lang='lat' dir='ltr'>non</span> <span class='ocrx_word' id='word_1_372' title='bbox 1127 2085 1257 2125; x_wconf 84' lang='lat' dir='ltr'>sumpsi</span> <span class='ocrx_word' id='word_1_373' title='bbox 1279 2084 1391 2116; x_wconf 84' lang='lat' dir='ltr'>modo.</span> <span class='ocrx_word' id='word_1_374' title='bbox 1439 2083 1616 2115; x_wconf 74' lang='lat' dir='ltr'>Ple-onas·</span> 
     </span>
     <span class='ocr_line' id='line_1_42' title="bbox 875 2128 1614 2159; baseline 0.004 -3"><span class='ocrx_word' id='word_1_375' title='bbox 875 2136 973 2157; x_wconf 87' lang='lat' dir='ltr'>mum</span> <span class='ocrx_word' id='word_1_376' title='bbox 1010 2138 1077 2158; x_wconf 86' lang='lat' dir='ltr'>non</span> <span class='ocrx_word' id='word_1_377' title='bbox 1109 2128 1151 2158; x_wconf 81' lang='lat' dir='ltr'>ab</span> <span class='ocrx_word' id='word_1_378' title='bbox 1181 2128 1241 2159; x_wconf 82' lang='lat' dir='ltr'>illo</span> <span class='ocrx_word' id='word_1_379' title='bbox 1275 2128 1366 2159; x_wconf 85' lang='lat' dir='ltr'>solo</span> <span class='ocrx_word' id='word_1_380' title='bbox 1401 2129 1501 2159; x_wconf 85' lang='lat' dir='ltr'>modo</span> <span class='ocrx_word' id='word_1_381' title='bbox 1535 2132 1614 2159; x_wconf 81' lang='lat' dir='ltr'>tan-</span> 
     </span>
     <span class='ocr_line' id='line_1_43' title="bbox 878 2171 1613 2204; baseline 0.004 -4"><span class='ocrx_word' id='word_1_382' title='bbox 878 2175 952 2201; x_wconf 85' lang='lat' dir='ltr'>tum</span> <span class='ocrx_word' id='word_1_383' title='bbox 989 2181 1056 2201; x_wconf 82' lang='lat' dir='ltr'>non</span> <span class='ocrx_word' id='word_1_384' title='bbox 1094 2171 1261 2203; x_wconf 89' lang='lat' dir='ltr'>omnibus</span> <span class='ocrx_word' id='word_1_385' title='bbox 1297 2172 1389 2204; x_wconf 81' lang='lat' dir='ltr'>meis</span> <span class='ocrx_word' id='word_1_386' title='bbox 1424 2172 1613 2204; x_wconf 82' lang='lat' dir='ltr'>codicibus</span> 
     </span>
    </p>
   </div>
   <div class='ocr_carea' id='block_1_7' title="bbox 73 2215 813 2961">
    <p class='ocr_par' dir='ltr' id='par_1_11' title="bbox 73 2215 491 2257">
     <span class='ocr_line' id='line_1_44' title="bbox 73 2215 491 2257; baseline -0.007 -9"><span class='ocrx_word' id='word_1_387' title='bbox 73 2221 295 2248; x_wconf 81' lang='lat' dir='ltr'>auctorum</span> <span class='ocrx_word' id='word_1_388' title='bbox 331 2215 491 2257; x_wconf 82' lang='lat' dir='ltr'>copiae.</span> 
     </span>
    </p>

    <p class='ocr_par' dir='ltr' id='par_1_12' title="bbox 73 2256 808 2344">
     <span class='ocr_line' id='line_1_45' title="bbox 117 2256 808 2300; baseline -0.003 -9"><span class='ocrx_word' id='word_1_389' title='bbox 117 2260 147 2291; x_wconf 82' lang='lat' dir='ltr'>si</span> <span class='ocrx_word' id='word_1_390' title='bbox 171 2260 362 2291; x_wconf 74' lang='lat' dir='ltr'>volentibus</span> <span class='ocrx_word' id='word_1_391' title='bbox 386 2259 479 2291; x_wconf 86' lang='lat' dir='ltr'>vobis</span> <span class='ocrx_word' id='word_1_392' title='bbox 513 2258 589 2300; x_wconf 73' lang='lat' dir='ltr'>erit]</span> <span class='ocrx_word' id='word_1_393' title='bbox 627 2256 705 2289; x_wconf 67' lang='lat' dir='ltr'>Vid.</span> <span class='ocrx_word' id='word_1_394' title='bbox 737 2261 808 2290; x_wconf 82' lang='lat' dir='ltr'>not.</span> 
     </span>
     <span class='ocr_line' id='line_1_46' title="bbox 73 2303 274 2344; baseline -0.005 -9"><span class='ocrx_word' id='word_1_395' title='bbox 73 2303 115 2335; x_wconf 78' lang='lat' dir='ltr'>ml</span> <span class='ocrx_word' id='word_1_396' title='bbox 139 2304 169 2344; x_wconf 85' lang='grc' dir='ltr'>Ι,</span> <span class='ocrx_word' id='word_1_397' title='bbox 192 2307 224 2343; x_wconf 77' lang='lat'>7,</span> <span class='ocrx_word' id='word_1_398' title='bbox 242 2307 274 2335; x_wconf 84' lang='grc'><strong>9.</strong></span> 
     </span>
    </p>

    <p class='ocr_par' dir='ltr' id='par_1_13' title="bbox 73 2345 810 2518">
     <span class='ocr_line' id='line_1_47' title="bbox 118 2345 806 2388; baseline -0.001 -10"><span class='ocrx_word' id='word_1_399' title='bbox 118 2349 149 2378; x_wconf 76' lang='lat'>4.</span> <span class='ocrx_word' id='word_1_400' title='bbox 206 2357 294 2388; x_wconf 83' lang='lat' dir='ltr'>quae</span> <span class='ocrx_word' id='word_1_401' title='bbox 341 2346 551 2388; x_wconf 78' lang='lat' dir='ltr'>Compitalia</span> <span class='ocrx_word' id='word_1_402' title='bbox 595 2345 806 2387; x_wconf 74' lang='lat' dir='ltr'>inscribitur]</span> 
     </span>
     <span class='ocr_line' id='line_1_48' title="bbox 73 2389 810 2422; baseline -0.001 0"><span class='ocrx_word' id='word_1_403' title='bbox 73 2390 136 2422; x_wconf 92' lang='lat' dir='ltr'>Sic</span> <span class='ocrx_word' id='word_1_404' title='bbox 172 2391 283 2422; x_wconf 79' lang='lat' dir='ltr'>etiam</span> <span class='ocrx_word' id='word_1_405' title='bbox 315 2389 508 2421; x_wconf 82' lang='lat' dir='ltr'>Laberium</span> <span class='ocrx_word' id='word_1_406' title='bbox 539 2401 647 2421; x_wconf 87' lang='lat' dir='ltr'>unum</span> <span class='ocrx_word' id='word_1_407' title='bbox 680 2400 698 2420; x_wconf 89' lang='lat' dir='ltr'>e</span> <span class='ocrx_word' id='word_1_408' title='bbox 735 2390 810 2422; x_wconf 84' lang='lat' dir='ltr'>suis</span> 
     </span>
     <span class='ocr_line' id='line_1_49' title="bbox 74 2433 808 2476; baseline 0 -10"><span class='ocrx_word' id='word_1_409' title='bbox 74 2434 197 2466; x_wconf 86' lang='lat' dir='ltr'>mimis</span> <span class='ocrx_word' id='word_1_410' title='bbox 220 2433 454 2476; x_wconf 80' lang='lat' dir='ltr'>inscripsisse</span> <span class='ocrx_word' id='word_1_411' title='bbox 478 2434 582 2465; x_wconf 81' lang='lat' dir='ltr'>docet</span> <span class='ocrx_word' id='word_1_412' title='bbox 604 2433 745 2465; x_wconf 81' lang='lat' dir='ltr'>Gellius</span> <span class='ocrx_word' id='word_1_413' title='bbox 767 2433 808 2466; x_wconf 71' lang='lat' dir='ltr'>N.</span> 
     </span>
     <span class='ocr_line' id='line_1_50' title="bbox 74 2479 522 2518; baseline -0.007 -7"><span class='ocrx_word' id='word_1_414' title='bbox 74 2479 114 2512; x_wconf 80' lang='grc' dir='ltr'><strong>Α.</strong></span> <span class='ocrx_word' id='word_1_415' title='bbox 137 2479 227 2518; x_wconf 71' lang='grc' dir='ltr'>ΧΠ,</span> <span class='ocrx_word' id='word_1_416' title='bbox 252 2482 284 2516; x_wconf 77' lang='lat'>7,</span> <span class='ocrx_word' id='word_1_417' title='bbox 311 2481 344 2509; x_wconf 74' lang='grc' dir='ltr'>τ.</span> <span class='ocrx_word' id='word_1_418' title='bbox 372 2482 407 2509; x_wconf 73' lang='lat' dir='ltr'>et</span> <span class='ocrx_word' id='word_1_419' title='bbox 432 2481 464 2516; x_wconf 87' lang='lat'>9,</span> <span class='ocrx_word' id='word_1_420' title='bbox 491 2479 522 2509; x_wconf 80' lang='lat'>4.</span> 
     </span>
    </p>

    <p class='ocr_par' dir='ltr' id='par_1_14' title="bbox 74 2522 813 2915">
     <span class='ocr_line' id='line_1_51' title="bbox 119 2522 809 2566; baseline -0.006 -11"><span class='ocrx_word' id='word_1_421' title='bbox 119 2524 210 2566; x_wconf 81' lang='lat' dir='ltr'>quod</span> <span class='ocrx_word' id='word_1_422' title='bbox 243 2524 348 2565; x_wconf 85' lang='lat' dir='ltr'>plura</span> <span class='ocrx_word' id='word_1_423' title='bbox 379 2522 575 2564; x_wconf 70' lang='lat' dir='ltr'>sumpsisset</span> <span class='ocrx_word' id='word_1_424' title='bbox 605 2533 626 2553; x_wconf 93' lang='grc' dir='ltr'><em>α</em></span> <span class='ocrx_word' id='word_1_425' title='bbox 662 2522 809 2553; x_wconf 85' lang='lat' dir='ltr'>Menan-</span> 
     </span>
     <span class='ocr_line' id='line_1_52' title="bbox 74 2565 809 2609; baseline -0.005 -9"><span class='ocrx_word' id='word_1_426' title='bbox 74 2568 150 2609; x_wconf 81' lang='lat' dir='ltr'>dro]</span> <span class='ocrx_word' id='word_1_427' title='bbox 193 2566 247 2599; x_wconf 78' lang='lat' dir='ltr'>Cf.</span> <span class='ocrx_word' id='word_1_428' title='bbox 284 2567 412 2598; x_wconf 82' lang='lat' dir='ltr'>Horat.</span> <span class='ocrx_word' id='word_1_429' title='bbox 448 2565 564 2607; x_wconf 83' lang='lat' dir='ltr'>Epist.</span> <span class='ocrx_word' id='word_1_430' title='bbox 601 2565 655 2603; x_wconf 80' lang='lat' dir='ltr'>Il,</span> <span class='ocrx_word' id='word_1_431' title='bbox 694 2567 728 2604; x_wconf 85' lang='lat'>1,</span> <span class='ocrx_word' id='word_1_432' title='bbox 755 2568 809 2596; x_wconf 82' lang='lat'>57.</span> 
     </span>
     <span class='ocr_line' id='line_1_53' title="bbox 79 2610 812 2653; baseline -0.004 -9"><span class='ocrx_word' id='word_1_433' title='bbox 79 2612 214 2644; x_wconf 79' lang='lat' dir='ltr'>Dicitur</span> <span class='ocrx_word' id='word_1_434' title='bbox 258 2611 417 2653; x_wconf 83' lang='lat' dir='ltr'>Afrani</span> <span class='ocrx_word' id='word_1_435' title='bbox 465 2616 568 2652; x_wconf 75' lang='lat' dir='ltr'>toga</span> <span class='ocrx_word' id='word_1_436' title='bbox 617 2610 812 2641; x_wconf 82' lang='lat' dir='ltr'>convenisse</span> 
     </span>
     <span class='ocr_line' id='line_1_54' title="bbox 79 2653 812 2693; baseline -0.005 -5"><span class='ocrx_word' id='word_1_437' title='bbox 79 2656 326 2688; x_wconf 83' lang='lat' dir='ltr'>Menandro.</span> <span class='ocrx_word' id='word_1_438' title='bbox 377 2654 451 2686; x_wconf 88' lang='lat' dir='ltr'>Cic.</span> <span class='ocrx_word' id='word_1_439' title='bbox 479 2655 522 2685; x_wconf 87' lang='lat' dir='ltr'>de</span> <span class='ocrx_word' id='word_1_440' title='bbox 549 2653 607 2685; x_wconf 67' lang='lat' dir='ltr'>fin.</span> <span class='ocrx_word' id='word_1_441' title='bbox 638 2653 673 2691; x_wconf 73' lang='grc' dir='ltr'>Ι,</span> <span class='ocrx_word' id='word_1_442' title='bbox 707 2656 747 2693; x_wconf 86' lang='lat'>3,</span> <span class='ocrx_word' id='word_1_443' title='bbox 780 2657 812 2684; x_wconf 77' lang='lat'>7.</span> 
     </span>
     <span class='ocr_line' id='line_1_55' title="bbox 80 2697 810 2742; baseline -0.005 -10"><span class='ocrx_word' id='word_1_444' title='bbox 80 2700 185 2732; x_wconf 84' lang='lat' dir='ltr'>Locos</span> <span class='ocrx_word' id='word_1_445' title='bbox 215 2700 350 2742; x_wconf 83' lang='lat' dir='ltr'>quidem</span> <span class='ocrx_word' id='word_1_446' title='bbox 378 2699 542 2742; x_wconf 80' lang='lat' dir='ltr'>quosdam</span> <span class='ocrx_word' id='word_1_447' title='bbox 568 2699 597 2730; x_wconf 86' lang='lat' dir='ltr'>si</span> <span class='ocrx_word' id='word_1_448' title='bbox 628 2697 810 2737; x_wconf 71' lang='lat' dir='ltr'>videbitur,</span> 
     </span>
     <span class='ocr_line' id='line_1_56' title="bbox 76 2742 812 2784; baseline -0.004 -9"><span class='ocrx_word' id='word_1_449' title='bbox 76 2746 306 2784; x_wconf 81' lang='lat' dir='ltr'>transferam,</span> <span class='ocrx_word' id='word_1_450' title='bbox 348 2749 378 2776; x_wconf 78' lang='lat' dir='ltr'>et</span> <span class='ocrx_word' id='word_1_451' title='bbox 406 2744 554 2775; x_wconf 73' lang='lat' dir='ltr'>maxime</span> <span class='ocrx_word' id='word_1_452' title='bbox 583 2743 625 2774; x_wconf 87' lang='lat' dir='ltr'>ab</span> <span class='ocrx_word' id='word_1_453' title='bbox 654 2742 697 2773; x_wconf 88' lang='lat' dir='ltr'>iis</span> <span class='ocrx_word' id='word_1_454' title='bbox 728 2752 812 2783; x_wconf 86' lang='lat' dir='ltr'>quos</span> 
     </span>
     <span class='ocr_line' id='line_1_57' title="bbox 77 2786 813 2829; baseline -0.003 -10"><span class='ocrx_word' id='word_1_455' title='bbox 77 2799 144 2819; x_wconf 82' lang='lat' dir='ltr'>non</span> <span class='ocrx_word' id='word_1_456' title='bbox 170 2788 364 2826; x_wconf 83' lang='lat' dir='ltr'>nominavi,</span> <span class='ocrx_word' id='word_1_457' title='bbox 403 2799 504 2829; x_wconf 83' lang='lat' dir='ltr'>quum</span> <span class='ocrx_word' id='word_1_458' title='bbox 529 2786 687 2819; x_wconf 77' lang='lat' dir='ltr'>inciderit</span> <span class='ocrx_word' id='word_1_459' title='bbox 717 2791 754 2818; x_wconf 84' lang='lat' dir='ltr'>ut</span> <span class='ocrx_word' id='word_1_460' title='bbox 777 2786 813 2817; x_wconf 81' lang='lat' dir='ltr'>id</span> 
     </span>
     <span class='ocr_line' id='line_1_58' title="bbox 78 2831 810 2874; baseline -0.003 -11"><span class='ocrx_word' id='word_1_461' title='bbox 78 2836 159 2873; x_wconf 82' lang='lat' dir='ltr'>apte</span> <span class='ocrx_word' id='word_1_462' title='bbox 172 2833 257 2873; x_wconf 82' lang='lat' dir='ltr'>fieri</span> <span class='ocrx_word' id='word_1_463' title='bbox 278 2832 403 2874; x_wconf 81' lang='lat' dir='ltr'>possit,</span> <span class='ocrx_word' id='word_1_464' title='bbox 427 2837 464 2863; x_wconf 83' lang='lat' dir='ltr'>ut</span> <span class='ocrx_word' id='word_1_465' title='bbox 489 2832 531 2863; x_wconf 83' lang='lat' dir='ltr'>ab</span> <span class='ocrx_word' id='word_1_466' title='bbox 559 2831 707 2863; x_wconf 85' lang='lat' dir='ltr'>Homero</span> <span class='ocrx_word' id='word_1_467' title='bbox 736 2831 810 2861; x_wconf 82' lang='lat' dir='ltr'>En—</span> 
     </span>
     <span class='ocr_line' id='line_1_59' title="bbox 77 2874 812 2915; baseline -0.001 -8"><span class='ocrx_word' id='word_1_468' title='bbox 77 2875 168 2915; x_wconf 77' lang='lat' dir='ltr'>nius,</span> <span class='ocrx_word' id='word_1_469' title='bbox 187 2876 398 2915; x_wconf 82' lang='lat' dir='ltr'>Afranius</span> <span class='ocrx_word' id='word_1_470' title='bbox 423 2887 444 2908; x_wconf 86' lang='lat' dir='ltr'>a</span> <span class='ocrx_word' id='word_1_471' title='bbox 462 2875 694 2908; x_wconf 82' lang='lat' dir='ltr'>Menandro</span> <span class='ocrx_word' id='word_1_472' title='bbox 718 2874 812 2906; x_wconf 83' lang='lat' dir='ltr'>solet.</span> 
     </span>
    </p>

    <p class='ocr_par' dir='ltr' id='par_1_15' title="bbox 122 2918 813 2961">
     <span class='ocr_line' id='line_1_60' title="bbox 122 2918 813 2961; baseline 0 -11"><span class='ocrx_word' id='word_1_473' title='bbox 122 2920 252 2961; x_wconf 85' lang='lat' dir='ltr'>sumpsi</span> <span class='ocrx_word' id='word_1_474' title='bbox 276 2931 343 2952; x_wconf 84' lang='lat' dir='ltr'>non</span> <span class='ocrx_word' id='word_1_475' title='bbox 375 2920 417 2952; x_wconf 84' lang='lat' dir='ltr'>ab</span> <span class='ocrx_word' id='word_1_476' title='bbox 446 2920 507 2953; x_wconf 84' lang='lat' dir='ltr'>illo</span> <span class='ocrx_word' id='word_1_477' title='bbox 532 2919 645 2961; x_wconf 83' lang='lat' dir='ltr'>modo]</span> <span class='ocrx_word' id='word_1_478' title='bbox 679 2918 813 2951; x_wconf 76' lang='lat' dir='ltr'>Versus</span> 
     </span>
    </p>
   </div>
   <div class='ocr_carea' id='block_1_8' title="bbox 148 2973 197 3013">
    <p class='ocr_par' dir='ltr' id='par_1_16' title="bbox 148 2973 197 3013">
     <span class='ocr_line' id='line_1_61' title="bbox 148 2973 197 3013; baseline 0.02 -1"><span class='ocrx_word' id='word_1_479' title='bbox 148 2973 197 3013; x_wconf 88' lang='lat' dir='ltr'>Il.</span> 
     </span>
    </p>
   </div>
   <div class='ocr_carea' id='block_1_9' title="bbox 877 2213 1616 2293">
    <p class='ocr_par' dir='ltr' id='par_1_17' title="bbox 877 2213 1616 2293">
     <span class='ocr_line' id='line_1_62' title="bbox 877 2213 1616 2256; baseline 0.004 -11"><span class='ocrx_word' id='word_1_480' title='bbox 877 2213 1153 2256; x_wconf 76' lang='lat' dir='ltr'>refragantibus</span> <span class='ocrx_word' id='word_1_481' title='bbox 1182 2216 1280 2248; x_wconf 90' lang='lat' dir='ltr'>nolui</span> <span class='ocrx_word' id='word_1_482' title='bbox 1306 2216 1523 2255; x_wconf 78' lang='lat' dir='ltr'>admittere;</span> <span class='ocrx_word' id='word_1_483' title='bbox 1550 2216 1616 2248; x_wconf 87' lang='lat' dir='ltr'>sed</span> 
     </span>
     <span class='ocr_line' id='line_1_63' title="bbox 878 2258 1614 2293; baseline 0.003 -3"><span class='ocrx_word' id='word_1_484' title='bbox 878 2258 913 2290; x_wconf 90' lang='lat' dir='ltr'>in</span> <span class='ocrx_word' id='word_1_485' title='bbox 949 2259 1107 2290; x_wconf 85' lang='lat' dir='ltr'>secundo</span> <span class='ocrx_word' id='word_1_486' title='bbox 1139 2272 1245 2292; x_wconf 60' lang='lat' dir='ltr'>versu</span> <span class='ocrx_word' id='word_1_487' title='bbox 1273 2260 1362 2293; x_wconf 80' lang='lat' dir='ltr'>viris</span> <span class='ocrx_word' id='word_1_488' title='bbox 1390 2260 1508 2292; x_wconf 84' lang='lat' dir='ltr'>doctis</span> <span class='ocrx_word' id='word_1_489' title='bbox 1537 2271 1614 2292; x_wconf 77' lang='lat' dir='ltr'>ma·</span> 
     </span>
    </p>
   </div>
   <div class='ocr_carea' id='block_1_10' title="bbox 878 2303 1613 2389">
    <p class='ocr_par' dir='ltr' id='par_1_18' title="bbox 878 2303 1613 2389">
     <span class='ocr_line' id='line_1_64' title="bbox 878 2303 1613 2348; baseline 0.004 -14"><span class='ocrx_word' id='word_1_490' title='bbox 878 2303 937 2346; x_wconf 81' lang='lat' dir='ltr'>gis</span> <span class='ocrx_word' id='word_1_491' title='bbox 957 2314 1063 2345; x_wconf 76' lang='lat' dir='ltr'>quani</span> <span class='ocrx_word' id='word_1_492' title='bbox 1083 2305 1272 2338; x_wconf 80' lang='lat' dir='ltr'>codicibus</span> <span class='ocrx_word' id='word_1_493' title='bbox 1289 2306 1613 2348; x_wconf 79' lang='lat' dir='ltr'>obtemperandum</span> 
     </span>
     <span class='ocr_line' id='line_1_65' title="bbox 878 2347 1126 2389; baseline 0.004 -10"><span class='ocrx_word' id='word_1_494' title='bbox 878 2358 960 2379; x_wconf 84' lang='lat' dir='ltr'>esse</span> <span class='ocrx_word' id='word_1_495' title='bbox 988 2347 1126 2389; x_wconf 72' lang='lat' dir='ltr'>putavi.</span> 
     </span>
    </p>
   </div>
   <div class='ocr_carea' id='block_1_11' title="bbox 877 2403 1615 2479">
    <p class='ocr_par' dir='ltr' id='par_1_19' title="bbox 877 2403 1615 2479">
     <span class='ocr_line' id='line_1_66' title="bbox 922 2403 1615 2444; baseline 0.001 -11"><span class='ocrx_word' id='word_1_496' title='bbox 922 2404 955 2433; x_wconf 83' lang='lat'>5.</span> <span class='ocrx_word' id='word_1_497' title='bbox 988 2403 1075 2434; x_wconf 75' lang='lat' dir='ltr'>iuter</span> <span class='ocrx_word' id='word_1_498' title='bbox 1099 2414 1133 2434; x_wconf 86' lang='lat' dir='ltr'>sc</span> <span class='ocrx_word' id='word_1_499' title='bbox 1152 2403 1355 2444; x_wconf 71' lang='lat' dir='ltr'>exercenda]</span> <span class='ocrx_word' id='word_1_500' title='bbox 1381 2404 1480 2435; x_wconf 86' lang='lat' dir='ltr'>Haec</span> <span class='ocrx_word' id='word_1_501' title='bbox 1503 2404 1615 2435; x_wconf 68' lang='lat' dir='ltr'>verba</span> 
     </span>
     <span class='ocr_line' id='line_1_67' title="bbox 877 2444 1591 2479; baseline 0.003 -2"><span class='ocrx_word' id='word_1_502' title='bbox 877 2444 907 2477; x_wconf 83' lang='lat' dir='ltr'>si</span> <span class='ocrx_word' id='word_1_503' title='bbox 933 2446 1104 2478; x_wconf 82' lang='lat' dir='ltr'>abessent</span> <span class='ocrx_word' id='word_1_504' title='bbox 1131 2447 1279 2479; x_wconf 78' lang='lat' dir='ltr'>facilius</span> <span class='ocrx_word' id='word_1_505' title='bbox 1309 2447 1437 2479; x_wconf 76' lang='lat' dir='ltr'>flueret</span> <span class='ocrx_word' id='word_1_506' title='bbox 1462 2448 1591 2479; x_wconf 83' lang='lat' dir='ltr'>oratio.</span> 
     </span>
    </p>
   </div>
   <div class='ocr_carea' id='block_1_12' title="bbox 879 2506 1616 2855">
    <p class='ocr_par' dir='ltr' id='par_1_20' title="bbox 879 2506 1616 2855">
     <span class='ocr_line' id='line_1_68' title="bbox 917 2506 1615 2549; baseline 0.001 -13"><span class='ocrx_word' id='word_1_507' title='bbox 917 2507 1045 2546; x_wconf 83' lang='lat' dir='ltr'>fraudi</span> <span class='ocrx_word' id='word_1_508' title='bbox 1096 2507 1246 2549; x_wconf 62' lang='lat' dir='ltr'>Virgilio</span> <span class='ocrx_word' id='word_1_509' title='bbox 1288 2506 1416 2548; x_wconf 60' lang='lat' dir='ltr'>vomat]</span> <span class='ocrx_word' id='word_1_510' title='bbox 1460 2507 1615 2538; x_wconf 82' lang='lat' dir='ltr'>Plautus</span> 
     </span>
     <span class='ocr_line' id='line_1_69' title="bbox 879 2549 1614 2591; baseline 0.003 -12"><span class='ocrx_word' id='word_1_511' title='bbox 879 2549 979 2590; x_wconf 79' lang='lat' dir='ltr'>Capt.</span> <span class='ocrx_word' id='word_1_512' title='bbox 1008 2550 1054 2589; x_wconf 61' lang='lat' dir='ltr'>ll,</span> <span class='ocrx_word' id='word_1_513' title='bbox 1079 2553 1111 2588; x_wconf 75' lang='lat'>2,</span> <span class='ocrx_word' id='word_1_514' title='bbox 1128 2554 1166 2588; x_wconf 81' lang='lat'>93</span> <span class='ocrx_word' id='word_1_515' title='bbox 1194 2550 1296 2591; x_wconf 74' lang='lat' dir='ltr'>Epio.</span> <span class='ocrx_word' id='word_1_516' title='bbox 1321 2551 1348 2585; x_wconf 80' lang='lat' dir='ltr'>I,</span> <span class='ocrx_word' id='word_1_517' title='bbox 1371 2553 1403 2589; x_wconf 80' lang='lat'>2,</span> <span class='ocrx_word' id='word_1_518' title='bbox 1428 2553 1459 2581; x_wconf 81' lang='lat'>5.</span> <span class='ocrx_word' id='word_1_519' title='bbox 1486 2555 1521 2581; x_wconf 86' lang='lat' dir='ltr'>et</span> <span class='ocrx_word' id='word_1_520' title='bbox 1548 2550 1614 2589; x_wconf 77' lang='grc' dir='ltr'>ῙΠ,</span> 
     </span>
     <span class='ocr_line' id='line_1_70' title="bbox 880 2593 1614 2633; baseline 0.001 -9"><span class='ocrx_word' id='word_1_521' title='bbox 880 2595 918 2629; x_wconf 84' lang='grc'>4,</span> <span class='ocrx_word' id='word_1_522' title='bbox 945 2596 1001 2624; x_wconf 89' lang='lat'>20.</span> <span class='ocrx_word' id='word_1_523' title='bbox 1035 2594 1147 2625; x_wconf 83' lang='lat' dir='ltr'>habet</span> <span class='ocrx_word' id='word_1_524' title='bbox 1177 2595 1261 2626; x_wconf 83' lang='lat' dir='ltr'>vil1&#39;o</span> <span class='ocrx_word' id='word_1_525' title='bbox 1287 2600 1477 2633; x_wconf 82' lang='lat' dir='ltr'>vortere,</span> <span class='ocrx_word' id='word_1_526' title='bbox 1504 2593 1614 2626; x_wconf 78' lang='lat' dir='ltr'>eliam</span> 
     </span>
     <span class='ocr_line' id='line_1_71' title="bbox 880 2636 1614 2677; baseline 0.004 -10"><span class='ocrx_word' id='word_1_527' title='bbox 880 2636 1008 2668; x_wconf 81' lang='lat' dir='ltr'>Cicero</span> <span class='ocrx_word' id='word_1_528' title='bbox 1036 2638 1079 2668; x_wconf 84' lang='lat' dir='ltr'>ad</span> <span class='ocrx_word' id='word_1_529' title='bbox 1114 2638 1199 2669; x_wconf 79' lang='lat' dir='ltr'>fain.</span> <span class='ocrx_word' id='word_1_530' title='bbox 1234 2637 1317 2677; x_wconf 64' lang='lat' dir='ltr'>VH,</span> <span class='ocrx_word' id='word_1_531' title='bbox 1342 2640 1374 2668; x_wconf 88' lang='lat'>6.</span> <span class='ocrx_word' id='word_1_532' title='bbox 1410 2639 1491 2669; x_wconf 77' lang='lat' dir='ltr'>vilio</span> <span class='ocrx_word' id='word_1_533' title='bbox 1524 2649 1614 2670; x_wconf 79' lang='lat' dir='ltr'>ver-</span> 
     </span>
     <span class='ocr_line' id='line_1_72' title="bbox 879 2681 1615 2723; baseline 0.001 -10"><span class='ocrx_word' id='word_1_534' title='bbox 879 2686 986 2720; x_wconf 74' lang='lat' dir='ltr'>ter03</span> <span class='ocrx_word' id='word_1_535' title='bbox 1002 2681 1096 2712; x_wconf 79' lang='lat' dir='ltr'>idem</span> <span class='ocrx_word' id='word_1_536' title='bbox 1116 2693 1147 2723; x_wconf 96' lang='lat' dir='ltr'>p.</span> <span class='ocrx_word' id='word_1_537' title='bbox 1164 2682 1256 2712; x_wconf 73' lang='lat' dir='ltr'>Mur.</span> <span class='ocrx_word' id='word_1_538' title='bbox 1271 2685 1325 2720; x_wconf 75' lang='lat'>35,</span> <span class='ocrx_word' id='word_1_539' title='bbox 1340 2685 1406 2722; x_wconf 61' lang='lat'>73„</span> <span class='ocrx_word' id='word_1_540' title='bbox 1420 2693 1452 2723; x_wconf 90' lang='lat' dir='ltr'>p.</span> <span class='ocrx_word' id='word_1_541' title='bbox 1470 2682 1615 2714; x_wconf 87' lang='lat' dir='ltr'>Cluent.</span> 
     </span>
     <span class='ocr_line' id='line_1_73' title="bbox 879 2725 1616 2767; baseline 0.004 -12"><span class='ocrx_word' id='word_1_542' title='bbox 879 2726 935 2762; x_wconf 87' lang='lat'>33,</span> <span class='ocrx_word' id='word_1_543' title='bbox 957 2727 1025 2763; x_wconf 82' lang='lat'>91,</span> <span class='ocrx_word' id='word_1_544' title='bbox 1053 2725 1096 2756; x_wconf 83' lang='lat' dir='ltr'>ad</span> <span class='ocrx_word' id='word_1_545' title='bbox 1125 2726 1195 2756; x_wconf 77' lang='lat' dir='ltr'>Att.</span> <span class='ocrx_word' id='word_1_546' title='bbox 1220 2725 1257 2763; x_wconf 61' lang='lat' dir='ltr'>V,</span> <span class='ocrx_word' id='word_1_547' title='bbox 1276 2728 1331 2763; x_wconf 80' lang='lat'>21,</span> <span class='ocrx_word' id='word_1_548' title='bbox 1355 2728 1403 2757; x_wconf 80' lang='lat'>12.</span> <span class='ocrx_word' id='word_1_549' title='bbox 1422 2727 1470 2758; x_wconf 78' lang='lat' dir='ltr'>al.</span> <span class='ocrx_word' id='word_1_550' title='bbox 1489 2728 1616 2767; x_wconf 85' lang='lat' dir='ltr'>frau-</span> 
     </span>
     <span class='ocr_line' id='line_1_74' title="bbox 881 2769 1616 2813; baseline 0.004 -13"><span class='ocrx_word' id='word_1_551' title='bbox 881 2769 922 2800; x_wconf 82' lang='lat' dir='ltr'>di</span> <span class='ocrx_word' id='word_1_552' title='bbox 947 2780 1028 2807; x_wconf 72' lang='lat' dir='ltr'>csse,</span> <span class='ocrx_word' id='word_1_553' title='bbox 1054 2769 1115 2800; x_wconf 80' lang='lat' dir='ltr'>sed</span> <span class='ocrx_word' id='word_1_554' title='bbox 1136 2770 1265 2809; x_wconf 83' lang='lat' dir='ltr'>fraudi</span> <span class='ocrx_word' id='word_1_555' title='bbox 1287 2775 1418 2802; x_wconf 77' lang='lat' dir='ltr'>vortere</span> <span class='ocrx_word' id='word_1_556' title='bbox 1440 2781 1616 2813; x_wconf 86' lang='lat' dir='ltr'>nusquam</span> 
     </span>
     <span class='ocr_line' id='line_1_75' title="bbox 881 2812 1275 2855; baseline 0.003 -11"><span class='ocrx_word' id='word_1_557' title='bbox 881 2824 938 2844; x_wconf 84' lang='lat' dir='ltr'>me</span> <span class='ocrx_word' id='word_1_558' title='bbox 964 2814 1089 2855; x_wconf 83' lang='lat' dir='ltr'>legere</span> <span class='ocrx_word' id='word_1_559' title='bbox 1114 2812 1275 2845; x_wconf 79' lang='lat' dir='ltr'>memini.</span> 
     </span>
    </p>
   </div>
   <div class='ocr_carea' id='block_1_13' title="bbox 883 2872 1617 2951">
    <p class='ocr_par' dir='ltr' id='par_1_21' title="bbox 883 2872 1617 2951">
     <span class='ocr_line' id='line_1_76' title="bbox 925 2872 1617 2917; baseline 0.006 -14"><span class='ocrx_word' id='word_1_560' title='bbox 925 2872 973 2904; x_wconf 78' lang='lat' dir='ltr'>ad</span> <span class='ocrx_word' id='word_1_561' title='bbox 1005 2873 1225 2905; x_wconf 72' lang='lat' dir='ltr'>excolendum</span> <span class='ocrx_word' id='word_1_562' title='bbox 1258 2872 1305 2915; x_wconf 89' lang='lat' dir='ltr'>se]</span> <span class='ocrx_word' id='word_1_563' title='bbox 1342 2873 1365 2906; x_wconf 88' lang='lat' dir='ltr'>i.</span> <span class='ocrx_word' id='word_1_564' title='bbox 1392 2885 1421 2906; x_wconf 79' lang='lat' dir='ltr'>e.</span> <span class='ocrx_word' id='word_1_565' title='bbox 1452 2874 1496 2907; x_wconf 82' lang='lat' dir='ltr'>ad</span> <span class='ocrx_word' id='word_1_566' title='bbox 1531 2884 1617 2917; x_wconf 84' lang='lat' dir='ltr'>poe-</span> 
     </span>
     <span class='ocr_line' id='line_1_77' title="bbox 883 2918 1314 2951; baseline 0 -2"><span class='ocrx_word' id='word_1_567' title='bbox 883 2919 977 2949; x_wconf 83' lang='lat' dir='ltr'>mata</span> <span class='ocrx_word' id='word_1_568' title='bbox 1004 2928 1070 2950; x_wconf 83' lang='lat' dir='ltr'>sua</span> <span class='ocrx_word' id='word_1_569' title='bbox 1096 2918 1314 2951; x_wconf 80' lang='lat' dir='ltr'>exornanda.</span> 
     </span>
    </p>
   </div>
   <div class='ocr_carea' id='block_1_14' title="bbox 1349 2964 1412 3008">
    <p class='ocr_par' dir='ltr' id='par_1_22' title="bbox 1349 2964 1412 3008">
     <span class='ocr_line' id='line_1_78' title="bbox 1349 2964 1412 3008; baseline 0.032 -2"><span class='ocrx_word' id='word_1_570' title='bbox 1349 2964 1412 3008; x_wconf 84' lang='lat'>32</span> 
     </span>
    </p>
   </div>
  </div>
 </body>
</html>
