1845 3131
208 32 290 75 588
835 30 1112 74 MACROBII

204 144 387 197 voluptas
417 155 497 182 non
528 153 620 180 mox
650 139 811 180 nomine
841 140 927 195 ipso
957 140 1112 182 infamis
1148 145 1227 190 est,
1275 140 1343 182 sed
1378 141 1422 182 lit
1454 140 1573 183 modo
1604 140 1743 182 utendi

137 204 192 245 29
206 200 263 242 vel
297 199 465 239 honesta
497 196 557 237 vel
596 196 806 249 arguenda.
875 197 1023 237 Parum
1062 201 1141 246 est,
1190 196 1223 236 si
1265 202 1450 237 excusata
1491 198 1542 238 sit
1584 202 1624 237 et
1663 211 1743 238 non

205 256 323 296 etiam
356 253 539 293 laudetur
572 252 768 306 voluptas.
826 252 924 293 Nam
961 252 1073 292 cibus
1105 252 1174 307 qui
1206 265 1296 292 eum
1336 253 1540 306 voluptate
1573 253 1745 294 sumitur

205 309 401 351 desiderio
437 313 588 349 tractus
626 308 664 348 in
704 313 880 348 ventrem
922 307 1154 348 reconditur
1192 307 1325 361 patula
1367 309 1640 361 expectatione
1682 322 1743 349 ra-

204 367 402 420 pientem,
430 370 469 405 et
502 364 595 404 dum
624 363 803 405 animose
827 363 989 413 fruitur,
1020 378 1110 404 mox
1141 377 1231 403 eum
1264 363 1499 417 concoquit:
1527 364 1633 418 quod
1664 379 1744 405 non

204 436 252 462 ex
281 435 410 475 aequo
441 420 538 460 eibis
574 419 705 460 evenit
740 434 842 475 quos
872 420 976 460 nulla
1011 419 1071 460 sui
1104 419 1273 460 dulcedo
1311 419 1575 459 commendat.
1635 419 1743 470 Quid

208 491 303 531 ergo
333 490 497 517 accusas
530 476 760 516 varietatem
796 476 910 530 quasi
938 476 1053 529 gulae
1079 475 1388 523 irritamentum,
1436 488 1526 515 cum
1556 475 1662 515 salus
1695 475 1747 516 sit

206 533 379 575 hominis
411 532 542 585 vigere
571 531 861 586 adpetentiam,
903 545 981 586 qua
1013 531 1221 572 deficiente
1250 531 1471 584 languescit
1500 536 1538 571 et
1568 530 1745 584 periculo

139 593 194 634 30
208 590 251 631 lit
280 589 470 644 propior?
530 588 630 628 Nam
663 588 767 628 sicut
796 588 835 628 in
869 588 965 628 mari
995 588 1283 641 gubernatores
1317 591 1435 627 vento
1466 600 1559 634 suo,
1591 586 1746 626 etiamsi

206 646 353 686 nimius
381 645 443 693 sit,
473 643 743 685 contrahendo
771 644 810 684 in
844 644 1036 684 minorem
1070 643 1235 683 modum
1259 642 1343 684 vela
1375 642 1684 696 praetervolant,
1708 647 1748 682 et

206 702 369 749 flatum,
402 714 490 740 cum
522 703 582 739 est
612 699 756 748 maior,
787 704 991 747 coercent,
1023 699 1196 752 sopitum
1226 712 1319 739 vero
1350 698 1520 738 excitare
1544 712 1623 738 non
1654 711 1745 752 pos-

206 762 319 798 sunt:
352 756 406 797 ita
439 760 478 795 et
505 755 744 808 adpetentia,
770 769 859 795 cum
893 755 1074 794 titillatur
1103 760 1142 794 et
1168 754 1322 801 crescit,
1356 753 1521 794 rationis
1550 754 1745 807 guberna-

138 813 294 857 3lculo
321 817 585 865 temperatur,
630 811 660 850 si
693 811 813 851 semel
845 810 1047 858 ceciderit,
1091 809 1235 849 animal
1266 809 1520 862 extinguitur.
1581 809 1621 849 Si
1652 822 1746 862 ergo

205 869 294 909 cibo
324 868 491 909 vivimus
528 872 566 907 et
601 866 733 907 cibum
767 866 995 920 adpetentia
1029 865 1111 905 sola
1143 865 1417 912 commendat,
1459 864 1745 904 elaborandum

205 925 321 965 nobis
358 929 418 965 est
452 928 679 964 commento
715 922 915 963 varietatis
956 926 999 962 ut
1029 921 1125 961 haec
1161 934 1317 975 semper
1353 924 1610 974 provocetur,
1655 933 1745 960 eum

205 986 364 1035 praesto
391 979 441 1019 sit
470 979 572 1019 ratio
601 992 678 1033 qua
709 978 810 1018 intra
840 977 1125 1018 moderationis
1156 990 1251 1017 suae
1276 975 1465 1016 terminos
1492 981 1747 1029 temperetur.

137 1035 469 1079 32Memineritis
506 1040 638 1075 tamen
678 1034 808 1088 lepido
852 1048 915 1075 me
959 1033 1139 1074 convivio
1175 1032 1332 1080 adesse,
1379 1046 1460 1072 non
1495 1031 1629 1071 anxio:
1673 1045 1747 1072 nee

205 1093 261 1133 sic
292 1091 460 1133 admitto
488 1090 733 1138 varietatem,
759 1095 804 1131 ut
827 1090 964 1130 luxum
994 1090 1172 1143 probem,
1200 1088 1269 1128 ubi
1299 1092 1549 1141 quaeruntur
1576 1086 1748 1128 aestivae

204 1148 313 1189 nives
343 1153 382 1188 et
416 1147 604 1187 hibernae
635 1159 765 1194 rosae,
805 1151 863 1195 et,
900 1145 993 1185 dum
1026 1144 1150 1197 magis
1186 1143 1359 1184 ostentui
1395 1156 1513 1197 quam
1544 1143 1635 1183 usui
1665 1155 1745 1183 ser-

204 1204 331 1252 vitur,
369 1202 556 1243 silvarum
587 1207 784 1242 secretum
815 1215 933 1243 omne
962 1200 1153 1240 lustratur
1182 1204 1222 1240 et
1250 1199 1456 1254 peregrina
1488 1198 1610 1239 maria
1639 1198 1745 1239 solli-

204 1260 387 1301 citantur.
446 1259 506 1299 lta
534 1257 637 1298 enim
668 1258 713 1298 tit
739 1262 800 1308 ut,
843 1256 998 1298 etiamsi
1027 1256 1234 1297 sanitatem
1265 1255 1507 1296 sumentium
1534 1253 1745 1295 mediocri-

292 1386 397 1428 [Mss.
424 1385 560 1417 APSH.

203 1442 250 1474 acl
272 1441 517 1484 penitentiam
542 1439 633 1477 (del.
658 1440 713 1477 ni)
741 1439 778 1471 Α.
803 1457 847 1463 -
868 1440 1038 1483 proprior
1062 1439 1100 1470 A.
1236 1440 1290 1470 30.
1320 1437 1431 1469 maior
1453 1442 1501 1470 est
1526 1436 1614 1468 Edd.
1639 1437 1679 1468 P.
1703 1454 1745 1458 ——

203 1486 380 1518 deciderit
412 1484 448 1517 S.
493 1503 536 1508 —
573 1484 754 1527 extinguit
793 1484 863 1515 ΑΡ.
999 1486 1051 1515 31.
1099 1494 1167 1525 qua
1201 1483 1276 1513 ΑΗ.
1334 1492 1404 1513 orn.
1440 1481 1476 1513 S.
1536 1492 1632 1523 quae
1666 1491 1744 1522 v—g.

203 1531 302 1573 quia
324 1529 428 1563 s-bl’.
564 1531 618 1560 32.
654 1529 772 1560 luxum
798 1539 867 1560 οιιι.
894 1528 932 1559 Α,
957 1546 1001 1552 -
1023 1528 1169 1560 servitur
1195 1537 1264 1559 oui.
1290 1526 1327 1558 Ρ.
1463 1527 1520 1557 33.
1561 1526 1745 1557 Obsecutus

247 1646 337 1688 mom]
374 1656 466 1677 novo
494 1645 600 1676 niodo
634 1644 769 1676 dietum
797 1647 852 1675 est
877 1655 942 1685 pro

203 1691 362 1722 continuo
423 1689 477 1721 Cf.
510 1700 540 1721 c.
567 1692 601 1728 8,
635 1689 650 1729 ξ)
680 1691 730 1729 3.,
769 1688 831 1720 ubi
865 1700 943 1720 mox

202 1735 322 1767 tritum
351 1734 446 1766 idem
476 1734 574 1766 valet
600 1744 662 1765 ac:
690 1734 793 1764 simul
817 1744 858 1764 ae
882 1733 943 1765 tri-

204 1785 275 1811 tum
303 1783 364 1810 est.

248 1826 305 1853 29.
352 1822 479 1864 patula
523 1820 769 1864 expectatione]
810 1820 943 1852 Dicen-

204 1867 289 1898 dum
309 1871 388 1898 erut
417 1866 537 1908 potins
560 1866 810 1907 exspectatione
834 1870 943 1907 patu-

203 1912 286 1942 lum
327 1913 551 1951 (ventrem),
597 1914 635 1941 ut
673 1909 725 1941 ait
764 1909 942 1951 Virgilius

206 1956 342 1996 Georg.
378 1955 412 1994 1,
443 1957 520 1986 376.
571 1954 747 1985 Patalis
788 1955 943 1996 captavit

202 2000 385 2031 naribus
409 2010 534 2039 auras,
567 2001 602 2029 et
628 1998 802 2029 Horatius
828 1998 941 2040 Epist.

202 2043 241 2083 l,
279 2045 330 2074 18.
364 2046 418 2073 70.
464 2043 530 2074 Nec
572 2042 718 2073 retinent
755 2043 943 2085 patulae

203 2087 382 2119 commissa
404 2087 561 2127 fideliter
586 2096 726 2117 aures.

249 2130 414 2173 animose]
440 2130 460 2162 i.
488 2142 517 2164 e.
545 2141 626 2161 eum
655 2130 861 2170 voluptate,
903 2131 943 2158 ut

204 2174 340 2206 dicitnr
379 2175 488 2206 animi
521 2185 637 2205 causa.
699 2173 754 2204 Cf.
793 2172 941 2204 Sueten.

204 2219 309 2250 Caes.
335 2221 389 2250 47.
422 2219 581 2250 Gemmas
686 2227 817 2259 semper
848 2216 941 2248 ani-

204 2262 439 2295 mosissime
469 2272 695 2304 comparasse.

249 2307 305 2338 sui
352 2305 508 2348 dulcedo]
566 2305 642 2336 Vid.
690 2304 859 2347 prolegg.
908 2314 941 2344 p.

203 2360 327 2383 xxxlx.

249 2397 306 2426 30.
354 2399 454 2427 vento
479 2393 554 2434 suo]
585 2392 608 2424 i.
640 2402 670 2423 e.
699 2390 877 2431 secundo,
904 2394 943 2421 ut

205 2438 342 2470 dicitur
366 2449 427 2470 suo
453 2443 613 2479 tempore.

247 2482 520 2525 praetervolant]
555 2481 755 2512 intuentem
782 2477 941 2518 scilieet,

204 2532 243 2559 ut
269 2527 317 2558 sit
341 2527 436 2558 idem
461 2525 555 2568 quod
582 2535 715 2556 cursum
742 2529 865 2555 tenent.

249 2573 303 2602 31.
353 2575 538 2603 commento
559 2568 754 2611 varietatis]
781 2568 803 2599 i.
825 2578 853 2598 e.
877 2576 941 2598 va-

205 2614 336 2647 rietate
361 2615 583 2656 excogitata.

248 2662 303 2690 32.
351 2659 465 2701 lepido
491 2657 645 2690 convivio
671 2681 677 2687 .
695 2680 701 2686 .
725 2667 793 2687 non
819 2653 938 2695 anxio]

204 2703 306 2735 Haec
335 2703 504 2735 videntur
531 2701 715 2743 pertinere
741 2699 783 2731 ad
812 2699 941 2730 ultima

204 2746 342 2779 Disarii
369 2747 480 2779 verba
504 2758 534 2777 e.
559 2748 591 2784 4,
617 2746 636 2784 S
663 2747 717 2775 33.
748 2754 791 2775 ne
821 2743 942 2774 videar

203 2790 263 2821 hoc
288 2792 397 2833 ipsum
432 2792 467 2822 in
503 2801 566 2831 quo
599 2799 734 2826 sumus,
773 2788 850 2818 lieet
884 2798 940 2818 so-

203 2834 313 2865 brium
341 2836 404 2874 sit,
443 2839 577 2874 tamen,
607 2833 689 2875 quia
719 2832 855 2864 varium
880 2835 941 2869 est,

205 2888 368 2910 accusare
394 2878 598 2911 convivium.

1056 1642 1208 1674 aestivae
1232 1640 1339 1682 nives]
1367 1639 1421 1671 Cf.
1445 1639 1528 1672 Seu.
1554 1639 1595 1671 N.
1623 1639 1666 1681 Q.
1686 1639 1744 1679 lv,

1014 1689 1072 1726 13,
1097 1689 1127 1716 2.
1176 1686 1244 1717 Nos
1279 1696 1358 1716 vero
1392 1695 1599 1726 quaeramus
1630 1684 1746 1726 potius

1012 1731 1178 1774 quomodo
1209 1732 1298 1770 siant
1328 1729 1424 1760 nives
1449 1740 1552 1771 quam
1579 1729 1746 1770 quomodo

1011 1780 1206 1813 serventur,
1258 1774 1416 1816 quoniam
1554 1773 1746 1804 invenimus

1012 1820 1177 1862 quomodo
1210 1820 1469 1860 stiparemus
1500 1817 1656 1855 nivem,
1699 1821 1745 1849 ut

1012 1876 1051 1895 ea
1084 1868 1290 1894 aestatem
1323 1862 1539 1893 evinceret
1573 1866 1604 1892 et
1627 1866 1744 1892 contra

1011 1908 1095 1939 anni
1113 1909 1284 1948 fervorem
1312 1907 1554 1947 defenderetur
1582 1905 1647 1937 loci
1675 1905 1745 1945 fri-

1010 1963 1106 1996 gere.

1054 1997 1216 2028 hibernae
1251 1994 1362 2035 rosae]
1399 1993 1452 2024 Cf.
1479 1992 1563 2024 Seu.
1588 2004 1644 2035 ep.
1670 1994 1745 2032 122,

1009 2043 1040 2070 8.
1084 2040 1157 2071 Non
1190 2039 1311 2070 vivunt
1338 2042 1457 2069 contra
1490 2043 1654 2068 naturam
1689 2037 1748 2078 qni

1010 2084 1146 2115 hieme
1169 2082 1410 2124 concupiscunt
1431 2080 1594 2112 rosam?
1619 2082 1743 2112 Horat.

1011 2127 1077 2158 Od.
1104 2127 1130 2164 1,
1157 2128 1212 2163 38,
1242 2128 1328 2166 3sq.
1360 2125 1458 2156 Mitte
1488 2125 1612 2156 sectari
1643 2135 1744 2156 rosa

1010 2183 1075 2212 quo
1122 2171 1271 2201 locorum
1320 2169 1430 2199 Sera
1473 2173 1642 2207 moretur,
1698 2169 1742 2200 ad

1009 2226 1114 2255 quem
1154 2215 1272 2244 locuni
1312 2211 1475 2243 Orellius
1513 2211 1640 2243 attulit
1674 2211 1744 2243 [ni—

1011 2259 1104 2290 cian.
1140 2257 1281 2299 Nigrin.
1315 2256 1331 2297 ξ
1367 2258 1420 2287 31.
1463 2252 1561 2293 Τοὺς
1597 2252 1744 2297 ῥόδων

1011 2298 1133 2334 αὐτῶν
1156 2300 1217 2333 καὶ
1242 2297 1363 2341 παρὰ
1397 2297 1552 2341 καιρὸν
1577 2297 1743 2341 ἀγαπῶν-

1009 2357 1074 2383 τας
1097 2350 1132 2377 et
1158 2346 1282 2377 l'neat.
1308 2345 1343 2376 iu
1368 2344 1504 2386 Paneg.
1525 2344 1667 2376 Theod.
1694 2345 1743 2377 14.

1014 2391 1163 2422 Delicati
1199 2390 1252 2421 itti
1290 2400 1330 2420 ac
1359 2390 1510 2429 fluentes
1544 2399 1670 2430 parum
1709 2399 1745 2421 se

1009 2435 1123 2466 lautos
1146 2434 1338 2476 putabant,
1363 2433 1430 2464 m‘si
1455 2433 1594 2464 luxuria
1619 2433 1741 2465 vertis-

1009 2484 1058 2511 set
1093 2490 1240 2517 annum,
1276 2477 1344 2508 nisi
1377 2477 1576 2508 hibernae
1609 2477 1743 2519 poculis

1008 2533 1134 2554 rosae
1160 2523 1387 2554 innatassent.

1053 2567 1220 2598 silvarum
1248 2571 1410 2597 secretum
1510 2563 1623 2594 maria
1645 2563 1742 2595 solli-

1009 2611 1174 2652 citantur]
1203 2610 1256 2641 Cf.
1282 2609 1408 2640 Senec.
1432 2607 1540 2638 Cons-
1565 2607 1608 2638 ad
1633 2607 1742 2639 Helv-

1010 2658 1122 2694 9.,12.
1165 2654 1328 2695 Alioquin
1367 2653 1396 2683 si
1433 2652 1480 2682 ad
1514 2661 1637 2682 sanam
1671 2651 1743 2683 illis

1009 2704 1152 2730 mentem
1185 2698 1323 2739 placeat
1357 2695 1498 2732 reverti,
1541 2695 1623 2735 quid
1658 2706 1743 2737 opus

1010 2748 1058 2774 est
1093 2747 1140 2774 tot
1178 2741 1309 2772 artibus
1341 2739 1454 2770 ventri
1490 2738 1742 2771 servientibus?

1010 2786 1093 2828 quid
1117 2782 1344 2816 mercaturis?
1376 2782 1459 2824 quid
1487 2784 1742 2815 vastatione

1010 2826 1250 2861 silvarum?
1288 2827 1370 2868 quid
1398 2826 1614 2868 profundi
1645 2837 1738 2869 per-

1010 2869 1311 2905 scrutatione?
1347 2874 1382 2902 et
1418 2880 1472 2912 cp.
1506 2872 1645 2910 89,21.
1679 2870 1741 2903 Ad
