<?xml version="1.0" encoding="UTF-8"?>
<!DOCTYPE html PUBLIC "-//W3C//DTD XHTML 1.0 Transitional//EN"
    "http://www.w3.org/TR/xhtml1/DTD/xhtml1-transitional.dtd">
<html xmlns="http://www.w3.org/1999/xhtml" xml:lang="en" lang="en">
 <head>
  <title>
</title>
<meta http-equiv="Content-Type" content="text/html;charset=utf-8" />
  <meta name='ocr-system' content='tesseract 3.04.00' />
  <meta name='ocr-capabilities' content='ocr_page ocr_carea ocr_par ocr_line ocrx_word'/>
</head>
<body>
  <div class='ocr_page' id='page_1' title='image "./operaquaesupersu02macruoft/operaquaesupersu02macruoft_0054.png"; bbox 0 0 1845 3126; ppageno 0'>
   <div class='ocr_carea' id='block_1_1' title="bbox 212 31 1110 76">
    <p class='ocr_par' dir='ltr' id='par_1_1' title="bbox 212 31 1110 76">
     <span class='ocr_line' id='line_1_1' title="bbox 212 31 1110 76; baseline -0.003 0"><span class='ocrx_word' id='word_1_1' title='bbox 212 35 267 76; x_wconf 82' lang='lat'>30</span> <span class='ocrx_word' id='word_1_2' title='bbox 835 31 1110 75; x_wconf 88' lang='lat' dir='ltr'>MACROBII</span> 
     </span>
    </p>
   </div>
   <div class='ocr_carea' id='block_1_2' title="bbox 143 140 1748 1040">
    <p class='ocr_par' dir='ltr' id='par_1_2' title="bbox 143 140 1748 1040">
     <span class='ocr_line' id='line_1_2' title="bbox 210 140 1747 200; baseline 0.001 -14"><span class='ocrx_word' id='word_1_3' title='bbox 210 145 379 186; x_wconf 86' lang='lat' dir='ltr'>coluisse</span> <span class='ocrx_word' id='word_1_4' title='bbox 404 144 444 184; x_wconf 92' lang='lat' dir='ltr'>in</span> <span class='ocrx_word' id='word_1_5' title='bbox 474 142 587 183; x_wconf 89' lang='lat' dir='ltr'>Italia</span> <span class='ocrx_word' id='word_1_6' title='bbox 616 140 816 192; x_wconf 88' lang='lat' dir='ltr'>dicuntur,</span> <span class='ocrx_word' id='word_1_7' title='bbox 842 143 910 184; x_wconf 89' lang='lat' dir='ltr'>sed</span> <span class='ocrx_word' id='word_1_8' title='bbox 939 144 1079 185; x_wconf 88' lang='lat' dir='ltr'>aetatis</span> <span class='ocrx_word' id='word_1_9' title='bbox 1111 158 1206 185; x_wconf 87' lang='lat' dir='ltr'>suae</span> <span class='ocrx_word' id='word_1_10' title='bbox 1233 144 1362 186; x_wconf 90' lang='lat' dir='ltr'>verbis</span> <span class='ocrx_word' id='word_1_11' title='bbox 1387 145 1672 200; x_wconf 79' lang='lat' dir='ltr'>loquebantur:</span> <span class='ocrx_word' id='word_1_12' title='bbox 1702 151 1747 188; x_wconf 85' lang='lat' dir='ltr'>tu</span> 
     </span>
     <span class='ocr_line' id='line_1_3' title="bbox 210 198 1746 256; baseline 0.001 -14"><span class='ocrx_word' id='word_1_13' title='bbox 210 207 355 249; x_wconf 79' lang='lat' dir='ltr'>autem,</span> <span class='ocrx_word' id='word_1_14' title='bbox 387 199 552 254; x_wconf 78' lang='lat' dir='ltr'>proinde</span> <span class='ocrx_word' id='word_1_15' title='bbox 584 198 698 252; x_wconf 86' lang='lat' dir='ltr'>quasi</span> <span class='ocrx_word' id='word_1_16' title='bbox 727 212 818 239; x_wconf 89' lang='lat' dir='ltr'>cum</span> <span class='ocrx_word' id='word_1_17' title='bbox 846 204 972 240; x_wconf 87' lang='lat' dir='ltr'>matre</span> <span class='ocrx_word' id='word_1_18' title='bbox 998 201 1172 242; x_wconf 87' lang='lat' dir='ltr'>Evandri</span> <span class='ocrx_word' id='word_1_19' title='bbox 1203 215 1308 242; x_wconf 85' lang='lat' dir='ltr'>nune</span> <span class='ocrx_word' id='word_1_20' title='bbox 1339 202 1516 256; x_wconf 87' lang='lat' dir='ltr'>loquare,</span> <span class='ocrx_word' id='word_1_21' title='bbox 1545 203 1603 244; x_wconf 87' lang='lat' dir='ltr'>vis</span> <span class='ocrx_word' id='word_1_22' title='bbox 1631 203 1746 243; x_wconf 85' lang='lat' dir='ltr'>nobis</span> 
     </span>
     <span class='ocr_line' id='line_1_4' title="bbox 209 255 1745 313; baseline 0.001 -15"><span class='ocrx_word' id='word_1_23' title='bbox 209 259 327 299; x_wconf 86' lang='lat' dir='ltr'>verba</span> <span class='ocrx_word' id='word_1_24' title='bbox 357 256 490 296; x_wconf 90' lang='lat' dir='ltr'>multis</span> <span class='ocrx_word' id='word_1_25' title='bbox 522 255 597 295; x_wconf 88' lang='lat' dir='ltr'>iam</span> <span class='ocrx_word' id='word_1_26' title='bbox 625 255 767 295; x_wconf 86' lang='lat' dir='ltr'>seculis</span> <span class='ocrx_word' id='word_1_27' title='bbox 799 255 1023 296; x_wconf 84' lang='lat' dir='ltr'>oblitterata</span> <span class='ocrx_word' id='word_1_28' title='bbox 1052 270 1260 307; x_wconf 85' lang='lat' dir='ltr'>revocare,</span> <span class='ocrx_word' id='word_1_29' title='bbox 1306 258 1354 298; x_wconf 85' lang='lat' dir='ltr'>ad</span> <span class='ocrx_word' id='word_1_30' title='bbox 1394 272 1566 313; x_wconf 92' lang='lat' dir='ltr'>quorum</span> <span class='ocrx_word' id='word_1_31' title='bbox 1602 273 1745 312; x_wconf 79' lang='lat' dir='ltr'>conge-</span> 
     </span>
     <span class='ocr_line' id='line_1_5' title="bbox 210 312 1745 366; baseline 0.001 -13"><span class='ocrx_word' id='word_1_32' title='bbox 210 313 306 353; x_wconf 90' lang='lat' dir='ltr'>riem</span> <span class='ocrx_word' id='word_1_33' title='bbox 336 317 581 366; x_wconf 75' lang='lat' dir='ltr'>praestantes</span> <span class='ocrx_word' id='word_1_34' title='bbox 617 325 781 365; x_wconf 91' lang='lat' dir='ltr'>quoque</span> <span class='ocrx_word' id='word_1_35' title='bbox 819 312 943 362; x_wconf 87' lang='lat' dir='ltr'>viros,</span> <span class='ocrx_word' id='word_1_36' title='bbox 984 326 1156 366; x_wconf 92' lang='lat' dir='ltr'>quorum</span> <span class='ocrx_word' id='word_1_37' title='bbox 1186 314 1418 355; x_wconf 79' lang='lat' dir='ltr'>memoriam</span> <span class='ocrx_word' id='word_1_38' title='bbox 1451 315 1664 355; x_wconf 85' lang='lat' dir='ltr'>continuus</span> <span class='ocrx_word' id='word_1_39' title='bbox 1693 316 1745 355; x_wconf 91' lang='lat' dir='ltr'>le-</span> 
     </span>
     <span class='ocr_line' id='line_1_6' title="bbox 170 367 1747 424; baseline 0.001 -14"><span class='ocrx_word' id='word_1_40' title='bbox 170 368 328 422; x_wconf 67' lang='lat' dir='ltr'>Qgendi</span> <span class='ocrx_word' id='word_1_41' title='bbox 365 382 461 409; x_wconf 89' lang='lat' dir='ltr'>usus</span> <span class='ocrx_word' id='word_1_42' title='bbox 505 367 681 416; x_wconf 85' lang='lat' dir='ltr'>instruit,</span> <span class='ocrx_word' id='word_1_43' title='bbox 736 367 918 408; x_wconf 80' lang='lat' dir='ltr'>incitasti.</span> <span class='ocrx_word' id='word_1_44' title='bbox 992 369 1071 409; x_wconf 82' lang='lat' dir='ltr'>Sed</span> <span class='ocrx_word' id='word_1_45' title='bbox 1113 370 1395 423; x_wconf 87' lang='lat' dir='ltr'>antiquitatum</span> <span class='ocrx_word' id='word_1_46' title='bbox 1440 371 1553 411; x_wconf 87' lang='lat' dir='ltr'>vobis</span> <span class='ocrx_word' id='word_1_47' title='bbox 1597 370 1747 424; x_wconf 85' lang='lat' dir='ltr'>placere</span> 
     </span>
     <span class='ocr_line' id='line_1_7' title="bbox 211 424 1746 480; baseline 0.002 -16"><span class='ocrx_word' id='word_1_48' title='bbox 211 424 375 473; x_wconf 82' lang='lat' dir='ltr'>iactatis,</span> <span class='ocrx_word' id='word_1_49' title='bbox 401 424 510 478; x_wconf 86' lang='lat' dir='ltr'>quod</span> <span class='ocrx_word' id='word_1_50' title='bbox 540 424 706 464; x_wconf 86' lang='lat' dir='ltr'>honesta</span> <span class='ocrx_word' id='word_1_51' title='bbox 734 429 772 463; x_wconf 88' lang='lat' dir='ltr'>et</span> <span class='ocrx_word' id='word_1_52' title='bbox 801 425 933 465; x_wconf 86' lang='lat' dir='ltr'>sobria</span> <span class='ocrx_word' id='word_1_53' title='bbox 962 430 1000 465; x_wconf 90' lang='lat' dir='ltr'>et</span> <span class='ocrx_word' id='word_1_54' title='bbox 1027 425 1204 466; x_wconf 88' lang='lat' dir='ltr'>modesta</span> <span class='ocrx_word' id='word_1_55' title='bbox 1234 426 1302 466; x_wconf 88' lang='lat' dir='ltr'>sit:</span> <span class='ocrx_word' id='word_1_56' title='bbox 1330 426 1507 467; x_wconf 86' lang='lat' dir='ltr'>vivamus</span> <span class='ocrx_word' id='word_1_57' title='bbox 1536 439 1630 480; x_wconf 78' lang='lat' dir='ltr'>ergo</span> <span class='ocrx_word' id='word_1_58' title='bbox 1662 441 1746 467; x_wconf 93' lang='lat' dir='ltr'>mo-</span> 
     </span>
     <span class='ocr_line' id='line_1_8' title="bbox 143 480 1746 536; baseline 0.001 -15"><span class='ocrx_word' id='word_1_59' title='bbox 143 481 343 533; x_wconf 60' lang='lat' dir='ltr'>lmen-ihus</span> <span class='ocrx_word' id='word_1_60' title='bbox 385 481 623 534; x_wconf 88' lang='lat' dir='ltr'>praeteritis,</span> <span class='ocrx_word' id='word_1_61' title='bbox 663 480 937 533; x_wconf 82' lang='lat' dir='ltr'>praesentibus</span> <span class='ocrx_word' id='word_1_62' title='bbox 981 481 1110 522; x_wconf 68' lang='lat' dir='ltr'>verbis</span> <span class='ocrx_word' id='word_1_63' title='bbox 1152 482 1377 535; x_wconf 82' lang='lat' dir='ltr'>loquamur.</span> <span class='ocrx_word' id='word_1_64' title='bbox 1434 483 1522 536; x_wconf 79' lang='lat' dir='ltr'>Ego</span> <span class='ocrx_word' id='word_1_65' title='bbox 1562 482 1666 523; x_wconf 91' lang='lat' dir='ltr'>enim</span> <span class='ocrx_word' id='word_1_66' title='bbox 1708 482 1746 523; x_wconf 84' lang='lat' dir='ltr'>id</span> 
     </span>
     <span class='ocr_line' id='line_1_9' title="bbox 209 536 1746 593; baseline 0.001 -16"><span class='ocrx_word' id='word_1_67' title='bbox 209 536 317 590; x_wconf 87' lang='lat' dir='ltr'>quod</span> <span class='ocrx_word' id='word_1_68' title='bbox 347 550 369 576; x_wconf 92' lang='lat' dir='ltr'>a</span> <span class='ocrx_word' id='word_1_69' title='bbox 393 536 436 577; x_wconf 86' lang='lat' dir='ltr'>C.</span> <span class='ocrx_word' id='word_1_70' title='bbox 454 536 635 584; x_wconf 76' lang='lat' dir='ltr'>Caesare,</span> <span class='ocrx_word' id='word_1_71' title='bbox 664 536 888 577; x_wconf 82' lang='lat' dir='ltr'>excellentis</span> <span class='ocrx_word' id='word_1_72' title='bbox 921 536 1067 589; x_wconf 80' lang='lat' dir='ltr'>ingenii</span> <span class='ocrx_word' id='word_1_73' title='bbox 1091 551 1135 577; x_wconf 89' lang='lat' dir='ltr'>ac</span> <span class='ocrx_word' id='word_1_74' title='bbox 1165 538 1398 592; x_wconf 86' lang='lat' dir='ltr'>prudentiae</span> <span class='ocrx_word' id='word_1_75' title='bbox 1423 538 1520 587; x_wconf 84' lang='lat' dir='ltr'>viro,</span> <span class='ocrx_word' id='word_1_76' title='bbox 1550 538 1590 578; x_wconf 89' lang='lat' dir='ltr'>in</span> <span class='ocrx_word' id='word_1_77' title='bbox 1618 539 1746 593; x_wconf 91' lang='lat' dir='ltr'>primo</span> 
     </span>
     <span class='ocr_line' id='line_1_10' title="bbox 209 592 1747 648; baseline 0.001 -15"><span class='ocrx_word' id='word_1_78' title='bbox 209 594 256 633; x_wconf 74' lang='lat' dir='ltr'>(le</span> <span class='ocrx_word' id='word_1_79' title='bbox 281 592 462 646; x_wconf 79' lang='lat' dir='ltr'>analogia</span> <span class='ocrx_word' id='word_1_80' title='bbox 490 593 589 633; x_wconf 70' lang='lat' dir='ltr'>liliro</span> <span class='ocrx_word' id='word_1_81' title='bbox 619 592 809 646; x_wconf 88' lang='lat' dir='ltr'>seriptum</span> <span class='ocrx_word' id='word_1_82' title='bbox 842 598 901 633; x_wconf 86' lang='lat' dir='ltr'>est</span> <span class='ocrx_word' id='word_1_83' title='bbox 927 593 1055 634; x_wconf 80' lang='lat' dir='ltr'>habeo</span> <span class='ocrx_word' id='word_1_84' title='bbox 1081 607 1238 647; x_wconf 81' lang='lat' dir='ltr'>semper</span> <span class='ocrx_word' id='word_1_85' title='bbox 1266 594 1305 633; x_wconf 93' lang='lat' dir='ltr'>in</span> <span class='ocrx_word' id='word_1_86' title='bbox 1336 594 1528 635; x_wconf 88' lang='lat' dir='ltr'>memoria</span> <span class='ocrx_word' id='word_1_87' title='bbox 1558 599 1679 648; x_wconf 89' lang='lat' dir='ltr'>atque</span> <span class='ocrx_word' id='word_1_88' title='bbox 1707 594 1747 634; x_wconf 92' lang='lat' dir='ltr'>in</span> 
     </span>
     <span class='ocr_line' id='line_1_11' title="bbox 208 649 1744 704; baseline 0.001 -16"><span class='ocrx_word' id='word_1_89' title='bbox 208 655 388 703; x_wconf 83' lang='lat' dir='ltr'>pectore,</span> <span class='ocrx_word' id='word_1_90' title='bbox 419 653 480 697; x_wconf 87' lang='lat' dir='ltr'>ut,</span> <span class='ocrx_word' id='word_1_91' title='bbox 512 654 716 702; x_wconf 85' lang='lat' dir='ltr'>tamquam</span> <span class='ocrx_word' id='word_1_92' title='bbox 751 649 978 702; x_wconf 80' lang='lat' dir='ltr'>scopulum,</span> <span class='ocrx_word' id='word_1_93' title='bbox 1009 650 1064 690; x_wconf 88' lang='lat' dir='ltr'>sie</span> <span class='ocrx_word' id='word_1_94' title='bbox 1094 650 1240 704; x_wconf 81' lang='lat' dir='ltr'>fugiam</span> <span class='ocrx_word' id='word_1_95' title='bbox 1274 649 1501 704; x_wconf 80' lang='lat' dir='ltr'>infrequens</span> <span class='ocrx_word' id='word_1_96' title='bbox 1532 655 1653 703; x_wconf 88' lang='lat' dir='ltr'>atque</span> <span class='ocrx_word' id='word_1_97' title='bbox 1687 649 1744 690; x_wconf 91' lang='lat' dir='ltr'>in-</span> 
     </span>
     <span class='ocr_line' id='line_1_12' title="bbox 171 704 1748 760; baseline 0.001 -15"><span class='ocrx_word' id='word_1_98' title='bbox 171 705 340 745; x_wconf 82' lang='lat' dir='ltr'>3solens</span> <span class='ocrx_word' id='word_1_99' title='bbox 371 705 547 745; x_wconf 84' lang='lat' dir='ltr'>verbum.</span> <span class='ocrx_word' id='word_1_100' title='bbox 605 704 715 744; x_wconf 87' lang='lat' dir='ltr'>Mille</span> <span class='ocrx_word' id='word_1_101' title='bbox 743 705 915 758; x_wconf 83' lang='lat' dir='ltr'>(lenique</span> <span class='ocrx_word' id='word_1_102' title='bbox 944 706 1157 746; x_wconf 70' lang='lat' dir='ltr'>verborum</span> <span class='ocrx_word' id='word_1_103' title='bbox 1186 706 1323 746; x_wconf 87' lang='lat' dir='ltr'>talium</span> <span class='ocrx_word' id='word_1_104' title='bbox 1355 712 1416 746; x_wconf 87' lang='lat' dir='ltr'>est</span> <span class='ocrx_word' id='word_1_105' title='bbox 1441 719 1556 760; x_wconf 89' lang='lat' dir='ltr'>quae,</span> <span class='ocrx_word' id='word_1_106' title='bbox 1587 719 1677 746; x_wconf 84' lang='lat' dir='ltr'>cum</span> <span class='ocrx_word' id='word_1_107' title='bbox 1708 705 1748 746; x_wconf 91' lang='lat' dir='ltr'>in</span> 
     </span>
     <span class='ocr_line' id='line_1_13' title="bbox 209 760 1746 814; baseline 0 -13"><span class='ocrx_word' id='word_1_108' title='bbox 209 774 278 801; x_wconf 90' lang='lat' dir='ltr'>ore</span> <span class='ocrx_word' id='word_1_109' title='bbox 314 761 466 814; x_wconf 83' lang='lat' dir='ltr'>priscae</span> <span class='ocrx_word' id='word_1_110' title='bbox 504 760 752 800; x_wconf 78' lang='lat' dir='ltr'>auctoritatis</span> <span class='ocrx_word' id='word_1_111' title='bbox 788 762 926 801; x_wconf 84' lang='lat' dir='ltr'>crebro</span> <span class='ocrx_word' id='word_1_112' title='bbox 963 760 1127 810; x_wconf 86' lang='lat' dir='ltr'>suerint,</span> <span class='ocrx_word' id='word_1_113' title='bbox 1171 767 1423 802; x_wconf 79' lang='lat' dir='ltr'>exauctorata</span> <span class='ocrx_word' id='word_1_114' title='bbox 1455 768 1587 802; x_wconf 87' lang='lat' dir='ltr'>tamen</span> <span class='ocrx_word' id='word_1_115' title='bbox 1620 776 1642 802; x_wconf 87' lang='lat' dir='ltr'>a</span> <span class='ocrx_word' id='word_1_116' title='bbox 1686 775 1746 802; x_wconf 90' lang='lat' dir='ltr'>se-</span> 
     </span>
     <span class='ocr_line' id='line_1_14' title="bbox 210 816 1747 871; baseline 0.001 -15"><span class='ocrx_word' id='word_1_117' title='bbox 210 817 348 870; x_wconf 86' lang='lat' dir='ltr'>quenti</span> <span class='ocrx_word' id='word_1_118' title='bbox 388 821 517 856; x_wconf 83' lang='lat' dir='ltr'>aetate</span> <span class='ocrx_word' id='word_1_119' title='bbox 552 816 839 869; x_wconf 64' lang='lat' dir='ltr'>repudiatamie</span> <span class='ocrx_word' id='word_1_120' title='bbox 875 822 978 857; x_wconf 87' lang='lat' dir='ltr'>sunt.</span> <span class='ocrx_word' id='word_1_121' title='bbox 1038 818 1194 857; x_wconf 88' lang='lat' dir='ltr'>Horum</span> <span class='ocrx_word' id='word_1_122' title='bbox 1234 818 1387 871; x_wconf 86' lang='lat' dir='ltr'>copiam</span> <span class='ocrx_word' id='word_1_123' title='bbox 1429 816 1603 871; x_wconf 88' lang='lat' dir='ltr'>proferre</span> <span class='ocrx_word' id='word_1_124' title='bbox 1640 831 1747 858; x_wconf 89' lang='lat' dir='ltr'>nunc</span> 
     </span>
     <span class='ocr_line' id='line_1_15' title="bbox 209 872 1745 927; baseline 0 -14"><span class='ocrx_word' id='word_1_125' title='bbox 209 886 380 926; x_wconf 86' lang='lat' dir='ltr'>possem,</span> <span class='ocrx_word' id='word_1_126' title='bbox 410 872 449 911; x_wconf 94' lang='lat' dir='ltr'>ni</span> <span class='ocrx_word' id='word_1_127' title='bbox 480 878 637 925; x_wconf 86' lang='lat' dir='ltr'>tempus</span> <span class='ocrx_word' id='word_1_128' title='bbox 664 872 792 912; x_wconf 87' lang='lat' dir='ltr'>noetis</span> <span class='ocrx_word' id='word_1_129' title='bbox 823 872 900 912; x_wconf 91' lang='lat' dir='ltr'>iam</span> <span class='ocrx_word' id='word_1_130' title='bbox 933 873 1236 927; x_wconf 88' lang='lat' dir='ltr'>propinquantis</span> <span class='ocrx_word' id='word_1_131' title='bbox 1266 873 1510 913; x_wconf 78' lang='lat' dir='ltr'>necessariae</span> <span class='ocrx_word' id='word_1_132' title='bbox 1539 873 1745 914; x_wconf 87' lang='lat' dir='ltr'>discessio-</span> 
     </span>
     <span class='ocr_line' id='line_1_16' title="bbox 170 928 1748 982; baseline 0.001 -14"><span class='ocrx_word' id='word_1_133' title='bbox 170 928 270 969; x_wconf 57' lang='lat' dir='ltr'>alnis</span> <span class='ocrx_word' id='word_1_134' title='bbox 302 942 375 969; x_wconf 86' lang='lat' dir='ltr'>nos</span> <span class='ocrx_word' id='word_1_135' title='bbox 407 932 665 968; x_wconf 88' lang='lat' dir='ltr'>ammoneret.</span> <span class='ocrx_word' id='word_1_136' title='bbox 724 928 835 968; x_wconf 90' lang='lat' dir='ltr'>Bona</span> <span class='ocrx_word' id='word_1_137' title='bbox 866 929 984 969; x_wconf 81' lang='lat' dir='ltr'>verba</span> <span class='ocrx_word' id='word_1_138' title='bbox 1013 942 1179 982; x_wconf 86' lang='lat' dir='ltr'>quaeso,</span> <span class='ocrx_word' id='word_1_139' title='bbox 1212 930 1490 970; x_wconf 81' lang='lat' dir='ltr'>Praetextatus</span> <span class='ocrx_word' id='word_1_140' title='bbox 1515 929 1675 977; x_wconf 91' lang='lat' dir='ltr'>morali,</span> <span class='ocrx_word' id='word_1_141' title='bbox 1703 934 1748 970; x_wconf 88' lang='lat' dir='ltr'>ut</span> 
     </span>
     <span class='ocr_line' id='line_1_17' title="bbox 209 984 1746 1040; baseline 0.001 -16"><span class='ocrx_word' id='word_1_142' title='bbox 209 984 377 1033; x_wconf 85' lang='lat' dir='ltr'>adsolet,</span> <span class='ocrx_word' id='word_1_143' title='bbox 412 984 601 1037; x_wconf 71' lang='lat' dir='ltr'>gravitate</span> <span class='ocrx_word' id='word_1_144' title='bbox 631 984 816 1034; x_wconf 82' lang='lat' dir='ltr'>subiecit,</span> <span class='ocrx_word' id='word_1_145' title='bbox 849 998 920 1025; x_wconf 90' lang='lat' dir='ltr'>nec</span> <span class='ocrx_word' id='word_1_146' title='bbox 952 984 1167 1025; x_wconf 87' lang='lat' dir='ltr'>insolenter</span> <span class='ocrx_word' id='word_1_147' title='bbox 1197 986 1371 1040; x_wconf 85' lang='lat' dir='ltr'>parentis</span> <span class='ocrx_word' id='word_1_148' title='bbox 1398 985 1543 1027; x_wconf 87' lang='lat' dir='ltr'>artium</span> <span class='ocrx_word' id='word_1_149' title='bbox 1574 985 1746 1040; x_wconf 82' lang='lat' dir='ltr'>antiqui-</span> 
     </span>
    </p>
   </div>
   <div class='ocr_carea' id='block_1_3' title="bbox 299 1083 634 1126">
    <p class='ocr_par' dir='ltr' id='par_1_3' title="bbox 299 1083 634 1126">
     <span class='ocr_line' id='line_1_18' title="bbox 299 1083 634 1126; baseline 0 -11"><span class='ocrx_word' id='word_1_150' title='bbox 299 1084 400 1126; x_wconf 79' lang='lat' dir='ltr'>[Mss.</span> <span class='ocrx_word' id='word_1_151' title='bbox 428 1083 634 1116; x_wconf 69' lang='lat' dir='ltr'>ABGPSH.</span> 
     </span>
    </p>
   </div>
   <div class='ocr_carea' id='block_1_4' title="bbox 205 1139 1747 2387">
    <p class='ocr_par' dir='ltr' id='par_1_4' title="bbox 205 1139 1747 1583">
     <span class='ocr_line' id='line_1_19' title="bbox 207 1139 1745 1182; baseline 0.001 -11"><span class='ocrx_word' id='word_1_152' title='bbox 207 1150 437 1171; x_wconf 79' lang='lat' dir='ltr'>aurzmcorum</span> <span class='ocrx_word' id='word_1_153' title='bbox 462 1139 500 1171; x_wconf 84' lang='lat' dir='ltr'>A.</span> <span class='ocrx_word' id='word_1_154' title='bbox 546 1151 653 1182; x_wconf 75' lang='lat' dir='ltr'>neque</span> <span class='ocrx_word' id='word_1_155' title='bbox 675 1145 741 1172; x_wconf 87' lang='lat' dir='ltr'>aut</span> <span class='ocrx_word' id='word_1_156' title='bbox 764 1150 1000 1172; x_wconf 84' lang='lat' dir='ltr'>coruncorum</span> <span class='ocrx_word' id='word_1_157' title='bbox 1025 1140 1072 1171; x_wconf 85' lang='lat' dir='ltr'>M.</span> <span class='ocrx_word' id='word_1_158' title='bbox 1097 1158 1138 1164; x_wconf 94' lang='lat'>—-</span> <span class='ocrx_word' id='word_1_159' title='bbox 1162 1140 1305 1172; x_wconf 76' lang='lat' dir='ltr'>coluisse</span> <span class='ocrx_word' id='word_1_160' title='bbox 1340 1141 1487 1173; x_wconf 85' lang='lat' dir='ltr'>Italiam</span> <span class='ocrx_word' id='word_1_161' title='bbox 1511 1141 1605 1173; x_wconf 85' lang='lat' dir='ltr'>coni.</span> <span class='ocrx_word' id='word_1_162' title='bbox 1622 1140 1745 1174; x_wconf 75' lang='lat' dir='ltr'>Davis-</span> 
     </span>
     <span class='ocr_line' id='line_1_20' title="bbox 207 1183 1747 1228; baseline 0.001 -13"><span class='ocrx_word' id='word_1_163' title='bbox 207 1185 250 1216; x_wconf 86' lang='lat' dir='ltr'>ad</span> <span class='ocrx_word' id='word_1_164' title='bbox 278 1183 352 1215; x_wconf 78' lang='lat' dir='ltr'>Cic.</span> <span class='ocrx_word' id='word_1_165' title='bbox 380 1184 422 1215; x_wconf 82' lang='lat' dir='ltr'>(le</span> <span class='ocrx_word' id='word_1_166' title='bbox 449 1183 487 1216; x_wconf 77' lang='lat' dir='ltr'>N.</span> <span class='ocrx_word' id='word_1_167' title='bbox 507 1184 549 1215; x_wconf 85' lang='lat' dir='ltr'>D.</span> <span class='ocrx_word' id='word_1_168' title='bbox 575 1185 622 1222; x_wconf 73' lang='lat' dir='ltr'>ll,</span> <span class='ocrx_word' id='word_1_169' title='bbox 647 1187 678 1216; x_wconf 93' lang='lat'>5.</span> <span class='ocrx_word' id='word_1_170' title='bbox 727 1184 788 1216; x_wconf 79' lang='lat' dir='ltr'>Sic</span> <span class='ocrx_word' id='word_1_171' title='bbox 811 1184 908 1216; x_wconf 86' lang='lat' dir='ltr'>Gell.</span> <span class='ocrx_word' id='word_1_172' title='bbox 937 1185 958 1216; x_wconf 92' lang='lat' dir='ltr'>l.</span> <span class='ocrx_word' id='word_1_173' title='bbox 982 1196 1010 1217; x_wconf 84' lang='lat' dir='ltr'>c.</span> <span class='ocrx_word' id='word_1_174' title='bbox 1035 1202 1077 1208; x_wconf 89' lang='lat'>-—</span> <span class='ocrx_word' id='word_1_175' title='bbox 1104 1186 1212 1217; x_wconf 84' lang='lat' dir='ltr'>verbis</span> <span class='ocrx_word' id='word_1_176' title='bbox 1237 1186 1434 1217; x_wconf 82' lang='lat' dir='ltr'>utebantur</span> <span class='ocrx_word' id='word_1_177' title='bbox 1458 1186 1562 1217; x_wconf 77' lang='lat' dir='ltr'>s-bP.</span> <span class='ocrx_word' id='word_1_178' title='bbox 1587 1204 1632 1210; x_wconf 77' lang='lat'><em>-</em></span> <span class='ocrx_word' id='word_1_179' title='bbox 1655 1198 1747 1228; x_wconf 85' lang='lat' dir='ltr'>per-</span> 
     </span>
     <span class='ocr_line' id='line_1_21' title="bbox 207 1228 1747 1272; baseline 0.002 -13"><span class='ocrx_word' id='word_1_180' title='bbox 207 1229 287 1260; x_wconf 83' lang='lat' dir='ltr'>inde</span> <span class='ocrx_word' id='word_1_181' title='bbox 319 1228 438 1270; x_wconf 76' lang='lat' dir='ltr'>p2-bP</span> <span class='ocrx_word' id='word_1_182' title='bbox 466 1229 564 1260; x_wconf 86' lang='lat' dir='ltr'>Gell.</span> <span class='ocrx_word' id='word_1_183' title='bbox 590 1229 612 1260; x_wconf 94' lang='lat' dir='ltr'>l.</span> <span class='ocrx_word' id='word_1_184' title='bbox 640 1240 670 1259; x_wconf 85' lang='lat' dir='ltr'>c.</span> <span class='ocrx_word' id='word_1_185' title='bbox 701 1230 757 1261; x_wconf 85' lang='lat' dir='ltr'>ed.</span> <span class='ocrx_word' id='word_1_186' title='bbox 784 1228 886 1260; x_wconf 82' lang='lat' dir='ltr'>Lion.</span> <span class='ocrx_word' id='word_1_187' title='bbox 935 1228 989 1261; x_wconf 87' lang='lat' dir='ltr'>Cf.</span> <span class='ocrx_word' id='word_1_188' title='bbox 1023 1229 1141 1261; x_wconf 82' lang='lat' dir='ltr'>Hand.</span> <span class='ocrx_word' id='word_1_189' title='bbox 1169 1229 1333 1261; x_wconf 78' lang='lat' dir='ltr'>Turseli.</span> <span class='ocrx_word' id='word_1_190' title='bbox 1358 1230 1430 1261; x_wconf 76' lang='lat' dir='ltr'>vol.</span> <span class='ocrx_word' id='word_1_191' title='bbox 1456 1229 1521 1269; x_wconf 78' lang='lat' dir='ltr'>JV,</span> <span class='ocrx_word' id='word_1_192' title='bbox 1555 1241 1588 1272; x_wconf 86' lang='lat' dir='ltr'>p.</span> <span class='ocrx_word' id='word_1_193' title='bbox 1616 1232 1682 1262; x_wconf 83' lang='lat'>456</span> <span class='ocrx_word' id='word_1_194' title='bbox 1710 1233 1747 1262; x_wconf 84' lang='lat' dir='ltr'>et</span> 
     </span>
     <span class='ocr_line' id='line_1_22' title="bbox 206 1273 1746 1316; baseline 0.001 -12"><span class='ocrx_word' id='word_1_195' title='bbox 206 1275 283 1304; x_wconf 73' lang='lat'>459.</span> <span class='ocrx_word' id='word_1_196' title='bbox 320 1290 361 1296; x_wconf 86' lang='lat'>—-</span> <span class='ocrx_word' id='word_1_197' title='bbox 397 1284 487 1304; x_wconf 75' lang='lat' dir='ltr'>nunc</span> <span class='ocrx_word' id='word_1_198' title='bbox 514 1284 583 1305; x_wconf 90' lang='lat' dir='ltr'>om.</span> <span class='ocrx_word' id='word_1_199' title='bbox 611 1274 714 1305; x_wconf 76' lang='lat' dir='ltr'>s-hP.</span> <span class='ocrx_word' id='word_1_200' title='bbox 743 1291 784 1297; x_wconf 89' lang='lat'>——</span> <span class='ocrx_word' id='word_1_201' title='bbox 820 1274 970 1315; x_wconf 77' lang='lat' dir='ltr'>loquere</span> <span class='ocrx_word' id='word_1_202' title='bbox 995 1273 1126 1316; x_wconf 63' lang='lat' dir='ltr'>{mv-g</span> <span class='ocrx_word' id='word_1_203' title='bbox 1152 1275 1200 1313; x_wconf 75' lang='lat'>„⁶2</span> <span class='ocrx_word' id='word_1_204' title='bbox 1223 1274 1367 1316; x_wconf 80' lang='lat' dir='ltr'>Angl.“.</span> <span class='ocrx_word' id='word_1_205' title='bbox 1403 1293 1446 1297; x_wconf 80' lang='lat'>——</span> <span class='ocrx_word' id='word_1_206' title='bbox 1476 1285 1612 1306; x_wconf 86' lang='lat' dir='ltr'>vocare</span> <span class='ocrx_word' id='word_1_207' title='bbox 1637 1274 1677 1306; x_wconf 88' lang='grc' dir='ltr'>Β.</span> <span class='ocrx_word' id='word_1_208' title='bbox 1704 1293 1746 1298; x_wconf 91' lang='grc'>-</span> 
     </span>
     <span class='ocr_line' id='line_1_23' title="bbox 205 1317 1745 1360; baseline 0.002 -12"><span class='ocrx_word' id='word_1_209' title='bbox 205 1318 431 1360; x_wconf 79' lang='lat' dir='ltr'>praestantis</span> <span class='ocrx_word' id='word_1_210' title='bbox 458 1317 528 1349; x_wconf 77' lang='lat' dir='ltr'>via.</span> <span class='ocrx_word' id='word_1_211' title='bbox 574 1318 820 1359; x_wconf 77' lang='lat' dir='ltr'>praestanteis</span> <span class='ocrx_word' id='word_1_212' title='bbox 844 1318 928 1359; x_wconf 80' lang='lat' dir='ltr'>chg.</span> <span class='ocrx_word' id='word_1_213' title='bbox 1066 1321 1099 1349; x_wconf 76' lang='lat'>2.</span> <span class='ocrx_word' id='word_1_214' title='bbox 1142 1329 1191 1350; x_wconf 89' lang='lat' dir='ltr'>ac</span> <span class='ocrx_word' id='word_1_215' title='bbox 1215 1320 1369 1351; x_wconf 82' lang='lat' dir='ltr'>modesta</span> <span class='ocrx_word' id='word_1_216' title='bbox 1391 1319 1431 1350; x_wconf 90' lang='lat' dir='ltr'>G.</span> <span class='ocrx_word' id='word_1_217' title='bbox 1465 1338 1507 1342; x_wconf 92' lang='lat'>—</span> <span class='ocrx_word' id='word_1_218' title='bbox 1543 1319 1633 1360; x_wconf 85' lang='lat' dir='ltr'>quod</span> <span class='ocrx_word' id='word_1_219' title='bbox 1657 1331 1679 1351; x_wconf 84' lang='lat' dir='ltr'>a</span> <span class='ocrx_word' id='word_1_220' title='bbox 1709 1320 1745 1351; x_wconf 85' lang='lat' dir='ltr'>C.</span> 
     </span>
     <span class='ocr_line' id='line_1_24' title="bbox 214 1361 1747 1405; baseline 0.002 -13"><span class='ocrx_word' id='word_1_221' title='bbox 214 1364 362 1393; x_wconf 76' lang='lat' dir='ltr'>Caesare</span> <span class='ocrx_word' id='word_1_222' title='bbox 388 1385 395 1393; x_wconf 93' lang='lat'>.</span> <span class='ocrx_word' id='word_1_223' title='bbox 416 1386 449 1393; x_wconf 93' lang='lat'>..</span> <span class='ocrx_word' id='word_1_224' title='bbox 477 1363 627 1394; x_wconf 82' lang='lat' dir='ltr'>insolens</span> <span class='ocrx_word' id='word_1_225' title='bbox 650 1362 803 1403; x_wconf 85' lang='lat' dir='ltr'>verbum]</span> <span class='ocrx_word' id='word_1_226' title='bbox 830 1361 886 1393; x_wconf 81' lang='lat' dir='ltr'>Cf.</span> <span class='ocrx_word' id='word_1_227' title='bbox 914 1362 963 1393; x_wconf 85' lang='lat' dir='ltr'>Io.</span> <span class='ocrx_word' id='word_1_228' title='bbox 992 1361 1139 1393; x_wconf 72' lang='lat' dir='ltr'>Saresli.</span> <span class='ocrx_word' id='word_1_229' title='bbox 1166 1363 1265 1403; x_wconf 69' lang='lat' dir='ltr'>vul,</span> <span class='ocrx_word' id='word_1_230' title='bbox 1297 1366 1355 1403; x_wconf 64' lang='grc' dir='ltr'>ΞΟ,</span> <span class='ocrx_word' id='word_1_231' title='bbox 1380 1362 1441 1394; x_wconf 83' lang='lat' dir='ltr'>ubi</span> <span class='ocrx_word' id='word_1_232' title='bbox 1467 1363 1606 1404; x_wconf 69' lang='lat' dir='ltr'>legitur</span> <span class='ocrx_word' id='word_1_233' title='bbox 1628 1363 1747 1405; x_wconf 81' lang='lat' dir='ltr'>Gayus</span> 
     </span>
     <span class='ocr_line' id='line_1_25' title="bbox 214 1406 1745 1450; baseline 0.002 -13"><span class='ocrx_word' id='word_1_234' title='bbox 214 1407 317 1437; x_wconf 81' lang='lat' dir='ltr'>Clau</span> <span class='ocrx_word' id='word_1_235' title='bbox 329 1406 427 1437; x_wconf 80' lang='lat' dir='ltr'>dius</span> <span class='ocrx_word' id='word_1_236' title='bbox 458 1408 598 1438; x_wconf 82' lang='lat' dir='ltr'>Cacsar.</span> <span class='ocrx_word' id='word_1_237' title='bbox 622 1425 663 1429; x_wconf 84' lang='lat'>-</span> <span class='ocrx_word' id='word_1_238' title='bbox 689 1418 710 1438; x_wconf 88' lang='grc' dir='ltr'><em>α</em></span> <span class='ocrx_word' id='word_1_239' title='bbox 734 1408 819 1450; x_wconf 85' lang='lat' dir='ltr'>gaio</span> <span class='ocrx_word' id='word_1_240' title='bbox 845 1406 914 1438; x_wconf 78' lang='grc' dir='ltr'>ΑΒ,</span> <span class='ocrx_word' id='word_1_241' title='bbox 945 1425 988 1430; x_wconf 90' lang='lat'>—-</span> <span class='ocrx_word' id='word_1_242' title='bbox 1017 1407 1224 1449; x_wconf 76' lang='lat' dir='ltr'>prudentiae</span> <span class='ocrx_word' id='word_1_243' title='bbox 1253 1408 1337 1439; x_wconf 81' lang='lat' dir='ltr'>Mss.</span> <span class='ocrx_word' id='word_1_244' title='bbox 1365 1408 1623 1449; x_wconf 75' lang='lat' dir='ltr'>vicagIIlBar.</span> <span class='ocrx_word' id='word_1_245' title='bbox 1647 1408 1745 1440; x_wconf 83' lang='lat' dir='ltr'>Gen.</span> 
     </span>
     <span class='ocr_line' id='line_1_26' title="bbox 209 1450 1744 1494; baseline 0.003 -14"><span class='ocrx_word' id='word_1_246' title='bbox 209 1450 232 1481; x_wconf 88' lang='grc'>1,</span> <span class='ocrx_word' id='word_1_247' title='bbox 255 1461 285 1481; x_wconf 81' lang='lat' dir='ltr'>c.</span> <span class='ocrx_word' id='word_1_248' title='bbox 306 1451 570 1492; x_wconf 80' lang='lat' dir='ltr'>providentiae</span> <span class='ocrx_word' id='word_1_249' title='bbox 598 1451 699 1482; x_wconf 78' lang='lat' dir='ltr'>hs-b.</span> <span class='ocrx_word' id='word_1_250' title='bbox 726 1468 771 1476; x_wconf 78' lang='lat'><strong>—</strong></span> <span class='ocrx_word' id='word_1_251' title='bbox 796 1452 837 1483; x_wconf 84' lang='lat' dir='ltr'>de</span> <span class='ocrx_word' id='word_1_252' title='bbox 862 1452 1033 1494; x_wconf 75' lang='lat' dir='ltr'>analogia</span> <span class='ocrx_word' id='word_1_253' title='bbox 1059 1451 1285 1493; x_wconf 80' lang='lat' dir='ltr'>AGSv-ng</span> <span class='ocrx_word' id='word_1_254' title='bbox 1311 1454 1357 1487; x_wconf 80' lang='lat'>..2</span> <span class='ocrx_word' id='word_1_255' title='bbox 1382 1452 1514 1493; x_wconf 62' lang='lat' dir='ltr'>Anglf‘</span> <span class='ocrx_word' id='word_1_256' title='bbox 1543 1452 1639 1484; x_wconf 85' lang='lat' dir='ltr'>Gell.</span> <span class='ocrx_word' id='word_1_257' title='bbox 1667 1453 1690 1484; x_wconf 91' lang='lat' dir='ltr'>l.</span> <span class='ocrx_word' id='word_1_258' title='bbox 1714 1463 1744 1484; x_wconf 78' lang='lat' dir='ltr'>e.</span> 
     </span>
     <span class='ocr_line' id='line_1_27' title="bbox 209 1495 1744 1539; baseline 0.001 -13"><span class='ocrx_word' id='word_1_259' title='bbox 209 1495 251 1526; x_wconf 83' lang='lat' dir='ltr'>de</span> <span class='ocrx_word' id='word_1_260' title='bbox 275 1495 479 1537; x_wconf 78' lang='lat' dir='ltr'>analogiae</span> <span class='ocrx_word' id='word_1_261' title='bbox 503 1495 544 1526; x_wconf 78' lang='lat' dir='ltr'>B.</span> <span class='ocrx_word' id='word_1_262' title='bbox 595 1496 807 1539; x_wconf 80' lang='lat' dir='ltr'>Analogiae</span> <span class='ocrx_word' id='word_1_263' title='bbox 827 1496 927 1527; x_wconf 86' lang='lat' dir='ltr'>Ps-z.</span> <span class='ocrx_word' id='word_1_264' title='bbox 1064 1497 1096 1526; x_wconf 84' lang='lat'>3.</span> <span class='ocrx_word' id='word_1_265' title='bbox 1136 1497 1355 1528; x_wconf 77' lang='lat' dir='ltr'>auctoritatis</span> <span class='ocrx_word' id='word_1_266' title='bbox 1377 1498 1513 1539; x_wconf 80' lang='lat' dir='ltr'>priscae</span> <span class='ocrx_word' id='word_1_267' title='bbox 1538 1497 1581 1528; x_wconf 91' lang='lat' dir='ltr'>G.</span> <span class='ocrx_word' id='word_1_268' title='bbox 1611 1515 1644 1520; x_wconf 93' lang='lat'><em>-</em></span> <span class='ocrx_word' id='word_1_269' title='bbox 1671 1507 1744 1528; x_wconf 86' lang='lat' dir='ltr'>cre-</span> 
     </span>
     <span class='ocr_line' id='line_1_28' title="bbox 208 1539 1745 1583; baseline 0.002 -13"><span class='ocrx_word' id='word_1_270' title='bbox 208 1540 276 1571; x_wconf 86' lang='lat' dir='ltr'>bra</span> <span class='ocrx_word' id='word_1_271' title='bbox 306 1539 390 1571; x_wconf 83' lang='lat' dir='ltr'>Bar.</span> <span class='ocrx_word' id='word_1_272' title='bbox 417 1557 459 1562; x_wconf 94' lang='lat'>—-</span> <span class='ocrx_word' id='word_1_273' title='bbox 486 1540 554 1571; x_wconf 87' lang='lat' dir='ltr'>iam</span> <span class='ocrx_word' id='word_1_274' title='bbox 579 1540 688 1572; x_wconf 72' lang='lat' dir='ltr'>noctis</span> <span class='ocrx_word' id='word_1_275' title='bbox 714 1551 813 1583; x_wconf 77' lang='lat' dir='ltr'>vc-g.</span> <span class='ocrx_word' id='word_1_276' title='bbox 845 1558 888 1563; x_wconf 90' lang='lat'>—</span> <span class='ocrx_word' id='word_1_277' title='bbox 924 1540 1072 1572; x_wconf 85' lang='lat' dir='ltr'>morari</span> <span class='ocrx_word' id='word_1_278' title='bbox 1098 1543 1197 1582; x_wconf 85' lang='lat' dir='ltr'>(sup.</span> <span class='ocrx_word' id='word_1_279' title='bbox 1223 1541 1266 1578; x_wconf 77' lang='lat' dir='ltr'>li)</span> <span class='ocrx_word' id='word_1_280' title='bbox 1292 1540 1367 1573; x_wconf 80' lang='lat' dir='ltr'>BG.</span> <span class='ocrx_word' id='word_1_281' title='bbox 1503 1541 1534 1572; x_wconf 81' lang='lat'>4.</span> <span class='ocrx_word' id='word_1_282' title='bbox 1577 1552 1626 1573; x_wconf 84' lang='lat' dir='ltr'>ne</span> <span class='ocrx_word' id='word_1_283' title='bbox 1650 1541 1745 1573; x_wconf 82' lang='lat' dir='ltr'>inso-</span> 
     </span>
    </p>

    <p class='ocr_par' dir='ltr' id='par_1_5' title="bbox 207 1638 943 1805">
     <span class='ocr_line' id='line_1_29' title="bbox 253 1638 940 1681; baseline 0 -11"><span class='ocrx_word' id='word_1_284' title='bbox 253 1639 397 1670; x_wconf 83' lang='lat' dir='ltr'>colnisse</span> <span class='ocrx_word' id='word_1_285' title='bbox 438 1639 470 1669; x_wconf 82' lang='lat' dir='ltr'>in</span> <span class='ocrx_word' id='word_1_286' title='bbox 513 1638 633 1680; x_wconf 86' lang='lat' dir='ltr'>Italia]</span> <span class='ocrx_word' id='word_1_287' title='bbox 678 1638 753 1670; x_wconf 87' lang='lat' dir='ltr'>Usu</span> <span class='ocrx_word' id='word_1_288' title='bbox 795 1638 940 1681; x_wconf 81' lang='lat' dir='ltr'>quidem</span> 
     </span>
     <span class='ocr_line' id='line_1_30' title="bbox 208 1683 941 1724; baseline -0.001 -9"><span class='ocrx_word' id='word_1_289' title='bbox 208 1683 314 1715; x_wconf 86' lang='lat' dir='ltr'>unice</span> <span class='ocrx_word' id='word_1_290' title='bbox 352 1683 627 1714; x_wconf 76' lang='lat' dir='ltr'>commendatur</span> <span class='ocrx_word' id='word_1_291' title='bbox 666 1684 809 1715; x_wconf 86' lang='lat' dir='ltr'>Italiam</span> <span class='ocrx_word' id='word_1_292' title='bbox 849 1683 941 1724; x_wconf 84' lang='lat' dir='ltr'>(vid.</span> 
     </span>
     <span class='ocr_line' id='line_1_31' title="bbox 207 1727 943 1769; baseline 0 -10"><span class='ocrx_word' id='word_1_293' title='bbox 207 1728 330 1769; x_wconf 83' lang='lat' dir='ltr'>app.):</span> <span class='ocrx_word' id='word_1_294' title='bbox 384 1730 421 1758; x_wconf 83' lang='lat' dir='ltr'>at</span> <span class='ocrx_word' id='word_1_295' title='bbox 466 1728 589 1760; x_wconf 80' lang='lat' dir='ltr'>obstat</span> <span class='ocrx_word' id='word_1_296' title='bbox 632 1727 809 1759; x_wconf 86' lang='lat' dir='ltr'>librorum</span> <span class='ocrx_word' id='word_1_297' title='bbox 857 1739 943 1759; x_wconf 90' lang='lat' dir='ltr'>mss.</span> 
     </span>
     <span class='ocr_line' id='line_1_32' title="bbox 207 1771 420 1805; baseline -0.019 0"><span class='ocrx_word' id='word_1_298' title='bbox 207 1771 420 1805; x_wconf 79' lang='lat' dir='ltr'>auctoritas.</span> 
     </span>
    </p>

    <p class='ocr_par' dir='ltr' id='par_1_6' title="bbox 207 1814 1745 2387">
     <span class='ocr_line' id='line_1_33' title="bbox 252 1814 942 1857; baseline -0.003 -9"><span class='ocrx_word' id='word_1_299' title='bbox 252 1828 327 1848; x_wconf 77' lang='lat' dir='ltr'>cum</span> <span class='ocrx_word' id='word_1_300' title='bbox 346 1821 455 1847; x_wconf 82' lang='lat' dir='ltr'>matre</span> <span class='ocrx_word' id='word_1_301' title='bbox 473 1815 647 1856; x_wconf 78' lang='lat' dir='ltr'>Euandri]</span> <span class='ocrx_word' id='word_1_302' title='bbox 666 1814 838 1857; x_wconf 80' lang='lat' dir='ltr'>Nympha</span> <span class='ocrx_word' id='word_1_303' title='bbox 859 1815 942 1855; x_wconf 85' lang='lat' dir='ltr'>fuit,</span> 
     </span>
     <span class='ocr_line' id='line_1_34' title="bbox 208 1859 943 1892; baseline -0.001 0"><span class='ocrx_word' id='word_1_304' title='bbox 208 1860 312 1892; x_wconf 80' lang='lat' dir='ltr'>cuius</span> <span class='ocrx_word' id='word_1_305' title='bbox 337 1859 507 1891; x_wconf 84' lang='lat' dir='ltr'>Latinum</span> <span class='ocrx_word' id='word_1_306' title='bbox 535 1871 664 1890; x_wconf 86' lang='lat' dir='ltr'>nomen</span> <span class='ocrx_word' id='word_1_307' title='bbox 695 1864 750 1891; x_wconf 74' lang='lat' dir='ltr'>est</span> <span class='ocrx_word' id='word_1_308' title='bbox 780 1861 943 1891; x_wconf 76' lang='lat' dir='ltr'>Carmen-</span> 
     </span>
     <span class='ocr_line' id='line_1_35' title="bbox 207 1903 1501 1945; baseline -0.002 -8"><span class='ocrx_word' id='word_1_309' title='bbox 207 1906 251 1937; x_wconf 77' lang='lat' dir='ltr'>tis</span> <span class='ocrx_word' id='word_1_310' title='bbox 279 1904 338 1936; x_wconf 86' lang='lat' dir='ltr'>vel</span> <span class='ocrx_word' id='word_1_311' title='bbox 374 1906 576 1941; x_wconf 62' lang='lat' dir='ltr'>Carmenta„</span> <span class='ocrx_word' id='word_1_312' title='bbox 619 1904 666 1934; x_wconf 80' lang='lat' dir='ltr'>cf.</span> <span class='ocrx_word' id='word_1_313' title='bbox 693 1903 824 1945; x_wconf 67' lang='lat' dir='ltr'>vti-gil.</span> <span class='ocrx_word' id='word_1_314' title='bbox 854 1904 941 1935; x_wconf 79' lang='lat' dir='ltr'>Aen.</span> <span class='ocrx_word' id='word_1_315' title='bbox 1010 1903 1131 1934; x_wconf 79' lang='lat' dir='ltr'>lnstit.</span> <span class='ocrx_word' id='word_1_316' title='bbox 1158 1903 1219 1934; x_wconf 85' lang='lat' dir='ltr'>Or.</span> <span class='ocrx_word' id='word_1_317' title='bbox 1246 1903 1274 1941; x_wconf 81' lang='lat' dir='ltr'>l,</span> <span class='ocrx_word' id='word_1_318' title='bbox 1298 1905 1331 1940; x_wconf 76' lang='lat'>6,</span> <span class='ocrx_word' id='word_1_319' title='bbox 1357 1905 1399 1934; x_wconf 80' lang='lat'>43</span> <span class='ocrx_word' id='word_1_320' title='bbox 1425 1915 1501 1945; x_wconf 85' lang='lat' dir='ltr'>sqq.</span> 
     </span>
     <span class='ocr_line' id='line_1_36' title="bbox 208 1947 1745 1989; baseline 0.001 -10"><span class='ocrx_word' id='word_1_321' title='bbox 208 1948 304 1986; x_wconf 67' lang='lat' dir='ltr'>wll„</span> <span class='ocrx_word' id='word_1_322' title='bbox 329 1950 406 1978; x_wconf 84' lang='lat'>336.</span> <span class='ocrx_word' id='word_1_323' title='bbox 444 1947 549 1979; x_wconf 71' lang='lat' dir='ltr'>Ovitl.</span> <span class='ocrx_word' id='word_1_324' title='bbox 575 1947 671 1979; x_wconf 83' lang='lat' dir='ltr'>Fast.</span> <span class='ocrx_word' id='word_1_325' title='bbox 702 1947 729 1986; x_wconf 70' lang='lat' dir='ltr'>l,</span> <span class='ocrx_word' id='word_1_326' title='bbox 753 1951 829 1979; x_wconf 81' lang='lat'>499.</span> <span class='ocrx_word' id='word_1_327' title='bbox 864 1948 942 1980; x_wconf 85' lang='lat' dir='ltr'>Liv.</span> <span class='ocrx_word' id='word_1_328' title='bbox 1053 1950 1085 1978; x_wconf 82' lang='lat'>3.</span> <span class='ocrx_word' id='word_1_329' title='bbox 1137 1947 1234 1978; x_wconf 73' lang='lat' dir='ltr'>Mille</span> <span class='ocrx_word' id='word_1_330' title='bbox 1251 1971 1257 1978; x_wconf 96' lang='lat'>.</span> <span class='ocrx_word' id='word_1_331' title='bbox 1274 1970 1282 1978; x_wconf 86' lang='lat'>.</span> <span class='ocrx_word' id='word_1_332' title='bbox 1307 1948 1480 1979; x_wconf 83' lang='lat' dir='ltr'>verborum</span> <span class='ocrx_word' id='word_1_333' title='bbox 1502 1971 1509 1979; x_wconf 90' lang='lat'>.</span> <span class='ocrx_word' id='word_1_334' title='bbox 1528 1973 1535 1980; x_wconf 95' lang='lat'>.</span> <span class='ocrx_word' id='word_1_335' title='bbox 1561 1947 1622 1989; x_wconf 83' lang='lat' dir='ltr'>cst]</span> <span class='ocrx_word' id='word_1_336' title='bbox 1642 1948 1745 1980; x_wconf 80' lang='lat' dir='ltr'>Haec</span> 
     </span>
     <span class='ocr_line' id='line_1_37' title="bbox 207 1991 1743 2034; baseline 0.001 -10"><span class='ocrx_word' id='word_1_337' title='bbox 207 1994 236 2031; x_wconf 89' lang='lat' dir='ltr'>l,</span> <span class='ocrx_word' id='word_1_338' title='bbox 261 1996 293 2031; x_wconf 81' lang='lat'>7,</span> <span class='ocrx_word' id='word_1_339' title='bbox 314 1995 346 2023; x_wconf 86' lang='grc'>8.</span> <span class='ocrx_word' id='word_1_340' title='bbox 383 1991 503 2023; x_wconf 75' lang='lat' dir='ltr'>Stral».</span> <span class='ocrx_word' id='word_1_341' title='bbox 531 1992 568 2030; x_wconf 66' lang='lat' dir='ltr'>Y,</span> <span class='ocrx_word' id='word_1_342' title='bbox 595 1994 626 2022; x_wconf 86' lang='lat'>3.</span> <span class='ocrx_word' id='word_1_343' title='bbox 662 1991 810 2034; x_wconf 73' lang='lat' dir='ltr'>Dionys.</span> <span class='ocrx_word' id='word_1_344' title='bbox 833 1995 871 2023; x_wconf 80' lang='lat' dir='ltr'>A.</span> <span class='ocrx_word' id='word_1_345' title='bbox 899 1993 939 2023; x_wconf 75' lang='lat' dir='ltr'>R.</span> <span class='ocrx_word' id='word_1_346' title='bbox 1009 1991 1189 2023; x_wconf 81' lang='lat' dir='ltr'>(licentem</span> <span class='ocrx_word' id='word_1_347' title='bbox 1217 1991 1304 2023; x_wconf 83' lang='lat' dir='ltr'>fecit</span> <span class='ocrx_word' id='word_1_348' title='bbox 1328 1992 1534 2024; x_wconf 78' lang='lat' dir='ltr'>Macrobius</span> <span class='ocrx_word' id='word_1_349' title='bbox 1554 1993 1743 2034; x_wconf 74' lang='lat' dir='ltr'>Avieuum,</span> 
     </span>
     <span class='ocr_line' id='line_1_38' title="bbox 209 2035 1744 2079; baseline 0.001 -11"><span class='ocrx_word' id='word_1_350' title='bbox 209 2037 243 2076; x_wconf 81' lang='lat' dir='ltr'>l,</span> <span class='ocrx_word' id='word_1_351' title='bbox 277 2038 317 2067; x_wconf 83' lang='lat'>31</span> <span class='ocrx_word' id='word_1_352' title='bbox 346 2047 441 2077; x_wconf 83' lang='lat' dir='ltr'>sqq.‚</span> <span class='ocrx_word' id='word_1_353' title='bbox 479 2035 541 2067; x_wconf 89' lang='lat' dir='ltr'>ubi</span> <span class='ocrx_word' id='word_1_354' title='bbox 573 2035 743 2076; x_wconf 80' lang='lat' dir='ltr'>inprimis</span> <span class='ocrx_word' id='word_1_355' title='bbox 776 2035 942 2067; x_wconf 80' lang='lat' dir='ltr'>animad-</span> <span class='ocrx_word' id='word_1_356' title='bbox 1008 2046 1078 2077; x_wconf 84' lang='lat' dir='ltr'>quo</span> <span class='ocrx_word' id='word_1_357' title='bbox 1120 2035 1270 2066; x_wconf 79' lang='lat' dir='ltr'>facilius</span> <span class='ocrx_word' id='word_1_358' title='bbox 1310 2041 1521 2068; x_wconf 78' lang='lat' dir='ltr'>annecteret</span> <span class='ocrx_word' id='word_1_359' title='bbox 1563 2048 1605 2069; x_wconf 86' lang='lat' dir='ltr'>ea</span> <span class='ocrx_word' id='word_1_360' title='bbox 1652 2048 1744 2079; x_wconf 84' lang='lat' dir='ltr'>quae</span> 
     </span>
     <span class='ocr_line' id='line_1_39' title="bbox 207 2077 1743 2122; baseline 0.001 -9"><span class='ocrx_word' id='word_1_361' title='bbox 207 2081 384 2113; x_wconf 72' lang='lat' dir='ltr'>vertenda</span> <span class='ocrx_word' id='word_1_362' title='bbox 408 2084 493 2111; x_wconf 86' lang='lat' dir='ltr'>sunt</span> <span class='ocrx_word' id='word_1_363' title='bbox 517 2081 627 2111; x_wconf 75' lang='lat' dir='ltr'>verba</span> <span class='ocrx_word' id='word_1_364' title='bbox 651 2091 681 2110; x_wconf 85' lang='lat' dir='ltr'>c.</span> <span class='ocrx_word' id='word_1_365' title='bbox 709 2082 784 2110; x_wconf 81' lang='lat'>33.:</span> <span class='ocrx_word' id='word_1_366' title='bbox 822 2077 943 2121; x_wconf 75' lang='grc' dir='ltr'><em>λέγον-</em></span> <span class='ocrx_word' id='word_1_367' title='bbox 1009 2081 1025 2121; x_wconf 81' lang='lat'><strong>§</strong></span> <span class='ocrx_word' id='word_1_368' title='bbox 1054 2083 1075 2110; x_wconf 90' lang='lat'>5</span> <span class='ocrx_word' id='word_1_369' title='bbox 1110 2090 1186 2120; x_wconf 87' lang='lat' dir='ltr'>sqq.</span> <span class='ocrx_word' id='word_1_370' title='bbox 1223 2080 1405 2122; x_wconf 79' lang='lat' dir='ltr'>excerpsit</span> <span class='ocrx_word' id='word_1_371' title='bbox 1444 2092 1463 2113; x_wconf 87' lang='lat' dir='ltr'>e</span> <span class='ocrx_word' id='word_1_372' title='bbox 1498 2082 1633 2113; x_wconf 75' lang='lat' dir='ltr'>Gellio.</span> <span class='ocrx_word' id='word_1_373' title='bbox 1688 2082 1743 2114; x_wconf 83' lang='lat' dir='ltr'>Cf.</span> 
     </span>
     <span class='ocr_line' id='line_1_40' title="bbox 207 2119 1217 2165; baseline -0.002 -9"><span class='ocrx_word' id='word_1_374' title='bbox 207 2136 266 2156; x_wconf 73' lang='grc' dir='ltr'>ται</span> <span class='ocrx_word' id='word_1_375' title='bbox 307 2122 344 2156; x_wconf 67' lang='grc' dir='ltr'>δὲ</span> <span class='ocrx_word' id='word_1_376' title='bbox 381 2122 441 2155; x_wconf 76' lang='grc' dir='ltr'>καὶ</span> <span class='ocrx_word' id='word_1_377' title='bbox 483 2121 700 2165; x_wconf 63' lang='grc' dir='ltr'><em>γραμμάτων</em></span> <span class='ocrx_word' id='word_1_378' title='bbox 736 2119 943 2165; x_wconf 76' lang='grc' dir='ltr'><strong><em>Ἑλληνικῶν</em></strong></span> <span class='ocrx_word' id='word_1_379' title='bbox 1010 2135 1040 2155; x_wconf 86' lang='lat' dir='ltr'>c.</span> <span class='ocrx_word' id='word_1_380' title='bbox 1063 2125 1083 2154; x_wconf 86' lang='lat'><strong>3</strong></span> <span class='ocrx_word' id='word_1_381' title='bbox 1121 2124 1136 2164; x_wconf 63' lang='grc' dir='ltr'><em>ἕ</em></span> <span class='ocrx_word' id='word_1_382' title='bbox 1166 2126 1217 2155; x_wconf 87' lang='grc'>16.</span> 
     </span>
     <span class='ocr_line' id='line_1_41' title="bbox 207 2164 1743 2211; baseline 0 -11"><span class='ocrx_word' id='word_1_383' title='bbox 207 2169 332 2211; x_wconf 80' lang='grc' dir='ltr'><em>χρῆσιν</em></span> <span class='ocrx_word' id='word_1_384' title='bbox 361 2167 409 2206; x_wconf 73' lang='grc' dir='ltr'>εἰς</span> <span class='ocrx_word' id='word_1_385' title='bbox 435 2164 585 2199; x_wconf 72' lang='grc' dir='ltr'><em>Ἰταλίαν</em></span> <span class='ocrx_word' id='word_1_386' title='bbox 612 2167 748 2209; x_wconf 80' lang='grc' dir='ltr'><em>πρῶτοι</em></span> <span class='ocrx_word' id='word_1_387' title='bbox 780 2167 943 2208; x_wconf 73' lang='grc' dir='ltr'><em>διακομί-</em></span> <span class='ocrx_word' id='word_1_388' title='bbox 1051 2168 1186 2209; x_wconf 80' lang='lat' dir='ltr'>priscae</span> <span class='ocrx_word' id='word_1_389' title='bbox 1209 2168 1440 2209; x_wconf 76' lang='lat' dir='ltr'>auctoritatis]</span> <span class='ocrx_word' id='word_1_390' title='bbox 1465 2168 1488 2199; x_wconf 86' lang='lat' dir='ltr'>i.</span> <span class='ocrx_word' id='word_1_391' title='bbox 1504 2179 1534 2200; x_wconf 85' lang='lat' dir='ltr'>e.</span> <span class='ocrx_word' id='word_1_392' title='bbox 1554 2168 1743 2201; x_wconf 89' lang='lat' dir='ltr'>hominum</span> 
     </span>
     <span class='ocr_line' id='line_1_42' title="bbox 207 2212 1743 2254; baseline 0.001 -10"><span class='ocrx_word' id='word_1_393' title='bbox 207 2223 278 2245; x_wconf 76' lang='grc' dir='ltr'>σαι.</span> <span class='ocrx_word' id='word_1_394' title='bbox 331 2213 520 2244; x_wconf 80' lang='lat' dir='ltr'>Plutarch.</span> <span class='ocrx_word' id='word_1_395' title='bbox 558 2213 708 2253; x_wconf 79' lang='lat' dir='ltr'>Quaest.</span> <span class='ocrx_word' id='word_1_396' title='bbox 746 2212 849 2243; x_wconf 79' lang='lat' dir='ltr'>Rom.</span> <span class='ocrx_word' id='word_1_397' title='bbox 886 2215 941 2243; x_wconf 86' lang='lat'>56.</span> <span class='ocrx_word' id='word_1_398' title='bbox 1010 2212 1152 2253; x_wconf 83' lang='lat' dir='ltr'>priscae</span> <span class='ocrx_word' id='word_1_399' title='bbox 1187 2212 1320 2244; x_wconf 82' lang='lat' dir='ltr'>aetatis</span> <span class='ocrx_word' id='word_1_400' title='bbox 1357 2223 1507 2253; x_wconf 83' lang='lat' dir='ltr'>quornm</span> <span class='ocrx_word' id='word_1_401' title='bbox 1545 2213 1639 2254; x_wconf 80' lang='lat' dir='ltr'>apud</span> <span class='ocrx_word' id='word_1_402' title='bbox 1679 2224 1743 2246; x_wconf 89' lang='lat' dir='ltr'>nos</span> 
     </span>
     <span class='ocr_line' id='line_1_43' title="bbox 207 2255 1744 2299; baseline 0 -10"><span class='ocrx_word' id='word_1_403' title='bbox 207 2258 308 2289; x_wconf 86' lang='lat' dir='ltr'>Serv.</span> <span class='ocrx_word' id='word_1_404' title='bbox 337 2257 380 2288; x_wconf 82' lang='lat' dir='ltr'>ad</span> <span class='ocrx_word' id='word_1_405' title='bbox 408 2256 534 2299; x_wconf 64' lang='lat' dir='ltr'>Virgil.</span> <span class='ocrx_word' id='word_1_406' title='bbox 568 2257 590 2288; x_wconf 94' lang='lat' dir='ltr'>l.</span> <span class='ocrx_word' id='word_1_407' title='bbox 625 2268 655 2287; x_wconf 89' lang='lat' dir='ltr'>c.</span> <span class='ocrx_word' id='word_1_408' title='bbox 699 2257 821 2288; x_wconf 84' lang='lat' dir='ltr'>Aurel.</span> <span class='ocrx_word' id='word_1_409' title='bbox 852 2255 941 2287; x_wconf 70' lang='lat' dir='ltr'>Yict.</span> <span class='ocrx_word' id='word_1_410' title='bbox 1010 2257 1133 2288; x_wconf 86' lang='lat' dir='ltr'>valeat</span> <span class='ocrx_word' id='word_1_411' title='bbox 1157 2256 1369 2288; x_wconf 86' lang='lat' dir='ltr'>auctoritas.</span> <span class='ocrx_word' id='word_1_412' title='bbox 1416 2256 1472 2287; x_wconf 90' lang='lat' dir='ltr'>Cf.</span> <span class='ocrx_word' id='word_1_413' title='bbox 1497 2257 1561 2296; x_wconf 73' lang='lat' dir='ltr'>vl,</span> <span class='ocrx_word' id='word_1_414' title='bbox 1586 2260 1618 2296; x_wconf 75' lang='lat'>9,</span> <span class='ocrx_word' id='word_1_415' title='bbox 1643 2260 1674 2288; x_wconf 86' lang='grc'>8.</span> <span class='ocrx_word' id='word_1_416' title='bbox 1701 2259 1744 2290; x_wconf 87' lang='lat' dir='ltr'>ab</span> 
     </span>
     <span class='ocr_line' id='line_1_44' title="bbox 208 2300 1744 2343; baseline 0.001 -10"><span class='ocrx_word' id='word_1_417' title='bbox 208 2303 252 2333; x_wconf 84' lang='lat' dir='ltr'>de</span> <span class='ocrx_word' id='word_1_418' title='bbox 277 2300 370 2343; x_wconf 75' lang='lat' dir='ltr'>orig.</span> <span class='ocrx_word' id='word_1_419' title='bbox 395 2306 494 2343; x_wconf 76' lang='lat' dir='ltr'>gent.</span> <span class='ocrx_word' id='word_1_420' title='bbox 520 2301 563 2331; x_wconf 80' lang='lat' dir='ltr'>R.</span> <span class='ocrx_word' id='word_1_421' title='bbox 587 2304 619 2341; x_wconf 79' lang='lat'>5,</span> <span class='ocrx_word' id='word_1_422' title='bbox 647 2303 674 2332; x_wconf 91' lang='lat' dir='ltr'>l.</span> <span class='ocrx_word' id='word_1_423' title='bbox 716 2300 831 2333; x_wconf 86' lang='lat' dir='ltr'>Solin.</span> <span class='ocrx_word' id='word_1_424' title='bbox 856 2300 884 2339; x_wconf 92' lang='grc' dir='ltr'>Ι,</span> <span class='ocrx_word' id='word_1_425' title='bbox 911 2303 940 2332; x_wconf 86' lang='lat' dir='ltr'>l.</span> <span class='ocrx_word' id='word_1_426' title='bbox 1013 2301 1127 2332; x_wconf 78' lang='lat' dir='ltr'>Ennio</span> <span class='ocrx_word' id='word_1_427' title='bbox 1153 2306 1184 2332; x_wconf 88' lang='lat' dir='ltr'>ct</span> <span class='ocrx_word' id='word_1_428' title='bbox 1205 2301 1299 2332; x_wconf 80' lang='lat' dir='ltr'>omni</span> <span class='ocrx_word' id='word_1_429' title='bbox 1320 2301 1581 2333; x_wconf 83' lang='lat' dir='ltr'>bibliotheca</span> <span class='ocrx_word' id='word_1_430' title='bbox 1603 2307 1744 2334; x_wconf 83' lang='lat' dir='ltr'>vetere</span> 
     </span>
     <span class='ocr_line' id='line_1_45' title="bbox 207 2344 1633 2387; baseline -0.001 -9"><span class='ocrx_word' id='word_1_431' title='bbox 207 2347 383 2378; x_wconf 80' lang='lat' dir='ltr'>Rlausen.</span> <span class='ocrx_word' id='word_1_432' title='bbox 408 2357 441 2387; x_wconf 87' lang='lat' dir='ltr'>p.</span> <span class='ocrx_word' id='word_1_433' title='bbox 465 2348 532 2376; x_wconf 79' lang='lat'>883</span> <span class='ocrx_word' id='word_1_434' title='bbox 555 2356 632 2386; x_wconf 87' lang='lat' dir='ltr'>sqq.</span> <span class='ocrx_word' id='word_1_435' title='bbox 672 2345 852 2377; x_wconf 84' lang='lat' dir='ltr'>Graecum</span> <span class='ocrx_word' id='word_1_436' title='bbox 879 2356 941 2376; x_wconf 91' lang='lat' dir='ltr'>no-</span> <span class='ocrx_word' id='word_1_437' title='bbox 1010 2349 1046 2377; x_wconf 83' lang='lat' dir='ltr'>et</span> <span class='ocrx_word' id='word_1_438' title='bbox 1067 2344 1206 2376; x_wconf 82' lang='lat' dir='ltr'>similia</span> <span class='ocrx_word' id='word_1_439' title='bbox 1230 2345 1399 2386; x_wconf 71' lang='lat' dir='ltr'>prolegg.</span> <span class='ocrx_word' id='word_1_440' title='bbox 1423 2357 1456 2387; x_wconf 87' lang='lat' dir='ltr'>p.</span> <span class='ocrx_word' id='word_1_441' title='bbox 1479 2356 1554 2376; x_wconf 66' lang='lat' dir='ltr'>xnn</span> <span class='ocrx_word' id='word_1_442' title='bbox 1581 2356 1633 2387; x_wconf 89' lang='lat' dir='ltr'>sq.</span> 
     </span>
    </p>
   </div>
   <div class='ocr_carea' id='block_1_5' title="bbox 1009 1639 1746 1810">
    <p class='ocr_par' dir='ltr' id='par_1_7' title="bbox 1009 1639 1746 1810">
     <span class='ocr_line' id='line_1_46' title="bbox 1009 1639 1746 1680; baseline 0.004 -11"><span class='ocrx_word' id='word_1_443' title='bbox 1009 1639 1047 1670; x_wconf 78' lang='grc' dir='ltr'>πῖ</span> <span class='ocrx_word' id='word_1_444' title='bbox 1068 1643 1199 1680; x_wconf 80' lang='lat' dir='ltr'>tempus</span> <span class='ocrx_word' id='word_1_445' title='bbox 1293 1639 1506 1671; x_wconf 80' lang='lat' dir='ltr'>necessariae</span> <span class='ocrx_word' id='word_1_446' title='bbox 1530 1640 1746 1672; x_wconf 80' lang='lat' dir='ltr'>discessionis</span> 
     </span>
     <span class='ocr_line' id='line_1_47' title="bbox 1009 1684 1744 1726; baseline 0.001 -11"><span class='ocrx_word' id='word_1_447' title='bbox 1009 1694 1071 1715; x_wconf 80' lang='lat' dir='ltr'>uos</span> <span class='ocrx_word' id='word_1_448' title='bbox 1097 1688 1321 1722; x_wconf 70' lang='lat' dir='ltr'>ammoneret,</span> <span class='ocrx_word' id='word_1_449' title='bbox 1350 1688 1383 1715; x_wconf 84' lang='lat' dir='ltr'>et</span> <span class='ocrx_word' id='word_1_450' title='bbox 1407 1684 1574 1726; x_wconf 81' lang='lat' dir='ltr'>prolegg.</span> <span class='ocrx_word' id='word_1_451' title='bbox 1597 1695 1631 1726; x_wconf 85' lang='lat' dir='ltr'>p.</span> <span class='ocrx_word' id='word_1_452' title='bbox 1654 1695 1744 1716; x_wconf 77' lang='lat' dir='ltr'>xmr.</span> 
     </span>
     <span class='ocr_line' id='line_1_48' title="bbox 1011 1727 1744 1802; baseline 0.005 -45"><span class='ocrx_word' id='word_1_453' title='bbox 1011 1770 1027 1802; x_wconf 73' lang='lat' dir='ltr'>I</span> <span class='ocrx_word' id='word_1_454' title='bbox 1056 1727 1197 1801; x_wconf 58' lang='lat' dir='ltr'>legengi</span> <span class='ocrx_word' id='word_1_455' title='bbox 1220 1727 1314 1769; x_wconf 79' lang='lat' dir='ltr'>usus]</span> <span class='ocrx_word' id='word_1_456' title='bbox 1344 1727 1419 1760; x_wconf 59' lang='lat' dir='ltr'>tid.</span> <span class='ocrx_word' id='word_1_457' title='bbox 1441 1732 1513 1760; x_wconf 84' lang='lat' dir='ltr'>not.</span> <span class='ocrx_word' id='word_1_458' title='bbox 1537 1729 1582 1760; x_wconf 83' lang='lat' dir='ltr'>ad</span> <span class='ocrx_word' id='word_1_459' title='bbox 1605 1728 1744 1761; x_wconf 88' lang='lat' dir='ltr'>Comm.</span> 
     </span>
     <span class='ocr_line' id='line_1_49' title="bbox 1031 1773 1192 1810; baseline 0.006 -9"><span class='ocrx_word' id='word_1_460' title='bbox 1031 1795 1040 1809; x_wconf 85' lang='lat'>,</span> <span class='ocrx_word' id='word_1_461' title='bbox 1065 1773 1115 1810; x_wconf 75' lang='lat'>14,</span> <span class='ocrx_word' id='word_1_462' title='bbox 1142 1774 1153 1801; x_wconf 86' lang='lat'>1</span> <span class='ocrx_word' id='word_1_463' title='bbox 1187 1797 1192 1802; x_wconf 95' lang='lat'>.</span> 
     </span>
    </p>
   </div>
   <div class='ocr_carea' id='block_1_6' title="bbox 1054 1816 1745 1857">
    <p class='ocr_par' dir='ltr' id='par_1_8' title="bbox 1054 1816 1745 1857">
     <span class='ocr_line' id='line_1_50' title="bbox 1054 1816 1745 1857; baseline 0.003 -11"><span class='ocrx_word' id='word_1_464' title='bbox 1054 1817 1087 1846; x_wconf 78' lang='lat'>2.</span> <span class='ocrx_word' id='word_1_465' title='bbox 1134 1820 1170 1846; x_wconf 85' lang='lat' dir='ltr'>ut</span> <span class='ocrx_word' id='word_1_466' title='bbox 1197 1838 1205 1846; x_wconf 94' lang='lat'>.</span> <span class='ocrx_word' id='word_1_467' title='bbox 1223 1838 1231 1846; x_wconf 91' lang='lat'>.</span> <span class='ocrx_word' id='word_1_468' title='bbox 1259 1816 1405 1857; x_wconf 74' lang='lat' dir='ltr'>fugiam</span> <span class='ocrx_word' id='word_1_469' title='bbox 1432 1838 1439 1846; x_wconf 91' lang='lat'>.</span> <span class='ocrx_word' id='word_1_470' title='bbox 1460 1838 1467 1846; x_wconf 94' lang='lat'>.</span> <span class='ocrx_word' id='word_1_471' title='bbox 1495 1816 1644 1847; x_wconf 74' lang='lat' dir='ltr'>insolens</span> <span class='ocrx_word' id='word_1_472' title='bbox 1668 1827 1745 1848; x_wconf 81' lang='lat' dir='ltr'>ver-</span> 
     </span>
    </p>
   </div>
   <div class='ocr_carea' id='block_1_7' title="bbox 1011 1859 1745 1901">
    <p class='ocr_par' dir='ltr' id='par_1_9' title="bbox 1011 1859 1745 1901">
     <span class='ocr_line' id='line_1_51' title="bbox 1011 1859 1745 1901; baseline 0.004 -11"><span class='ocrx_word' id='word_1_473' title='bbox 1011 1859 1101 1899; x_wconf 86' lang='lat' dir='ltr'>bum]</span> <span class='ocrx_word' id='word_1_474' title='bbox 1137 1859 1323 1890; x_wconf 77' lang='lat' dir='ltr'>Pomanus</span> <span class='ocrx_word' id='word_1_475' title='bbox 1355 1860 1496 1891; x_wconf 73' lang='lat' dir='ltr'>confert</span> <span class='ocrx_word' id='word_1_476' title='bbox 1524 1860 1745 1901; x_wconf 80' lang='lat' dir='ltr'>Quintiliani</span> 
     </span>
    </p>
   </div>
   <div class='ocr_carea' id='block_1_8' title="bbox 206 2388 943 2964">
    <p class='ocr_par' dir='ltr' id='par_1_10' title="bbox 206 2388 943 2864">
     <span class='ocr_line' id='line_1_52' title="bbox 207 2388 941 2432; baseline -0.004 -10"><span class='ocrx_word' id='word_1_477' title='bbox 207 2402 288 2422; x_wconf 86' lang='lat' dir='ltr'>men</span> <span class='ocrx_word' id='word_1_478' title='bbox 312 2393 368 2422; x_wconf 87' lang='lat' dir='ltr'>est</span> <span class='ocrx_word' id='word_1_479' title='bbox 391 2391 484 2432; x_wconf 80' lang='lat' dir='ltr'>apud</span> <span class='ocrx_word' id='word_1_480' title='bbox 508 2390 738 2422; x_wconf 78' lang='lat' dir='ltr'>Strabonem.</span> <span class='ocrx_word' id='word_1_481' title='bbox 760 2388 941 2429; x_wconf 73' lang='lat' dir='ltr'>Servium,</span> 
     </span>
     <span class='ocr_line' id='line_1_53' title="bbox 206 2430 941 2476; baseline -0.003 -10"><span class='ocrx_word' id='word_1_482' title='bbox 206 2434 418 2473; x_wconf 73' lang='lat' dir='ltr'>Aurelium,</span> <span class='ocrx_word' id='word_1_483' title='bbox 480 2434 646 2466; x_wconf 89' lang='lat' dir='ltr'>Soliuum</span> <span class='ocrx_word' id='word_1_484' title='bbox 700 2430 941 2476; x_wconf 73' lang='grc' dir='ltr'><em>Νικοστράτη,</em></span> 
     </span>
     <span class='ocr_line' id='line_1_54' title="bbox 207 2475 940 2521; baseline -0.003 -10"><span class='ocrx_word' id='word_1_485' title='bbox 207 2480 301 2521; x_wconf 81' lang='lat' dir='ltr'>apud</span> <span class='ocrx_word' id='word_1_486' title='bbox 322 2479 535 2521; x_wconf 75' lang='lat' dir='ltr'>Dionysium</span> <span class='ocrx_word' id='word_1_487' title='bbox 556 2479 580 2509; x_wconf 89' lang='lat' dir='ltr'>l.</span> <span class='ocrx_word' id='word_1_488' title='bbox 601 2490 630 2509; x_wconf 87' lang='lat' dir='ltr'>c.</span> <span class='ocrx_word' id='word_1_489' title='bbox 652 2475 769 2519; x_wconf 74' lang='grc' dir='ltr'>Θέμις.</span> <span class='ocrx_word' id='word_1_490' title='bbox 792 2478 940 2510; x_wconf 87' lang='lat' dir='ltr'>Utrum—</span> 
     </span>
     <span class='ocr_line' id='line_1_55' title="bbox 207 2523 941 2565; baseline 0.001 -12"><span class='ocrx_word' id='word_1_491' title='bbox 207 2535 276 2565; x_wconf 86' lang='lat' dir='ltr'>que</span> <span class='ocrx_word' id='word_1_492' title='bbox 315 2534 444 2555; x_wconf 88' lang='lat' dir='ltr'>nomen</span> <span class='ocrx_word' id='word_1_493' title='bbox 487 2523 626 2565; x_wconf 72' lang='lat' dir='ltr'>legitur</span> <span class='ocrx_word' id='word_1_494' title='bbox 661 2523 756 2564; x_wconf 86' lang='lat' dir='ltr'>apud</span> <span class='ocrx_word' id='word_1_495' title='bbox 794 2523 941 2554; x_wconf 85' lang='lat' dir='ltr'>Plutar—</span> 
     </span>
     <span class='ocr_line' id='line_1_56' title="bbox 208 2567 940 2609; baseline -0.001 -10"><span class='ocrx_word' id='word_1_496' title='bbox 208 2568 316 2599; x_wconf 83' lang='lat' dir='ltr'>chum</span> <span class='ocrx_word' id='word_1_497' title='bbox 342 2568 364 2599; x_wconf 92' lang='lat' dir='ltr'>l.</span> <span class='ocrx_word' id='word_1_498' title='bbox 388 2579 416 2599; x_wconf 87' lang='lat' dir='ltr'>c.</span> <span class='ocrx_word' id='word_1_499' title='bbox 466 2568 541 2599; x_wconf 36' lang='lat' dir='ltr'>vm.</span> <span class='ocrx_word' id='word_1_500' title='bbox 564 2567 680 2609; x_wconf 81' lang='lat' dir='ltr'>Kopp.</span> <span class='ocrx_word' id='word_1_501' title='bbox 702 2567 745 2598; x_wconf 71' lang='lat' dir='ltr'>acl</span> <span class='ocrx_word' id='word_1_502' title='bbox 770 2567 940 2599; x_wconf 84' lang='lat' dir='ltr'>Martian.</span> 
     </span>
     <span class='ocr_line' id='line_1_57' title="bbox 207 2611 941 2653; baseline -0.001 -10"><span class='ocrx_word' id='word_1_503' title='bbox 207 2612 254 2643; x_wconf 90' lang='lat' dir='ltr'>ll.</span> <span class='ocrx_word' id='word_1_504' title='bbox 282 2613 297 2653; x_wconf 84' lang='lat'><strong>§</strong></span> <span class='ocrx_word' id='word_1_505' title='bbox 328 2615 399 2643; x_wconf 80' lang='lat'>159.</span> <span class='ocrx_word' id='word_1_506' title='bbox 449 2612 651 2643; x_wconf 76' lang='lat' dir='ltr'>Pausanias</span> <span class='ocrx_word' id='word_1_507' title='bbox 679 2611 778 2652; x_wconf 65' lang='lat' dir='ltr'>VIII.</span> <span class='ocrx_word' id='word_1_508' title='bbox 803 2613 857 2642; x_wconf 83' lang='lat'>43.</span> <span class='ocrx_word' id='word_1_509' title='bbox 885 2623 941 2643; x_wconf 88' lang='lat' dir='ltr'>re—</span> 
     </span>
     <span class='ocr_line' id='line_1_58' title="bbox 208 2655 941 2698; baseline 0.001 -12"><span class='ocrx_word' id='word_1_510' title='bbox 208 2656 280 2687; x_wconf 82' lang='lat' dir='ltr'>fert</span> <span class='ocrx_word' id='word_1_511' title='bbox 305 2668 382 2689; x_wconf 73' lang='lat' dir='ltr'>eam</span> <span class='ocrx_word' id='word_1_512' title='bbox 409 2656 526 2688; x_wconf 85' lang='lat' dir='ltr'>fuisse</span> <span class='ocrx_word' id='word_1_513' title='bbox 551 2655 760 2698; x_wconf 70' lang='lat' dir='ltr'>nympham,</span> <span class='ocrx_word' id='word_1_514' title='bbox 784 2655 941 2688; x_wconf 80' lang='lat' dir='ltr'>Ladonis</span> 
     </span>
     <span class='ocr_line' id='line_1_59' title="bbox 208 2700 940 2740; baseline 0.004 -11"><span class='ocrx_word' id='word_1_515' title='bbox 208 2700 343 2740; x_wconf 76' lang='lat' dir='ltr'>filiam3</span> <span class='ocrx_word' id='word_1_516' title='bbox 367 2701 401 2733; x_wconf 90' lang='lat' dir='ltr'>in</span> <span class='ocrx_word' id='word_1_517' title='bbox 419 2700 873 2733; x_wconf 75' lang='lat' dir='ltr'>commentarioSei-viano</span> <span class='ocrx_word' id='word_1_518' title='bbox 896 2701 940 2732; x_wconf 86' lang='lat' dir='ltr'>ad</span> 
     </span>
     <span class='ocr_line' id='line_1_60' title="bbox 208 2743 943 2785; baseline 0.005 -12"><span class='ocrx_word' id='word_1_519' title='bbox 208 2743 309 2785; x_wconf 77' lang='lat' dir='ltr'>Virg.</span> <span class='ocrx_word' id='word_1_520' title='bbox 330 2746 414 2777; x_wconf 81' lang='lat' dir='ltr'>Aen.</span> <span class='ocrx_word' id='word_1_521' title='bbox 439 2746 535 2785; x_wconf 78' lang='grc' dir='ltr'>ΠΗ,</span> <span class='ocrx_word' id='word_1_522' title='bbox 562 2748 636 2777; x_wconf 86' lang='grc'>130.</span> <span class='ocrx_word' id='word_1_523' title='bbox 663 2745 795 2778; x_wconf 79' lang='lat' dir='ltr'>dieitur</span> <span class='ocrx_word' id='word_1_524' title='bbox 825 2745 943 2777; x_wconf 83' lang='lat' dir='ltr'>fuisse</span> 
     </span>
     <span class='ocr_line' id='line_1_61' title="bbox 207 2786 942 2832; baseline 0.007 -15"><span class='ocrx_word' id='word_1_525' title='bbox 207 2786 329 2819; x_wconf 80' lang='lat' dir='ltr'>Ledae</span> <span class='ocrx_word' id='word_1_526' title='bbox 364 2793 399 2820; x_wconf 82' lang='lat' dir='ltr'>et</span> <span class='ocrx_word' id='word_1_527' title='bbox 432 2789 622 2832; x_wconf 82' lang='lat' dir='ltr'>Tyndarei</span> <span class='ocrx_word' id='word_1_528' title='bbox 657 2789 757 2831; x_wconf 74' lang='lat' dir='ltr'>filia,</span> <span class='ocrx_word' id='word_1_529' title='bbox 797 2790 942 2823; x_wconf 87' lang='lat' dir='ltr'>nomine</span> 
     </span>
     <span class='ocr_line' id='line_1_62' title="bbox 211 2830 423 2864; baseline 0.009 -3"><span class='ocrx_word' id='word_1_530' title='bbox 211 2830 423 2864; x_wconf 83' lang='lat' dir='ltr'>Timandra.</span> 
     </span>
    </p>

    <p class='ocr_par' dir='ltr' id='par_1_11' title="bbox 209 2876 938 2964">
     <span class='ocr_line' id='line_1_63' title="bbox 254 2876 938 2921; baseline 0.003 -15"><span class='ocrx_word' id='word_1_531' title='bbox 254 2876 300 2907; x_wconf 86' lang='lat' dir='ltr'>ad</span> <span class='ocrx_word' id='word_1_532' title='bbox 326 2888 465 2918; x_wconf 79' lang='lat' dir='ltr'>qnorum</span> <span class='ocrx_word' id='word_1_533' title='bbox 489 2879 682 2921; x_wconf 78' lang='lat' dir='ltr'>congeriem</span> <span class='ocrx_word' id='word_1_534' title='bbox 709 2903 716 2909; x_wconf 92' lang='lat'>.</span> <span class='ocrx_word' id='word_1_535' title='bbox 735 2902 742 2910; x_wconf 85' lang='lat'>.</span> <span class='ocrx_word' id='word_1_536' title='bbox 771 2877 938 2918; x_wconf 82' lang='lat' dir='ltr'>incitasti]</span> 
     </span>
     <span class='ocr_line' id='line_1_64' title="bbox 209 2918 938 2964; baseline 0.003 -13"><span class='ocrx_word' id='word_1_537' title='bbox 209 2918 230 2951; x_wconf 79' lang='lat' dir='ltr'>i.</span> <span class='ocrx_word' id='word_1_538' title='bbox 259 2930 287 2951; x_wconf 90' lang='lat' dir='ltr'>e.</span> <span class='ocrx_word' id='word_1_539' title='bbox 311 2921 352 2952; x_wconf 81' lang='lat' dir='ltr'>ad</span> <span class='ocrx_word' id='word_1_540' title='bbox 381 2932 472 2961; x_wconf 81' lang='lat' dir='ltr'>quae</span> <span class='ocrx_word' id='word_1_541' title='bbox 500 2924 748 2964; x_wconf 80' lang='lat' dir='ltr'>congerenda,</span> <span class='ocrx_word' id='word_1_542' title='bbox 793 2923 838 2954; x_wconf 86' lang='lat' dir='ltr'>cf.</span> <span class='ocrx_word' id='word_1_543' title='bbox 866 2921 882 2963; x_wconf 83' lang='lat'><strong>§</strong></span> <span class='ocrx_word' id='word_1_544' title='bbox 907 2925 938 2954; x_wconf 88' lang='grc'>3.</span> 
     </span>
    </p>
   </div>
   <div class='ocr_carea' id='block_1_9' title="bbox 1007 2388 1744 2965">
    <p class='ocr_par' dir='ltr' id='par_1_12' title="bbox 1009 2388 1744 2475">
     <span class='ocr_line' id='line_1_65' title="bbox 1054 2388 1743 2431; baseline 0.003 -11"><span class='ocrx_word' id='word_1_545' title='bbox 1054 2389 1290 2431; x_wconf 62' lang='lat' dir='ltr'>exauctorata]</span> <span class='ocrx_word' id='word_1_546' title='bbox 1319 2388 1481 2421; x_wconf 84' lang='lat' dir='ltr'>insoleus</span> <span class='ocrx_word' id='word_1_547' title='bbox 1501 2393 1556 2421; x_wconf 84' lang='lat' dir='ltr'>est</span> <span class='ocrx_word' id='word_1_548' title='bbox 1576 2389 1636 2421; x_wconf 77' lang='lat' dir='ltr'>hic</span> <span class='ocrx_word' id='word_1_549' title='bbox 1655 2400 1743 2422; x_wconf 78' lang='lat' dir='ltr'>usus</span> 
     </span>
     <span class='ocr_line' id='line_1_66' title="bbox 1009 2433 1744 2475; baseline 0.003 -11"><span class='ocrx_word' id='word_1_550' title='bbox 1009 2433 1119 2465; x_wconf 85' lang='lat' dir='ltr'>huius</span> <span class='ocrx_word' id='word_1_551' title='bbox 1144 2433 1243 2465; x_wconf 83' lang='lat' dir='ltr'>verbi</span> <span class='ocrx_word' id='word_1_552' title='bbox 1270 2445 1288 2464; x_wconf 85' lang='lat' dir='ltr'>e</span> <span class='ocrx_word' id='word_1_553' title='bbox 1315 2444 1353 2464; x_wconf 85' lang='lat' dir='ltr'>re</span> <span class='ocrx_word' id='word_1_554' title='bbox 1377 2433 1529 2466; x_wconf 85' lang='lat' dir='ltr'>militari</span> <span class='ocrx_word' id='word_1_555' title='bbox 1547 2434 1744 2475; x_wconf 85' lang='lat' dir='ltr'>desumpti.</span> 
     </span>
    </p>

    <p class='ocr_par' dir='ltr' id='par_1_13' title="bbox 1007 2477 1743 2598">
     <span class='ocr_line' id='line_1_67' title="bbox 1052 2477 1742 2520; baseline 0.001 -12"><span class='ocrx_word' id='word_1_556' title='bbox 1052 2479 1085 2508; x_wconf 80' lang='lat'>4.</span> <span class='ocrx_word' id='word_1_557' title='bbox 1136 2479 1237 2511; x_wconf 85' lang='lat' dir='ltr'>Bona</span> <span class='ocrx_word' id='word_1_558' title='bbox 1268 2479 1370 2509; x_wconf 82' lang='lat' dir='ltr'>verba</span> <span class='ocrx_word' id='word_1_559' title='bbox 1407 2477 1544 2520; x_wconf 80' lang='lat' dir='ltr'>quaeso]</span> <span class='ocrx_word' id='word_1_560' title='bbox 1580 2477 1635 2509; x_wconf 90' lang='lat' dir='ltr'>Cf.</span> <span class='ocrx_word' id='word_1_561' title='bbox 1667 2477 1742 2509; x_wconf 84' lang='lat' dir='ltr'>Te-</span> 
     </span>
     <span class='ocr_line' id='line_1_68' title="bbox 1008 2522 1743 2563; baseline 0.003 -10"><span class='ocrx_word' id='word_1_562' title='bbox 1008 2525 1098 2553; x_wconf 82' lang='lat' dir='ltr'>rent.</span> <span class='ocrx_word' id='word_1_563' title='bbox 1128 2522 1234 2554; x_wconf 82' lang='lat' dir='ltr'>Andr.</span> <span class='ocrx_word' id='word_1_564' title='bbox 1260 2522 1296 2563; x_wconf 79' lang='lat' dir='ltr'>l,</span> <span class='ocrx_word' id='word_1_565' title='bbox 1318 2524 1356 2561; x_wconf 83' lang='lat'>2,</span> <span class='ocrx_word' id='word_1_566' title='bbox 1383 2524 1438 2554; x_wconf 89' lang='grc'>33.</span> <span class='ocrx_word' id='word_1_567' title='bbox 1474 2533 1555 2554; x_wconf 89' lang='lat' dir='ltr'>cum</span> <span class='ocrx_word' id='word_1_568' title='bbox 1592 2522 1743 2555; x_wconf 77' lang='lat' dir='ltr'>dictatis</span> 
     </span>
     <span class='ocr_line' id='line_1_69' title="bbox 1007 2566 1234 2598; baseline 0 0"><span class='ocrx_word' id='word_1_569' title='bbox 1007 2566 1234 2598; x_wconf 82' lang='lat' dir='ltr'>Ruhnkenii.</span> 
     </span>
    </p>

    <p class='ocr_par' dir='ltr' id='par_1_14' title="bbox 1008 2609 1742 2965">
     <span class='ocr_line' id='line_1_70' title="bbox 1052 2609 1742 2653; baseline -0.001 -10"><span class='ocrx_word' id='word_1_570' title='bbox 1052 2612 1178 2643; x_wconf 84' lang='lat' dir='ltr'>morali</span> <span class='ocrx_word' id='word_1_571' title='bbox 1203 2632 1235 2641; x_wconf 89' lang='lat'>..</span> <span class='ocrx_word' id='word_1_572' title='bbox 1262 2610 1453 2653; x_wconf 76' lang='lat' dir='ltr'>gravitate]</span> <span class='ocrx_word' id='word_1_573' title='bbox 1495 2610 1518 2642; x_wconf 88' lang='lat' dir='ltr'>i.</span> <span class='ocrx_word' id='word_1_574' title='bbox 1552 2621 1581 2641; x_wconf 89' lang='lat' dir='ltr'>e.</span> <span class='ocrx_word' id='word_1_575' title='bbox 1616 2609 1742 2652; x_wconf 83' lang='lat' dir='ltr'>gravi-</span> 
     </span>
     <span class='ocr_line' id='line_1_71' title="bbox 1009 2653 1742 2686; baseline 0 0"><span class='ocrx_word' id='word_1_576' title='bbox 1009 2657 1082 2686; x_wconf 87' lang='lat' dir='ltr'>tate</span> <span class='ocrx_word' id='word_1_577' title='bbox 1107 2655 1269 2686; x_wconf 85' lang='lat' dir='ltr'>moribus</span> <span class='ocrx_word' id='word_1_578' title='bbox 1291 2655 1370 2686; x_wconf 90' lang='lat' dir='ltr'>eius</span> <span class='ocrx_word' id='word_1_579' title='bbox 1394 2653 1643 2686; x_wconf 85' lang='lat' dir='ltr'>conveniente.</span> <span class='ocrx_word' id='word_1_580' title='bbox 1686 2654 1742 2686; x_wconf 88' lang='lat' dir='ltr'>Cf.</span> 
     </span>
     <span class='ocr_line' id='line_1_72' title="bbox 1010 2696 1742 2742; baseline 0.001 -12"><span class='ocrx_word' id='word_1_581' title='bbox 1010 2699 1146 2730; x_wconf 87' lang='lat' dir='ltr'>Comm.</span> <span class='ocrx_word' id='word_1_582' title='bbox 1173 2700 1200 2737; x_wconf 86' lang='grc' dir='ltr'>Ι,</span> <span class='ocrx_word' id='word_1_583' title='bbox 1222 2701 1250 2737; x_wconf 79' lang='lat'>1,</span> <span class='ocrx_word' id='word_1_584' title='bbox 1277 2702 1309 2730; x_wconf 82' lang='lat'>6.</span> <span class='ocrx_word' id='word_1_585' title='bbox 1334 2699 1491 2731; x_wconf 85' lang='lat' dir='ltr'>morali</span> <span class='ocrx_word' id='word_1_586' title='bbox 1513 2696 1742 2742; x_wconf 76' lang='lat' dir='ltr'>gravitate</span> 
     </span>
     <span class='ocr_line' id='line_1_73' title="bbox 1013 2743 1742 2785; baseline 0 -9"><span class='ocrx_word' id='word_1_587' title='bbox 1013 2744 1211 2776; x_wconf 82' lang='lat' dir='ltr'>Socraticae</span> <span class='ocrx_word' id='word_1_588' title='bbox 1234 2744 1437 2784; x_wconf 73' lang='lat' dir='ltr'>dulcedinis,</span> <span class='ocrx_word' id='word_1_589' title='bbox 1461 2746 1498 2775; x_wconf 83' lang='lat' dir='ltr'>et</span> <span class='ocrx_word' id='word_1_590' title='bbox 1522 2743 1617 2776; x_wconf 83' lang='lat' dir='ltr'>infra</span> <span class='ocrx_word' id='word_1_591' title='bbox 1643 2743 1659 2785; x_wconf 87' lang='lat'><strong>§</strong></span> <span class='ocrx_word' id='word_1_592' title='bbox 1688 2745 1742 2776; x_wconf 86' lang='lat'>13.</span> 
     </span>
     <span class='ocr_line' id='line_1_74' title="bbox 1010 2788 1742 2830; baseline -0.003 -9"><span class='ocrx_word' id='word_1_593' title='bbox 1010 2793 1134 2821; x_wconf 78' lang='lat' dir='ltr'>ornatu</span> <span class='ocrx_word' id='word_1_594' title='bbox 1164 2798 1323 2820; x_wconf 87' lang='lat' dir='ltr'>morum</span> <span class='ocrx_word' id='word_1_595' title='bbox 1358 2788 1656 2830; x_wconf 78' lang='lat' dir='ltr'>gravitateque</span> <span class='ocrx_word' id='word_1_596' title='bbox 1687 2788 1742 2819; x_wconf 81' lang='lat' dir='ltr'>vi-</span> 
     </span>
     <span class='ocr_line' id='line_1_75' title="bbox 1008 2831 1741 2872; baseline -0.004 -6"><span class='ocrx_word' id='word_1_597' title='bbox 1008 2838 1083 2872; x_wconf 83' lang='lat' dir='ltr'>tae,</span> <span class='ocrx_word' id='word_1_598' title='bbox 1120 2835 1156 2865; x_wconf 87' lang='lat' dir='ltr'>et</span> <span class='ocrx_word' id='word_1_599' title='bbox 1187 2832 1234 2872; x_wconf 88' lang='lat' dir='ltr'>V,</span> <span class='ocrx_word' id='word_1_600' title='bbox 1263 2834 1299 2871; x_wconf 84' lang='lat'>1,</span> <span class='ocrx_word' id='word_1_601' title='bbox 1326 2835 1378 2865; x_wconf 86' lang='lat'>16.</span> <span class='ocrx_word' id='word_1_602' title='bbox 1419 2832 1508 2864; x_wconf 80' lang='lat' dir='ltr'>Sunt</span> <span class='ocrx_word' id='word_1_603' title='bbox 1532 2856 1562 2864; x_wconf 94' lang='lat'>..</span> <span class='ocrx_word' id='word_1_604' title='bbox 1589 2831 1662 2864; x_wconf 79' lang='lat' dir='ltr'>stili</span> <span class='ocrx_word' id='word_1_605' title='bbox 1687 2832 1741 2863; x_wconf 85' lang='lat' dir='ltr'>di-</span> 
     </span>
     <span class='ocr_line' id='line_1_76' title="bbox 1008 2876 1740 2919; baseline -0.003 -10"><span class='ocrx_word' id='word_1_606' title='bbox 1008 2878 1108 2909; x_wconf 85' lang='lat' dir='ltr'>cendi</span> <span class='ocrx_word' id='word_1_607' title='bbox 1138 2877 1207 2909; x_wconf 86' lang='lat' dir='ltr'>duo</span> <span class='ocrx_word' id='word_1_608' title='bbox 1238 2877 1372 2919; x_wconf 79' lang='lat' dir='ltr'>dispari</span> <span class='ocrx_word' id='word_1_609' title='bbox 1402 2876 1654 2909; x_wconf 80' lang='lat' dir='ltr'>moralitate</span> <span class='ocrx_word' id='word_1_610' title='bbox 1683 2876 1740 2908; x_wconf 80' lang='lat' dir='ltr'>di-</span> 
     </span>
     <span class='ocr_line' id='line_1_77' title="bbox 1008 2920 1740 2965; baseline -0.003 -10"><span class='ocrx_word' id='word_1_611' title='bbox 1008 2923 1109 2955; x_wconf 83' lang='lat' dir='ltr'>versi.</span> <span class='ocrx_word' id='word_1_612' title='bbox 1153 2922 1246 2954; x_wconf 80' lang='lat' dir='ltr'>Unus</span> <span class='ocrx_word' id='word_1_613' title='bbox 1269 2926 1319 2954; x_wconf 85' lang='lat' dir='ltr'>est</span> <span class='ocrx_word' id='word_1_614' title='bbox 1340 2926 1499 2954; x_wconf 83' lang='lat' dir='ltr'>maturus</span> <span class='ocrx_word' id='word_1_615' title='bbox 1522 2925 1554 2955; x_wconf 87' lang='lat' dir='ltr'>ct</span> <span class='ocrx_word' id='word_1_616' title='bbox 1571 2920 1740 2965; x_wconf 80' lang='lat' dir='ltr'>gravis,</span> 
     </span>
    </p>
   </div>
  </div>
 </body>
</html>
