1808 3163
0 170 4 208 i

1 290 3 309 ⁵

350 22 825 71 SATURNALIORUM
860 21 961 63 LIB.
991 21 1065 63 ΙΙΙ.
1101 19 1219 64 CAP.
1253 20 1305 61 II.
1517 20 1599 62 ⁶267

162 142 238 183 Est
267 139 505 196 profundam
538 137 744 180 scientiam
775 135 895 177 huius
925 139 1068 190 poetae
1100 133 1139 174 in
1167 147 1249 174 uno
1280 145 1398 187 saepe
1428 133 1639 187 reperir07

49 199 192 249 verbo,
242 197 351 253 quod
393 196 557 237 fortuito
597 195 747 235 dietum
786 193 928 245 vulgus
964 195 1133 246 putaret.
1196 189 1455 230 Multisariam
1495 190 1600 230 enim

49 255 236 309 legimus,
285 253 393 309 quod
434 253 546 293 litare
580 252 662 292 sola
698 264 778 291 non
817 249 943 304 possit
984 247 1113 288 oratio
1153 246 1226 286 nisi
1257 252 1302 287 ut
1336 245 1367 286 is
1402 245 1470 300 qui
1504 246 1601 288 deos

49 317 236 366 precatur
272 311 392 351 etiam
430 323 536 350 aram
577 307 761 349 manibus
792 304 1077 360 adprehendat.
1148 303 1246 343 lude
1276 304 1403 343 Varro
1437 303 1640 344 Divina-8

49 381 136 409 rum
170 368 270 408 libro
305 367 448 421 quinto
478 364 573 405 dicit
603 379 696 405 aras
722 364 900 419 primum
928 376 1018 401 asos
1049 360 1188 407 dictas,
1226 360 1330 414 quod
1357 368 1447 400 esse!
1472 375 1601 401 neces-

0 426 2 473 ἶ
48 426 198 465 sarium
236 440 259 464 a
290 422 602 477 sacrificantibus
632 435 695 461 eas
725 420 869 460 teneri:
909 418 1018 457 ansis
1046 424 1173 457 aulem
1201 418 1327 456 teneri
1352 418 1474 457 solere
1506 433 1601 458 vasa

0 479 1 486 ¹
49 483 136 536 quis
165 480 335 520 dubitet?
395 479 688 519 Conmutate'one
726 491 815 530 erqo
852 475 1071 514 lilterarum
1110 487 1203 513 (tras
1232 474 1313 513 dici
1344 481 1516 527 coeptas,
1559 482 1601 514 ut

63 538 223 578 l'alesz'os
255 544 286 576 el
311 536 451 575 Fusios
479 535 599 574 dictos
621 535 740 587 prius
769 546 876 572 nunc
917 531 1084 571 Valerios
1116 537 1148 570 et
1175 530 1321 571 Furios
1351 530 1441 570 dici.
1491 528 1639 571 llaccss

50 593 183 633 omnia
212 591 277 632 illo
313 604 429 631 versu
459 595 577 643 poeta
609 594 799 629 executus
830 592 907 628 est:

220 648 257 688 T
253 647 377 688 (dibus
406 654 581 687 orantem
618 645 731 686 dictis
759 659 926 700 arasque
955 649 1139 683 tenentem

217 704 353 744 Audiit
382 704 635 758 omne'polens

46 762 189 803 Nonne
215 773 262 800 eo
291 758 469 799 additum
502 758 737 805 credideris,
782 770 862 797 non
892 755 986 810 quia
1017 755 1159 796 orabat
1186 757 1364 804 tantum,
1407 753 1476 795 sed
1507 754 1601 809 quia

49 823 89 859 et
115 829 201 858 aras
230 815 404 865 tenebat,
435 815 648 856 auditum?
705 814 787 855 Neo
820 827 901 853 non
938 825 1027 853 eum
1061 811 1135 852 ait:

220 873 376 913 Talibus
407 873 545 913 orabat
573 872 685 912 dictis
715 884 883 925 arasque
910 869 1069 910 tenebat.

48 928 166 969 item:
222 930 355 983 Tanyo
385 943 499 976 aras,
531 929 676 969 medios
705 928 812 981 {qne-s
838 942 883 967 ac
912 927 1077 967 rzmm'na
1106 931 1234 972 testor,

48 985 214 1026 eandem
243 985 321 1026 vim
347 984 521 1025 nominis
553 998 600 1025 ex
629 981 944 1037 adprehensione
974 981 1182 1035 signifieat.

160 1042 269 1082 Idem
308 1046 426 1094 poeta
466 1046 546 1081 tam
586 1039 750 1081 seientia
784 1037 1006 1092 profundus
1046 1051 1167 1092 quam
1208 1048 1402 1076 amoenus
1438 1034 1598 1087 ingenio
1618 1036 1668 1077 10

48 1097 239 1137 nonnulla
270 1096 318 1137 de
349 1097 548 1138 veteribus
585 1095 713 1137 verbis
747 1108 851 1149 quae
882 1095 931 1136 ad
963 1094 1248 1149 proprietatem
1284 1105 1488 1133 sacrorum
1527 1107 1599 1133 no-

50 1158 159 1194 verat
188 1152 386 1206 pertinere
420 1153 473 1194 ita
502 1154 785 1207 interpretatus
824 1157 883 1191 est
912 1157 959 1192 ut
988 1155 1143 1191 mutato
1172 1148 1281 1190 verbi
1317 1163 1416 1189 sono
1447 1148 1601 1202 integer

48 1209 230 1249 tellectus
265 1214 454 1250 maneret.
521 1210 621 1249 Nam
662 1208 792 1262 primo
831 1207 1024 1262 pontificii
1058 1205 1154 1247 iuris
1189 1205 1291 1246 libro
1323 1204 1429 1259 apud
1463 1204 1664 1246 Picto-ll

47 1278 130 1305 rem
159 1265 325 1306 verbum
358 1265 434 1305 hoe
468 1265 644 1320 positum
676 1269 756 1313 est,
794 1265 975 1312 vitulari,
1011 1264 1059 1304 de
1091 1262 1204 1304 euius
1235 1261 1344 1303 verbi
1375 1261 1602 1314 significatu

48 1321 178 1362 Titius
208 1321 263 1362 ita
295 1321 449 1363 retulit:
505 1321 672 1363 Vz'tularz'
699 1329 752 1363 est
782 1335 872 1362 voce
907 1321 1056 1362 laetari.
1115 1319 1244 1359 Varro
1277 1318 1396 1359 etiam
1428 1317 1468 1358 in
1497 1318 1600 1359 libro

1098 1447 1190 1480 Edd.
1223 1446 1509 1490 vicahgspdzb.]

47 1516 142 1538 nune
170 1506 294 1549 operis
323 1509 441 1549 parte.
579 1509 611 1538 7.
656 1507 740 1549 Cap.
778 1506 825 1538 11.
872 1505 923 1538 De
948 1504 1127 1537 verborum
1156 1503 1441 1547 proprietatibus
1468 1501 1515 1534 vi.
1556 1520 1599 1525 —-

51 1551 279 1592 Mullifariae
294 1552 386 1589 (del.
403 1552 443 1592 a)
463 1550 504 1584 Β.
549 1552 784 1592 multifariam
802 1552 901 1593 (sup.
916 1553 950 1588 e)
967 1549 1011 1581 G.
1035 1567 1078 1573 -—
1097 1550 1207 1592 possit
1277 1549 1389 1580 oratio
1415 1546 1489 1586 (sic
1515 1558 1598 1579 cum

50 1595 141 1637 lae)
174 1597 214 1628 A.
240 1615 282 1620 —
306 1597 376 1628 nisi
401 1601 437 1629 et
461 1596 491 1628 is
514 1595 657 1629 ich-bs.
702 1597 771 1628 nisi
794 1597 822 1628 is
846 1597 934 1637 (om.
961 1597 1016 1632 vt)
1044 1596 1124 1626 v3a.
1260 1596 1292 1626 8.
1329 1593 1535 1624 diuinorum
1560 1592 1599 1624 A.

48 1657 91 1663 —-
117 1652 235 1673 ansas
259 1640 396 1684 ASv-g.
420 1659 465 1665 —
490 1652 536 1673 ea
557 1641 594 1673 h.
619 1660 659 1665 —
686 1642 795 1674 dictos
902 1640 1026 1672 Furios
1054 1650 1126 1670 om.
1152 1638 1193 1670 P.
1331 1641 1364 1670 9.
1403 1638 1470 1669 ille
1495 1636 1530 1669 S.
1555 1654 1600 1662 —-

46 1690 151 1726 poeta
173 1691 333 1718 executus
356 1691 404 1718 est
428 1696 527 1718 versa
559 1697 636 1729 c-g.
677 1704 722 1711 —-
759 1690 1035 1728 exsequuntur
1061 1685 1152 1725 (om.
1187 1686 1255 1722 est)
1290 1682 1330 1714 P.
1371 1699 1412 1706 —
1458 1682 1600 1714 Talibus

49 1730 220 1772 ormnem]
248 1731 335 1762 Aen.
358 1730 421 1768 IV,
442 1733 521 1763 219.
561 1749 604 1754 -
644 1742 682 1763 eo
714 1732 886 1764 auditum
913 1729 957 1761 G.
1001 1747 1044 1752 --
1089 1728 1233 1760 Talibus
1261 1726 1398 1767 orabat]
1429 1726 1515 1758 Aen.
1540 1726 1598 1767 Vl,

50 1775 126 1806 124.
158 1792 201 1799 —-
242 1775 381 1819 Tango]
409 1775 496 1807 Aen.
518 1775 602 1816 ΧΠ,
626 1778 706 1807 201.
1256 1773 1308 1803 11.
1351 1771 1437 1803 iuris
1467 1782 1536 1803 om.
1563 1782 1597 1804 v.

848 1777 901 1806 10.
947 1774 1043 1806 Item
1071 1772 1114 1804 G.

858 1884 930 1916 bro
971 1884 1012 1915 Γ.
1041 1883 1197 1914 Rerum
1235 1882 1485 1914 divinarum
1519 1882 1597 1925 ple-

857 1929 937 1960 m'us
966 1932 1100 1960 narrat.
1150 1926 1203 1959 Ct'.
1236 1927 1396 1959 Merkel.
1421 1927 1465 1959 ad
1492 1927 1599 1959 Ovid.

858 1972 957 2005 Fast.
996 1984 1030 2014 p.
1073 1982 1201 2004 cxvnr.
1268 1972 1450 2014 Hartung.
1489 1971 1523 2012 1„
1563 1983 1596 2014 p.

859 2019 951 2056 146,
989 2016 1050 2058 qui
1077 2015 1215 2048 adiecit
1241 2017 1470 2049 commodius
1495 2027 1599 2050 aram

857 2062 1018 2095 derivari
1042 2072 1061 2094 a
1086 2061 1198 2094 verbo
1222 2060 1327 2102 αἴρω.

908 2107 1065 2139 Valesius
1095 2111 1127 2139 et
1156 2106 1293 2148 Fusios]
1328 2105 1484 2137 Praeter
1512 2104 1599 2137 Ser-

48 1883 138 1916 Cum
166 1885 351 1926 particula
375 1886 444 1917 iam
471 1885 565 1917 cons.
594 1896 624 1917 c.
649 1888 681 1918 9.
710 1883 726 1926 §
753 1886 785 1917 2.

54 1928 138 1960 Cum
160 1930 352 1962 obsiderent
375 1930 491 1961 urbem
517 1930 665 1962 hostium
692 1941 786 1962 eam-

50 1983 115 2014 que
144 1973 229 2005 iam
257 1975 336 2016 capi
356 1985 456 2016 posse
478 1974 700 2016 confiderent.

94 2020 125 2048 7.
185 2018 250 2050 Est
291 2042 322 2050 ..
361 2019 525 2060 reperire]
575 2018 788 2051 Addendum

47 2063 129 2092 erat
167 2060 239 2093 hoc
283 2063 490 2105 exemplum
537 2062 574 2095 in
616 2063 788 2107 prolegg.

47 2116 82 2147 p.
108 2116 165 2137 xn.

92 2149 183 2191 quod
207 2150 310 2182 litare
334 2151 408 2183 sola
433 2163 501 2183 non
524 2152 634 2194 possit
662 2151 787 2194 oratio]

47 2192 251 2244 Dicendum
271 2199 365 2228 erat:
388 2196 495 2229 litari
517 2197 593 2229 sola
615 2209 684 2229 non
705 2208 789 2240 pos·

47 2242 92 2270 set
127 2240 306 2272 oratione.-
352 2241 416 2272 sed
454 2240 509 2272 sic
545 2252 655 2283 saepe
692 2242 788 2274 solet

47 2281 230 2315 actionem
262 2285 443 2324 quandam
475 2286 686 2318 nominibus
722 2286 787 2318 ab·

48 2326 198 2359 stractis
235 2328 398 2361 tribuere
431 2329 653 2363 Macrobius.
707 2330 786 2363 vid.

46 2370 219 2413 prolegg.
250 2382 285 2413 p.
315 2383 409 2405 xnn.
461 2374 582 2407 Litare
608 2374 695 2416 quid
724 2374 787 2417 sit,

47 2413 200 2447 docetur
225 2426 255 2447 c.
279 2418 313 2456 5,
339 2418 360 2457 S
383 2419 415 2448 4.

90 2459 161 2491 nisi
196 2464 236 2492 ut
277 2483 309 2492 ..
349 2461 601 2504 adprehendat]
637 2461 787 2504 ponitur

46 2503 153 2544 quasi
177 2504 394 2545 praecedat:
433 2505 532 2537 litari
551 2507 662 2548 possit
686 2507 786 2540 nulla

45 2547 122 2580 alia
157 2548 305 2581 ratione.
352 2549 433 2582 vid.
467 2550 587 2583 Hand.
619 2549 784 2584 Tursell.

48 2591 109 2631 IV,
134 2603 169 2634 p.
194 2593 272 2624 247.

90 2639 124 2668 8.
186 2647 270 2669 aras
323 2636 474 2679 primum
524 2649 607 2671 asas
659 2638 782 2681 dictos]

45 2679 98 2712 Ad
122 2690 186 2712 eos
212 2680 274 2723 qui
300 2685 504 2723 sequuntur
529 2682 681 2725 Virgilii
705 2694 787 2717 ver-

46 2735 109 2757 sus
131 2724 237 2763 (Aen.
264 2725 323 2766 lv,
344 2729 410 2758 219
433 2727 506 2768 sq.)
532 2726 568 2760 in
594 2727 784 2761 Servianis

46 2770 321 2803 commentariis
346 2771 563 2805 adnotatum
584 2776 658 2806 est:
686 2775 786 2806 Vete-

45 2823 101 2846 res
124 2825 227 2848 asas
248 2816 429 2855 dicebant,
458 2822 580 2859 postea
602 2829 705 2851 aras
729 2818 784 2851 di-

47 2863 187 2900 xerunt,
217 2859 306 2893 sicut
338 2860 538 2895 Valesius
570 2863 784 2902 Valerios,

51 2901 209 2937 Fusios
235 2905 412 2949 Furios,
436 2906 529 2948 quod
559 2907 700 2943 Varro
728 2908 782 2942 li-

856 2151 956 2184 vium
986 2152 1009 2184 l.
1048 2162 1079 2183 c.
1110 2150 1278 2183 conferas
1314 2149 1466 2182 Festum
1499 2149 1596 2191 apud

856 2196 960 2229 Paul.
988 2196 1052 2228 lib.
1078 2195 1107 2236 1,
1130 2207 1164 2238 p.
1188 2197 1243 2227 23.
1267 2195 1414 2227 Muell.:
1448 2195 1490 2228 Ut
1518 2196 1597 2227 Ῑά-

856 2241 958 2274 lesii
985 2241 1160 2283 Papisii
1182 2251 1247 2283 pro
1268 2251 1306 2273 eo
1328 2240 1419 2283 quod
1444 2243 1493 2273 est
1520 2240 1598 2272 Va-

856 2286 968 2318 lerii
995 2285 1182 2328 Papirii.

900 2333 933 2363 9.
987 2331 1110 2363 Nonne
1139 2341 1178 2362 eo
1205 2329 1368 2362 additum
1395 2327 1595 2370 credideris]

855 2374 879 2407 i.
905 2385 935 2407 e.
969 2374 1096 2408 Nonne
1126 2374 1197 2407 hoc
1230 2373 1329 2406 idem
1363 2374 1464 2407 valet
1488 2383 1531 2405 ac
1563 2372 1596 2405 si

854 2419 1021 2452 additum
1049 2422 1148 2452 esset
1170 2422 1237 2451 cet.

898 2475 1046 2507 arasque
1070 2464 1220 2506 tenebat]
1245 2461 1425 2503 „Servius
1451 2462 1497 2494 ad
1517 2461 1553 2492 h.
1569 2461 1595 2493 l.

853 2508 958 2546 (Aen.
985 2509 1051 2549 VI,
1077 2510 1174 2547 124.)
1198 2509 1266 2541 ita:
1296 2508 1488 2551 Rogabaut
1515 2506 1595 2538 deos

853 2563 1030 2586 ararum
1058 2564 1194 2586 ansas
1217 2557 1423 2585 tenentes.
1470 2549 1595 2582 Simu-

852 2596 995 2629 lacrum
1052 2597 1105 2630 ita
1157 2596 1387 2639 precantium
1443 2594 1595 2627 exhibet

853 2651 985 2674 numus
1028 2642 1124 2683 apud
1168 2640 1323 2673 Niedek.
1368 2639 1413 2671 de
1459 2639 1594 2672 adora-

854 2684 942 2717 tion.
967 2686 1024 2718 Cf.
1047 2685 1155 2719 Ovid.
1174 2685 1295 2718 Amor.
1322 2684 1351 2716 1.
1372 2683 1429 2717 El.
1450 2685 1482 2717 4.
1510 2683 1591 2727 [27]

858 2730 1024 2773 Tange,
1053 2740 1190 2773 precor,
1224 2740 1411 2762 mensam
1437 2733 1594 2772 tangunt

853 2786 919 2816 quo
942 2785 1034 2807 more
1056 2775 1277 2818 precantes.“
1297 2774 1409 2806 Zmint.
1432 2793 1474 2798 —
1491 2773 1592 2806 Adde

853 2818 969 2852 Trist.
1006 2818 1054 2862 V,
1090 2821 1129 2858 2,
1157 2820 1212 2851 44.
1252 2819 1381 2852 Nullas
1416 2819 1594 2852 submovet

852 2874 918 2897 ara
938 2874 1074 2897 manns.
1109 2863 1296 2907 Hartung.
1318 2864 1347 2903 Ι,
1371 2875 1403 2907 p.
1432 2864 1508 2896 174.

897 2909 1041 2944 eandem
1064 2908 1133 2943 vim
1151 2908 1313 2952 nominis]
1339 2907 1364 2943 i.
1391 2919 1423 2942 e.
1453 2917 1553 2942 arae.
