1845 3126
231 40 283 80 522
860 31 1134 74 MACROBII

230 150 411 202 dignatus
439 144 619 198 Iuppiter
649 143 781 183 Annio
812 143 968 184 cuidam
1000 157 1071 198 per
1100 143 1274 198 quietem
1306 142 1531 197 imperavit,
1575 146 1621 182 ut
1651 154 1762 182 sena-

230 200 288 245 tui
333 202 532 243 nuntiaret
580 214 661 240 non
706 199 779 240 sibi
817 200 1013 254 placuisse
1050 200 1209 254 plenum
1247 199 1488 240 crudelitatis
1532 197 1762 239 admissum.

193 262 325 310 4Quo
368 257 640 298 dissimulante
682 255 804 295 lilium
850 256 973 310 ipsius
1014 270 1121 297 mors
1163 256 1369 309 repentina
1409 253 1677 307 consumpsit,
1720 267 1764 294 ae

230 321 320 370 post
349 314 561 354 secundun]
594 312 935 352 denuntiationem
966 312 1016 352 ob
1046 311 1212 352 eandem
1239 310 1518 365 negligentiam
1549 310 1632 364 ipse
1662 323 1761 363 quo-

230 386 308 425 que
345 371 383 410 in
420 369 591 410 subitam
630 368 806 422 corporis
837 368 1079 409 debilitatem
1116 367 1270 408 solutus
1301 373 1371 408 est.
1428 366 1492 407 Sic
1524 365 1685 406 demum
1716 378 1763 405 ex

228 427 391 468 consilio
427 426 643 467 amicorum
676 424 814 465 lectica
845 425 998 465 delatus
1034 423 1188 464 senatui
1221 424 1380 472 retulit,
1417 428 1456 463 et
1484 421 1547 463 vix
1576 435 1762 462 consum-

229 489 336 524 mato
369 496 553 524 sermone
582 482 665 521 sine
694 494 804 521 mora
828 486 1058 535 recuperata
1088 481 1192 520 bona
1218 479 1432 520 valitudine
1459 477 1568 518 curia
1596 477 1764 531 pedibus

192 541 216 581 5
230 553 409 591 egressus
438 544 507 579 est.
566 539 627 578 Ex
656 543 815 577 senatus
845 538 978 591 itaque
1009 536 1192 577 consulto
1224 540 1264 576 et
1291 535 1450 577 Maenia
1480 534 1565 587 lege
1592 533 1641 573 ad
1671 546 1762 587 pro-

230 592 449 650 pitiandum
475 596 610 635 lovem
639 594 796 634 additus
825 600 884 635 cst
910 593 984 634 illis
1016 592 1270 634 Circensibus
1301 592 1397 640 dies,
1428 591 1541 645 isque
1569 589 1763 630 instaura-

230 652 341 692 titius
372 652 502 691 dietus
533 655 613 698 est,
652 664 732 690 non
762 663 783 689 a
814 650 1010 704 patibulo,
1040 654 1087 689 ut
1117 648 1277 703 quidam
1308 652 1471 703 putant,
1505 645 1658 687 Graeco
1690 659 1762 686 no-

230 708 335 748 mine
365 705 447 748 ἀπὸ
475 707 552 746 τοῦ
582 707 782 759 σταυροῦ,
817 706 884 746 sed
917 719 938 746 a
974 704 1323 759 redintegratione,
1350 708 1397 745 ut
1426 701 1595 744 Varroni
1624 701 1765 756 placet,

192 764 298 818 {iqui
323 766 546 804 inumerare
575 762 629 802 ait
659 776 744 802 esse
773 761 894 802 instar
923 775 1081 802 novare.
1146 760 1282 810 Vides,
1313 764 1461 814 quanta
1490 758 1538 799 de
1567 770 1680 798 servo
1715 757 1764 798 ad

230 821 394 860 deorum
440 832 637 859 sunnnun]
681 831 774 858 cura
820 817 1053 871 pervenerit.
1120 817 1209 857 Tibi
1242 821 1374 857 nutem
1411 814 1519 856 unde
1554 814 1594 854 in
1629 826 1764 854 servos

229 881 383 916 tantuin
413 880 453 916 et
480 880 559 915 tam
591 874 706 914 inane
737 873 957 922 fastidium,
1004 872 1119 926 quasi
1151 886 1232 913 non
1264 886 1312 913 ex
1342 872 1465 912 isdem
1497 870 1569 911 tibi
1599 874 1639 910 et
1668 882 1763 910 con-

230 937 333 972 stent
370 937 408 972 et
441 931 596 971 alantur
628 930 833 971 elementis
870 928 1124 983 eundemque
1154 928 1334 983 spiritum
1367 928 1415 968 ab
1446 926 1586 967 eodem
1617 924 1762 980 prinei-

317 1068 419 1110 [πὼς.
447 1066 640 1099 mersi:

227 1133 365 1154 causam
394 1133 472 1164 v—g.
506 1140 548 1145 ——
585 1127 715 1154 senatu
740 1125 794 1153 vl.
932 1124 962 1154 4.
1014 1121 1225 1153 debilitatem
1250 1119 1400 1161 corporis
1425 1119 1460 1152 S.
1494 1137 1537 1142 —-
1572 1119 1765 1163 ingressus

227 1172 325 1208 (sup.
347 1167 426 1198 add.
451 1170 486 1203 e]
521 1167 563 1197 G.
703 1169 735 1197 5.
790 1167 929 1198 Maeuia
955 1166 1027 1197 ΑΒ.
1075 1166 1189 1198 menia
1215 1165 1329 1196 1³51‘6.
1364 1167 1410 1204 „2
1435 1164 1570 1205 Anglf‘
1617 1164 1764 1196 moenia

228 1212 298 1243 Gv.
353 1212 481 1243 Meuia
516 1222 592 1252 v—g.
645 1211 798 1242 Mac-via
830 1211 901 1242 s-b.
943 1229 985 1235 -
1024 1211 1097 1243 dies
1130 1211 1269 1251 itaque
1304 1209 1340 1239 Ιι.
1390 1210 1462 1241 dies
1493 1210 1522 1240 is
1556 1209 1626 1252 qui
1661 1207 1763 1239 s-bP.

229 1256 379 1295 „vetns‚
404 1256 499 1297 isque
523 1256 804 1287 instauratius.“
825 1255 948 1295 Pnnt.;
973 1259 1010 1287 at
1033 1255 1068 1287 in
1090 1255 1115 1287 A
1141 1259 1196 1285 est
1217 1254 1487 1285 instauratitius.
1508 1272 1550 1277 —
1573 1261 1765 1284 αποΤοισ

229 1300 288 1331 sed
313 1299 350 1330 Λ.
468 1302 498 1330 6.
537 1300 640 1331 inane
665 1299 928 1331 A*ssGvMi23.
966 1302 1014 1338 „2
1038 1299 1169 1342 Angl.“
1218 1298 1349 1339 „Quod
1377 1299 1498 1340 palato
1522 1297 1668 1339 quidem
1694 1307 1763 1328 non

228 1344 353 1376 hebeti
380 1344 579 1375 movendae
607 1344 655 1376 sit
681 1344 860 1376 salivae-3⁶
886 1344 990 1376 Pont.
1038 1345 1201 1377 immane
1222 1342 1311 1374 Edd.
1328 1341 1395 1374 PS.
1418 1360 1461 1366 —
1488 1343 1588 1385 quasi
1611 1353 1680 1374 non
1707 1366 1715 1374 .
1732 1366 1738 1373 .
1755 1364 1763 1372 .

226 1459 332 1489 latur.
379 1457 592 1490 Lactantius
611 1458 699 1490 lust.
719 1458 765 1495 11,
781 1460 811 1489 8.
835 1458 962 1500 [immo
1031 1457 1147 1500 Quid,
1175 1457 1206 1490 si
1231 1457 1351 1490 notior
1375 1457 1467 1490 haec
1498 1457 1555 1489 lex
1580 1455 1670 1489 huic
1695 1455 1765 1488 im-

226 1507 258 1541 7,
283 1506 337 1534 20.
363 1503 407 1533 cf.
436 1506 486 1542 16,
515 1503 584 1543 ll.]
640 1504 690 1533 Τι’.
720 1503 876 1534 Atinium
901 1513 962 1533 ex-

227 1547 328 1584 tulit,
367 1551 402 1578 et
426 1547 662 1588 amplectitur
687 1547 867 1587 Pighius,
901 1546 961 1588 qui

225 1591 411 1632 antiquam
436 1597 471 1622 et
495 1591 677 1632 plebeium
702 1592 753 1622 ait
780 1590 961 1622 familiam

225 1635 393 1667 Atiniam.
444 1636 551 1667 Certe
575 1635 750 1666 Macrobii
776 1635 961 1676 scriptura

226 1691 351 1720 purum
384 1680 429 1711 ub
462 1680 531 1711 hue
565 1679 746 1711 Laetantii
778 1691 864 1710 vore
900 1680 961 1710 de-

227 1724 319 1763 viat,
361 1728 396 1754 et
429 1728 600 1764 corrupta
628 1724 747 1765 potius
778 1724 961 1755 censenda

224 1779 330 1809 quam
365 1768 503 1799 falsa.“
542 1769 654 1799 l'ox'r.
693 1787 733 1790 —
772 1767 962 1799 consentit

224 1813 396 1851 Zeuuius7
416 1813 476 1853 qui
503 1817 600 1844 reete
624 1812 713 1844 dicit
735 1813 845 1843 etium
865 1812 960 1854 apud

224 1856 367 1888 Livium
406 1862 441 1888 et
484 1856 665 1888 Valerium
713 1856 868 1898 reperiri
910 1857 961 1888 Ti.

224 1901 401 1937 Atinium,
444 1902 537 1942 apud
568 1902 783 1933 Ciceronem
817 1900 961 1932 nonnisi

223 1946 396 1986 quendam
420 1946 584 1977 rusticum
614 1946 817 1977 Romanum.

264 1999 400 2040 plenum
415 2000 630 2031 crudelitatis
643 2000 961 2042 admissurr1]„Ele-

222 2043 370 2084 gentius
402 2043 468 2074 alii
499 2044 698 2084 scriptores
731 2056 805 2075 rem
840 2044 961 2086 expri-

223 2091 336 2126 munt,
362 2099 429 2118 ηοη
455 2088 518 2118 sibi
538 2089 713 2130 placuisse
740 2089 832 2120 ludis
855 2100 959 2130 prae-

221 2132 381 2163 sultorem
408 2131 476 2172 [sie
504 2132 640 2173 legitur
662 2133 754 2173 apud
774 2132 958 2164 valerium

221 2180 257 2206 et
282 2176 377 2216 apud
405 2175 655 2207 Laetantiom:
691 2177 783 2218 apud
811 2176 959 2208 Cicero-

222 2231 303 2250 nem
341 2220 398 2250 vel
434 2221 682 2261 praesultorem
722 2221 779 2252 vel
813 2232 957 2263 praesu-

221 2264 303 2303 lem,
339 2264 432 2305 apud
460 2264 599 2295 Livium
626 2265 685 2295 vel
709 2266 957 2306 praesultorem

222 2308 277 2338 vel
311 2308 629 2350 praesultatorem,
674 2308 815 2340 Graece
853 2305 957 2351 ὀρχη-

221 2348 307 2392 στὴν
330 2349 399 2392 πρὸ
424 2351 486 2393 τῆς
509 2352 690 2394 πομπῆς.“
715 2354 828 2385 ΖΕιτΝ.

263 2412 294 2441 4.
343 2411 377 2442 in
400 2412 546 2443 subitam
570 2413 719 2453 corporis
744 2413 955 2445 debilitatem

219 2455 351 2486 solutus
384 2455 446 2496 est]
484 2455 539 2486 Cf.
576 2456 701 2497 Polyb.
740 2457 807 2495 Nl,
833 2459 894 2496 24,
921 2460 952 2489 5.

221 2498 415 2541 Σωματικῇ
439 2497 588 2540 δυνάμει.
611 2498 908 2542 παραλελυμένος.

262 2559 293 2587 5.
334 2557 475 2589 Maenia
501 2559 590 2601 lege]
618 2559 668 2590 Eo
696 2563 858 2601 tempore
883 2570 953 2602 quo

218 2600 307 2632 haee
335 2602 432 2633 facta
459 2614 540 2634 esse
572 2604 684 2634 refert
713 2604 838 2636 Livius
872 2606 952 2636 nul-

217 2645 273 2675 lus
315 2652 537 2678 memoratur
574 2648 741 2680 Maenius
785 2649 953 2680 tribunus

216 2688 333 2728 plebis
361 2690 426 2727 (cf.
453 2691 652 2723 neat-Ena.
680 2693 734 2724 lv.
760 2705 791 2734 p.
823 2696 950 2731 1357.).

217 2732 287 2763 Lex
314 2733 459 2766 Maenia
484 2746 590 2776 quam
614 2742 874 2769 commemorat
890 2737 950 2769 Ci-

216 2786 299 2806 cero
332 2777 434 2809 Brut.
467 2782 515 2816 1⁴,
542 2782 597 2811 55.
630 2780 665 2811 in
692 2780 726 2812 id
756 2782 832 2813 fere
859 2785 949 2814 tem-

216 2829 281 2858 pus
307 2819 435 2853 incidit
457 2824 549 2863 quod
581 2825 703 2864 posuit
728 2826 948 2864 Macrobius,

215 2872 295 2892 nam
320 2863 395 2895 lata
420 2871 474 2896 est
499 2877 529 2898 a.
552 2878 585 2898 ιι.
602 2868 843 2900 cccchxvl.
871 2870 946 2906 (Cf.

213 2905 329 2936 Orell.
368 2907 493 2940 Onom.
528 2911 628 2942 Tull.
672 2913 734 2943 m.
779 2924 810 2954 p.
849 2915 945 2950 215⁴)

1031 1502 1180 1545 posuit?

1073 1548 1145 1579 illis
1191 1546 1418 1587 Circensibus]
1465 1544 1594 1576 Cicero
1644 1544 1669 1576 l.
1711 1555 1763 1575 c.:

1033 1592 1143 1632 Quum
1177 1591 1281 1629 bello,
1330 1590 1464 1631 inquit,
1506 1590 1632 1622 Latino
1668 1589 1765 1620 ludi

1027 1635 1168 1668 votivi
1214 1635 1392 1666 maa-imi
1435 1634 1585 1677 primum
1624 1634 1764 1674 fierent,

1027 1679 1106 1711 Liv.
1131 1680 1152 1710 l.
1178 1690 1226 1710 ‹:.:
1269 1679 1376 1710 Ludi
1394 1680 1490 1718 forte
1518 1689 1557 1710 ex
1582 1678 1764 1710 instaura-

1028 1725 1119 1756 tione
1143 1724 1289 1766 magni
1312 1724 1420 1754 Roma
1443 1723 1672 1766 parabantur,
1696 1721 1765 1754 Va-

1030 1768 1143 1799 lerius
1171 1768 1267 1799 Mox.
1298 1768 1322 1798 l.
1352 1779 1399 1798 c.:
1434 1768 1623 1809 plebeiis
1659 1766 1764 1805 ludis,

1028 1811 1221 1855 Augustin.
1251 1812 1275 1843 Ι.
1304 1823 1352 1843 ‹:.:
1391 1817 1429 1844 ut
1460 1812 1555 1842 Iudi
1584 1811 1764 1843 Romani

1028 1858 1318 1889 instaurarentur.
1347 1855 1449 1897 Apud
1465 1855 1626 1887 Graecos
1646 1854 1763 1897 scrip-

1030 1904 1126 1932 tores
1158 1912 1225 1932 non
1251 1900 1400 1931 additur
1424 1910 1553 1931 nomen
1583 1900 1763 1931 ludorum.

1029 1945 1183 1976 Merkel.
1211 1945 1255 1976 ad
1279 1943 1384 1975 Ovid.
1411 1943 1509 1976 Fast.
1539 1955 1569 1985 p.
1599 1954 1691 1976 cmx.
1719 1943 1763 1975 de

1027 1989 1096 2021 hoc
1122 1990 1201 2020 loco
1226 1999 1357 2030 agens:
1385 1988 1464 2027 „De
1488 1988 1585 2020 ludis
1605 1987 1763 2030 magnis,

1027 2033 1164 2075 inquit,
1203 2033 1281 2065 sive
1308 2032 1526 2073 Romanis“‚
1563 2043 1653 2074 quos
1679 2032 1761 2073 qui-

1027 2078 1107 2109 dem
1144 2077 1342 2120 distinguit
1374 2076 1614 2116 VVitzsehel„
1650 2077 1761 2109 Rea!-

1026 2121 1178 2163 Eneycl.
1203 2121 1260 2153 lv.
1282 2132 1316 2162 p.
1341 2123 1439 2153 1208.

1071 2161 1143 2197 ἀπὸ
1165 2165 1230 2197 τοῦ
1253 2164 1428 2207 σταυροῦ]
1457 2164 1535 2196 Vid.
1561 2168 1634 2197 not.
1660 2165 1704 2197 ad
1729 2177 1759 2198 c.

1076 2253 1236 2295 Varroni]
1269 2252 1422 2284 Merkel.
1449 2252 1472 2283 l.
1499 2263 1528 2283 c.
1562 2252 1598 2284 in
1623 2252 1759 2284 Rerum

1024 2298 1231 2330 divinarum
1258 2298 1321 2329 lib.
1348 2297 1408 2329 lx.
1436 2297 1528 2328 haec
1554 2302 1678 2328 censet:
1704 2297 1760 2329 in-

1025 2342 1153 2374 fuisse.

1067 2388 1266 2418 instaurare
1299 2386 1349 2417 ait
1380 2395 1450 2417 esse
1478 2385 1590 2416 instar
1613 2384 1756 2426 novare]

1023 2431 1079 2463 Cf.
1104 2430 1235 2462 Festus
1261 2441 1293 2471 p.
1319 2432 1393 2461 111.
1422 2429 1551 2461 Muell.
1588 2430 1757 2461 Instau—

1020 2476 1113 2507 rari
1144 2475 1186 2507 ab
1222 2475 1364 2506 instar
1395 2474 1523 2505 dictum
1548 2478 1612 2510 est,
1654 2484 1757 2514 quum

1021 2519 1157 2561 aliquid
1195 2520 1241 2551 ad
1276 2518 1461 2560 pristinam
1497 2517 1757 2549 similitudinem

1020 2565 1184 2605 reficitur.

1064 2610 1095 2639 6.
1144 2611 1214 2639 tam
1234 2605 1336 2636 inane
1352 2603 1553 2645 fastidium]
1573 2604 1756 2636 Pontanus

1020 2651 1160 2682 confert
1195 2650 1317 2681 Plaut.
1355 2647 1436 2678 Mil.
1480 2647 1558 2688 [IV‚
1590 2650 1630 2688 6,
1669 2647 1754 2690 17.]:

1021 2696 1118 2738 Ergo
1142 2694 1206 2725 iste
1235 2702 1287 2723 me
1318 2696 1426 2723 metus
1457 2696 1626 2730 macerat,
1665 2693 1756 2734 quod

1017 2739 1076 2770 ille
1099 2737 1376 2779 fastidiosus
1406 2740 1472 2773 est,
1512 2739 1548 2766 et
1579 2736 1677 2768 Pers.
1709 2736 1752 2777 [1,

1018 2782 1085 2823 1.]:
1116 2782 1144 2812 Ο
1168 2785 1333 2823 quantum
1360 2779 1465 2811 estin
1483 2780 1583 2811 rebus
1610 2780 1753 2817 inane,

1016 2830 1053 2857 et
1089 2825 1188 2867 Virg.
1229 2824 1327 2866 [Aen.
1369 2823 1434 2863 lV,
1469 2823 1560 2866 210.]
1595 2825 1753 2856 inania

1016 2880 1204 2902 murmura.

1059 2924 1099 2945 er
1121 2914 1226 2945 isdem
1252 2911 1439 2952 elementis]
1473 2910 1525 2941 Cf.
1559 2922 1588 2941 c.
1613 2913 1645 2942 8.
1676 2912 1696 2950 §
1719 2913 1750 2941 8.
