1871 3126
152 399 290 439 191111.

151 634 395 675 pennarum.

151 734 206 774 ⁶20
220 734 351 775 fuisse.

217 63 295 104 114

853 54 1128 98 MACROBII

216 184 351 214 mense
379 169 537 211 Servius
561 166 716 208 Tullius
744 172 861 208 natus
889 166 1040 217 suisset,
1068 166 1193 209 Nonis
1223 170 1357 208 tamen
1385 171 1521 209 natum
1550 179 1638 209 esse
1667 179 1762 208 con-

213 233 353 275 staret,

401 237 540 266 omnes
576 224 711 265 Nonas
750 223 893 264 celebri
933 223 1074 264 notitia
1113 223 1439 277 frequentabant:

1483 223 1630 265 veritos
1670 237 1764 277 ergo

214 285 282 338 qui
311 282 452 324 dubus
481 285 707 335 praeerant,
738 293 788 320 ne
815 280 910 334 quid
941 279 1129 320 nundinis
1156 279 1320 320 collecta
1349 280 1586 321 universitas
1615 280 1668 321 ob
1695 280 1762 320 de-

214 339 402 381 siderium
440 351 542 391 regis
576 340 761 385 novaret,
807 336 957 377 cavisse
993 342 1039 376 ut
1067 337 1206 378 Nonae
1234 349 1254 376 a
1289 336 1478 377 nundinis
1511 349 1763 390 segregaren-

343 394 455 436 Unde
482 394 565 434 dies
593 393 669 441 ille,
695 406 777 446 quo
806 393 1009 434 abundare
1040 406 1186 433 annum
1214 392 1398 441 diximus,
1427 405 1565 432 eorum
1594 397 1654 432 est
1675 405 1762 446 per-

216 452 359 493 missus
392 449 556 491 arbit-rio
589 449 657 503 qui
689 448 799 489 fastis
828 454 1055 504 praeerant,
1083 448 1162 496 uti,
1192 462 1283 488 cum
1312 449 1480 497 vellent,
1513 448 1763 488 intercalare-

216 516 282 549 tur
293 541 302 557 ‚

348 507 567 548 dummodo
605 519 695 546 eum
728 506 767 545 in
798 505 930 546 medio
961 504 1293 546 Terminaliorum
1325 505 1382 545 vel
1417 504 1564 545 mensis
1595 504 1763 545 interca-

217 564 308 606 lalis
344 564 396 604 ita
426 564 619 611 locarent,
660 567 707 602 ut
737 576 757 602 a
788 567 974 617 suspecto
1002 562 1065 602 die
1094 561 1373 602 celebritatem
1397 565 1592 602 averteret
1620 559 1764 601 nundi-

455 623 590 673 Atque
632 618 707 659 hoc
747 624 808 659 est
851 618 959 672 quod
1004 617 1166 672 quidam
1203 622 1381 658 veterum
1420 617 1644 658 retulerunt
1685 630 1765 657 non

220 678 348 719 solum
393 689 569 717 mensem
607 674 711 728 apud
750 675 955 715 Romanos
996 688 1132 715 verum
1177 674 1294 714 etiam
1342 673 1445 714 diem
1492 672 1766 714 intercalarem

414 731 588 782 Quando
617 735 749 771 autem
778 731 949 785 primum
983 730 1256 771 intercalatum
1289 729 1356 779 sit,
1382 729 1489 771 varie
1519 728 1698 778 refertur,
1728 734 1769 770 et

219 791 356 831 Macer
381 788 542 842 quidem
575 787 752 827 Licinius
789 801 876 828 eius
907 786 963 827 rei
1003 786 1195 840 originem
1229 785 1404 827 Romulo
1442 786 1634 840 adsignat.
1682 788 1766 826 An-

220 847 295 887 tias
335 846 435 886 libro
477 843 653 884 secundo
690 844 863 885 Numam
899 842 1139 897 Pompilium
1182 856 1385 884 sacrorum
1424 856 1545 883 causa
1581 842 1618 882 id
1658 840 1767 883 inve-

220 903 325 943 nisse
362 900 577 941 contendit.

633 899 773 940 Iunius
805 899 985 941 Servium
1015 899 1188 940 Tullium
1224 911 1356 952 regem
1392 898 1562 953 primum
1597 898 1766 938 interea-

222 960 320 999 lasse
352 960 660 1005 commemorat,
707 969 727 996 a
762 969 843 1010 quo
882 961 921 996 et.
961 955 1159 996 nundinas
1190 955 1392 996 institutas
1426 953 1597 996 Varroni
1626 954 1767 1009 placet.

311 1069 414 1111 [uss.
440 1067 607 1100 ABGPS.

218 1126 273 1158 nis
295 1129 448 1158 tantum
471 1126 527 1156 vl.
553 1142 596 1148 —
619 1124 746 1156 notitia
772 1123 1030 1155 celebrabant
1056 1123 1094 1154 Ρ.
1121 1139 1163 1146 ——
1191 1123 1289 1166 regis
1314 1122 1518 1155 desiderium
1544 1121 1634 1154 Edd.

222 1173 273 1201 19.
310 1170 383 1201 dies
410 1180 480 1200 om.
504 1169 541 1200 P.
566 1187 607 1192 -
645 1167 807 1210 diximus]
830 1170 849 1208 ἓ
871 1171 903 1200 5.
928 1186 972 1192 -
998 1173 1053 1206 ut,
1082 1179 1154 1199 cnm
1184 1179 1260 1210 μς.
1284 1185 1326 1191 -
1361 1168 1652 1200 intercalarentur
1676 1166 1768 1205 (del.

219 1219 259 1253 n)
288 1215 324 1245 Α.
373 1214 638 1245 intercalarent
663 1223 741 1256 v-g.
779 1230 819 1236 —
858 1213 1040 1244 dnmmodo
1065 1236 1072 1243 .
1089 1236 1096 1243 .
1113 1236 1120 1244 .
1144 1213 1363 1244 intercalaris
1388 1223 1458 1244 11111.
1482 1212 1518 1244 S.
1555 1229 1598 1235 —
1630 1217 1767 1244 averte-

221 1264 307 1292 rent
331 1258 419 1290 Eud.
443 1258 485 1290 P.
622 1259 678 1288 20.
715 1257 834 1300 primo
859 1257 962 1289 s-bP.
996 1276 1024 1279 —
1057 1258 1298 1290 intercalatum
1325 1262 1387 1290 est
1411 1256 1448 1289 S.
1583 1258 1640 1289 21.
1671 1257 1767 1290 tuti-

267 1379 380 1401 omnes
420 1368 537 1400 Nonas
574 1367 696 1399 celebri
730 1368 856 1399 notitia
886 1369 962 1408 frc-

223 1412 449 1456 quentabant]
483 1413 505 1443 i.
534 1424 562 1443 e.
599 1416 699 1444 tanta
730 1412 961 1452 celebritate,

223 1463 261 1489 ut
293 1470 367 1490 rem
396 1457 524 1489 multis
552 1462 673 1488 notam
700 1468 782 1488 esse
806 1468 961 1499 appare-

224 1507 290 1535 ret.
342 1502 397 1533 Cf.
434 1501 518 1533 Son.
551 1512 606 1542 ep.
641 1504 690 1532 19.
727 1503 746 1541 ἓ
771 1505 804 1533 2
848 1503 961 1534 'l'anta

222 1548 390 1579 notitia
417 1552 448 1578 tc
472 1547 612 1586 invasit,
639 1551 674 1577 et
698 1547 741 1577 de
770 1557 807 1577 re
834 1547 880 1578 cf.
907 1547 960 1578 iu-

224 1593 347 1623 suc.
385 1593 434 1622 15.
472 1591 574 1632 (513.
614 1596 712 1622 etc
754 1594 804 1622 16.
841 1593 960 1630 §33,

226 1638 325 1668 tarr.
354 1635 389 1667 1.
448 1635 547 1673 ,11,
576 1636 616 1673 4,
643 1638 699 1667 28.
741 1637 871 1668 Eodem
908 1636 963 1668 die

224 1680 376 1720 (Nonis)
411 1681 444 1711 in
475 1681 588 1711 urbem
622 1681 664 1711 ab
698 1681 799 1723 agris
829 1681 875 1712 ad
906 1691 961 1713 re-

223 1736 303 1769 gem
328 1725 547 1757 conveniebat
569 1725 731 1766 populns.

271 1770 394 1802 vetitos
420 1780 503 1812 eigo
525 1792 555 1800 ..
583 1768 727 1811 cauisse]
754 1767 963 1800 Sententii-

225 1825 303 1847 111111
331 1818 518 1845 structura
549 1813 670 1845 minus
705 1819 804 1845 recte
835 1823 961 1855 proce-

224 1859 289 1897 dit,
309 1869 374 1889 uec
401 1857 527 1900 liquet,
548 1859 641 1889 unde
664 1858 787 1891 veniat
809 1867 962 1890 accusa-

224 1904 322 1935 tivus
351 1913 432 1934 cum
459 1902 650 1934 infinitivo.

270 1947 328 1990 qui
350 1948 467 1979 diebus
490 1946 691 1989 praeerant]
714 1947 856 1987 „Paulo
881 1949 962 1988 post

226 1992 261 2033 [ἓ
292 1991 361 2033 20.]
399 1992 458 2034 qui
491 1992 603 2031 fastis
638 1997 845 2034 praeerant.-
878 1996 964 2022 sunt

226 2036 460 2077 intelligendi
488 2035 692 2077 pontifices.
725 2036 821 2067 Hinc
845 2036 963 2067 lulius

225 2080 363 2111 Caesar
387 2085 422 2111 et
447 2080 655 2122 Augustus,
693 2084 732 2112 ut
758 2080 962 2122 pontifices,

225 2126 342 2157 fastos
394 2125 634 2165 corrigendos
684 2126 964 2166 susceperunt.“

226 2170 338 2201 Znon.
366 2188 406 2192 —
433 2168 487 2200 cf.
515 2181 545 2200 c.
576 2171 626 2201 14.
653 2171 672 2209 ς
702 2171 729 2200 1.

271 2214 412 2245 collecta
450 2214 672 2255 universitas]
717 2213 965 2251 „Uniuersitas

227 2269 291 2299 pro
318 2257 553 2290 umltitudine
584 2269 647 2290 seu
680 2258 788 2300 plebe
821 2262 875 2289 est
909 2258 963 2288 in-

225 2302 373 2334 ferioris
435 2302 633 2335 latinitatis
697 2301 963 2344 significatio.“

227 2347 340 2378 Ζιιιιιω.

273 2394 325 2422 19.
373 2391 446 2422 dies
479 2391 537 2422 ille
661 2401 775 2423 eorum
809 2396 857 2423 est
882 2401 962 2433 per-

226 2436 349 2467 missus
379 2435 535 2477 arbitrio]
576 2435 800 2467 Censorinus
829 2438 892 2473 20,
916 2438 962 2475 6.,

227 2479 396 2517 Solinus.
424 2491 456 2521 p.
481 2482 512 2511 4.
539 2480 597 2520 A.‚
626 2481 837 2512 Ammianus
864 2480 963 2511 Mar-

228 2525 311 2556 cell.
340 2523 473 2561 xxm,
497 2536 531 2565 p.
559 2526 625 2556 3:34
650 2524 772 2565 Lina„
793 2525 963 2556 sacerdo-

229 2572 302 2600 tum
334 2568 490 2600 arbitrio
516 2568 759 2601 intercalandi
780 2569 961 2602 rationem

227 2613 373 2644 omnino
400 2613 515 2644 l'uisse
541 2613 757 2654 permissam
780 2615 963 2652 referunt;

228 2663 262 2689 et
288 2668 375 2689 sane
403 2657 614 2690 Macrobius
645 2670 675 2690 c.
706 2661 756 2690 14.
785 2661 805 2699 g
831 2662 882 2697 l.,
925 2662 963 2690 ut

226 2701 449 2733 Plutarchus
474 2702 575 2734 Caes
600 2705 654 2734 59.
681 2703 832 2736 Sueton.
857 2703 962 2735 Caes.

227 2747 293 2781 40,
315 2746 459 2778 videtur
484 2747 683 2779 concedere
709 2748 964 2780 saceidotibus

228 2790 403 2822 maiorem
445 2802 550 2832 quam
595 2792 629 2823 111
671 2792 838 2835 singulos
883 2792 962 2824 dies

227 2833 348 2865 datam
376 2835 490 2866 fuisse
516 2818 753 2877 μοῐοεῐειεοιηῠ

273 2879 455 2911 dnmmodo
480 2906 486 2911 .
503 2904 509 2910 .
529 2881 579 2912 ita
603 2881 754 2914 locarent
773 2880 857 2922 cet]
882 2881 961 2912 Hoc

227 2920 307 2952 loco
342 2922 437 2955 haud
472 2923 548 2955 scio
584 2935 626 2956 an
659 2925 870 2958 Macrobius
905 2936 962 2957 er

1031 1378 1149 1399 rorem
1173 1366 1408 1399 commiserit.
1458 1365 1635 1408 Equidem
1669 1368 1768 1397 certe

1032 1413 1238 1454 potiuerim
1266 1423 1333 1443 non
1359 1411 1497 1453 quaeri,
1525 1411 1559 1443 in
1585 1421 1656 1453 quo
1686 1411 1768 1442 loco

1032 1456 1174 1499 positus
1211 1457 1260 1488 sit
1299 1457 1363 1489 ille
1405 1457 1507 1498 dies,
1546 1456 1609 1487 sed
1646 1459 1766 1487 utrum

1030 1502 1179 1533 additus
1204 1501 1252 1533 sit
1275 1512 1319 1533 an
1342 1501 1518 1532 omissus:
1542 1511 1621 1532 num
1642 1499 1769 1532 addito

1031 1552 1169 1578 tantum
1194 1547 1250 1578 vel
1277 1547 1424 1587 dempto
1449 1545 1507 1577 die.
1533 1545 1567 1577 id
1593 1544 1768 1585 efficitur,

1031 1596 1068 1623 ut
1108 1591 1142 1622 in
1177 1596 1317 1622 certum
1351 1591 1531 1632 quendam
1567 1589 1662 1621 diem
1698 1599 1767 1621 non

1032 1635 1195 1667 incidant
1225 1635 1419 1667 nundinae.
1468 1634 1633 1676 Denique
1659 1634 1770 1666 verba

1031 1682 1065 1713 in
1089 1681 1200 1712 medio
1222 1680 1510 1712 'I'erminaliorum
1531 1679 1652 1712 minus
1678 1689 1769 1720 qua-

1031 1726 1138 1756 111-1111
1163 1736 1243 1756 cum
1270 1724 1316 1756 iis
1342 1735 1435 1765 quae
1461 1725 1522 1766 leg
1508 1728 1634 1756 untur
1661 1723 1677 1765 §
1700 1725 1767 1763 15„

1037 1770 1288 1802 ''·leiminalibus
1313 1770 1382 1801 iarn
1401 1770 1569 1820 peractis.

1075 1826 1096 1847 a
1123 1820 1278 1857 suspecto
1302 1813 1371 1855 die]
1400 1814 1425 1845 i.
1445 1824 1464 1845 e
1501 1824 1522 1846 a
1548 1810 1678 1856 primis
1694 1811 1768 1845 Ka·

1033 1859 1151 1891 lendis
1184 1859 1242 1890 iel
1274 1858 1407 1897 Nonis,
1434 1858 1478 1890 cf.
1507 1860 1528 1897 S
1556 1861 1607 1890 16.

1075 1907 1128 1935 20.
1180 1904 1299 1936 Macer
1323 1927 1353 1935 ..
1379 1903 1535 1935 Licinius
1561 1927 1569 1935 .
1586 1925 1594 1933 .
1623 1901 1769 1934 Romulo

1030 1948 1218 1991 ads-ignat]
1247 1947 1301 1979 Cf.
1327 1947 1514 1979 Censorio.
1541 1949 1606 1985 20,
1629 1949 1664 1977 2.
1693 1947 1768 1978 An-

1031 2005 1110 2024 num
1157 1997 1343 2025 vertentem
1391 1992 1522 2024 Romae
1570 1991 1768 2023 Licinius

1031 2038 1168 2079 quidem
1196 2037 1339 2068 Macer
1365 2042 1397 2069 et
1423 2042 1544 2079 postea
1574 2035 1768 2069 Fenestella

1029 2082 1146 2113 statim
1184 2082 1227 2112 ab
1261 2082 1360 2113 initio
1402 2082 1579 2113 duodecim
1615 2090 1768 2112 mensum

1025 2126 1140 2166 fuisse
1170 2126 1398 2168 scripserunt.-
1437 2126 1497 2157 sed
1522 2125 1640 2168 magis
1669 2125 1769 2156 Iunio

1036 2170 1240 2202 Gracchano
1272 2174 1303 2202 el
1338 2170 1463 2201 Fulvio
1495 2175 1526 2201 et
1561 2170 1711 2201 l‘arrom'
1736 2174 1768 2201 ct

1035 2215 1199 2246 Suetonio
1242 2215 1390 2256 aliisque
1431 2214 1660 2253 credendum,
1710 2213 1769 2256 qui

1031 2260 1144 2291 decem
1170 2269 1321 2290 mensum
1343 2263 1556 2300 putaverunt
1576 2258 1705 2299 fuisse.

1079 2304 1204 2336 Antias
1231 2328 1238 2335 .
1255 2326 1263 2334 .
1295 2302 1443 2334 Numam
1473 2303 1680 2345 Pompilium
1709 2327 1717 2335 .
1734 2325 1742 2333 .
1759 2324 1767 2333 .

1033 2349 1068 2380 id
1091 2348 1263 2380 invenisse
1286 2346 1476 2388 contendit]
1504 2347 1595 2379 Item
1621 2346 1770 2379 Plutar—

1033 2392 1124 2424 chus
1142 2392 1245 2424 Num.
1267 2394 1330 2431 18„
1347 2391 1570 2423 Censorinus
1584 2393 1683 2432 2o,4.
1700 2391 1769 2423 Po-

1032 2443 1105 2470 stea
1129 2438 1201 2470 sive
1224 2449 1246 2469 a
1277 2437 1429 2477 Numa,
1467 2442 1505 2469 ut
1535 2437 1586 2468 ait
1611 2436 1768 2476 Fulvius,

1031 2483 1121 2521 sive,
1159 2487 1197 2515 ut
1230 2481 1369 2521 Iunius,
1406 2492 1428 2512 a
1459 2481 1649 2522 Tarquinio
1683 2480 1767 2512 XII.

1024 2527 1121 2567 sacti
1152 2531 1233 2559 sunt
1262 2535 1393 2557 menses
1422 2529 1454 2557 et
1485 2525 1558 2556 dies
1594 2523 1767 2556 CCCLV.

1032 2572 1137 2603 Hanc
1161 2569 1245 2603 anni
1272 2569 1539 2602 ordinationem
1557 2567 1769 2600 Macrobius

1031 2617 1072 2656 (ἓ
1100 2617 1127 2647 1
1135 2617 1150 2656 )
1176 2619 1211 2647 et
1238 2615 1317 2656 ipse
1340 2612 1479 2645 Numae
1512 2612 1660 2651 tribuit,
1701 2612 1766 2644 sed

1031 2659 1112 2702 (piis
1138 2659 1280 2701 primus
1306 2658 1566 2689 intercalarem
1602 2667 1766 2689 mensem

1030 2703 1243 2743 instituerit,
1250 2703 1428 2734 incertum
1441 2700 1632 2743 relinquit
1643 2711 1768 2742 quam-

1029 2758 1137 2790 quam
1161 2748 1178 2789 fi
1201 2750 1234 2778 8.
1260 2747 1304 2779 ad
1332 2745 1507 2788 Pompilii
1534 2745 1767 2778 distiibutio-

1030 2803 1111 2825 nem
1132 2802 1309 2824 annorum
1337 2790 1426 2823 (licit
1452 2790 1638 2833 pertinere
1664 2801 1766 2822 men-

1029 2847 1105 2870 sem
1133 2835 1406 2868 intercalarem.

1073 2892 1095 2913 a
1120 2891 1185 2922 quo
1211 2885 1242 2912 et
1271 2880 1449 2913 nundinas
1474 2878 1668 2919 institutas]
1707 2877 1761 2909 cf,

1032 2936 1061 2957 c.
1089 2928 1141 2957 16.
1166 2925 1182 2965 {5
1207 2926 1260 2955 33.
