1845 3131
227 21 310 63 554
863 17 1138 61 MACROBII

226 145 334 181 sens,
378 130 529 184 inquit,
574 128 686 168 locus
714 132 754 168 et
786 132 944 182 tempus
976 129 1097 181 exigit
1130 142 1205 182 ego
1241 144 1321 171 non
1361 131 1508 173 calleo:
1554 146 1657 186 quae
1691 147 1764 187 ego

185 188 350 229 5calleo
389 199 462 226 nec
500 183 589 224 loco
629 183 830 237 praesenti
863 188 957 224 sunt
991 188 1083 237 apta
1116 198 1189 225 nec
1222 186 1403 240 tempori.
1462 188 1527 229 Ad
1554 188 1651 229 haee
1679 189 1763 230 Eu-

224 243 416 284 stathius:
459 239 613 287 Probo,
650 238 907 293 Symmacho,
937 239 1187 293 propositum
1216 246 1330 282 tuum
1363 255 1443 296 quo
1474 243 1763 299 philosophiam

223 313 268 339 ea
301 310 420 351 quam
452 295 663 336 maximam
695 299 810 349 putas
844 295 1123 336 observatione
1152 297 1364 347 veneraris,
1396 304 1442 338 ut
1473 305 1628 341 tantum
1662 300 1764 341 intra

223 367 340 394 suum
373 351 552 406 penetral
583 350 769 391 aestimes
800 351 1067 392 adorandam:
1116 352 1183 393 sed
1215 351 1247 392 si
1274 357 1438 406 propter
1466 354 1542 396 hoc
1571 370 1594 396 a
1628 357 1762 398 convi-

222 409 295 450 viis
323 407 519 456 exulabit,
566 407 704 461 procul
733 406 824 447 hinc
853 406 1051 448 facessant
1081 413 1120 448 et
1146 408 1329 448 alumnae
1361 408 1463 457 eius,
1511 409 1762 453 honestatem

220 465 310 506 dico
343 470 383 505 et
418 463 674 511 modestiam,
721 476 793 503 nec
831 463 962 503 minus
1001 477 1091 504 eum
1124 464 1339 505 sobrietate
1369 464 1568 518 pietatem.
1629 468 1762 517 Quam

220 521 326 563 euim
354 520 495 561 harum
525 518 690 560 dixerim
720 518 851 560 minus
882 532 966 559 esse
997 519 1293 560 venerabilem?
1341 521 1400 560 lta
1431 520 1475 561 fit
1505 526 1550 562 ut
1581 522 1630 562 ab
1659 522 1762 563 eius-

221 577 329 618 modi
373 575 554 617 coetibus
594 575 792 628 relegatus
841 581 1113 616 matronarum
1157 576 1295 616 talium
1344 575 1490 617 chorus
1538 576 1762 619 libertatem

220 632 496 675 conviviorum
524 631 618 672 solis
652 630 902 680 concubinis,
948 630 987 671 id
1019 636 1079 672 est
1106 631 1210 672 vitiis
1239 637 1278 673 et
1308 632 1561 681 criminibus,
1592 633 1762 675 addicat.

181 689 301 730 68011
331 687 434 729 absit
463 692 509 727 ut
534 686 809 740 philosophia,
849 700 952 740 quae
980 686 1020 727 in
1056 687 1201 728 scholis
1232 688 1314 728 suis
1346 688 1514 729 sollicite
1541 694 1685 730 tractat
1713 690 1762 731 de

219 744 362 786 officiis
393 742 684 791 convivalibus,
716 742 801 795 ipsa
828 742 1007 783 convivia
1037 743 1286 784 reformidet:
1316 748 1520 798 tamquam
1554 759 1634 785 non
1670 759 1760 799 pos-

219 801 271 841 sit
301 801 421 841 rebus
453 798 635 839 adserere
674 811 777 851 quae
807 797 909 838 solet
944 797 1074 839 verbis
1109 799 1270 847 docere,
1315 804 1385 839 aut
1422 800 1573 841 nesciat
1603 815 1761 842 servare

151 856 408 913 120211110dum
440 854 555 895 cuius
586 853 625 893 in
665 853 851 893 omnibus
888 853 1085 893 humanae
1114 854 1218 894 vitae
1255 854 1408 895 actibus
1445 856 1637 896 terminos
1676 857 1761 911 ipsa

219 910 440 954 constituit.
500 910 643 963 Neque
679 908 784 949 enim
822 908 876 948 ita
915 908 964 948 ad
1000 923 1155 949 mensas
1198 909 1319 950 invito
1359 910 1671 964 philosophiam,
1714 917 1761 953 ut

218 983 299 1009 non
336 980 378 1007 se
417 965 503 1020 ipsa
543 964 793 1013 moderetur,
830 964 945 1004 cuius
973 964 1179 1019 disciplina
1207 970 1267 1006 est
1296 979 1428 1006 rerum
1460 967 1639 1008 omnium
1674 981 1758 1008 mo-

181 1022 470 1067 7deratione1u
508 1020 664 1063 docere.
725 1021 779 1063 Ut
814 1033 908 1075 orgo
943 1019 1047 1062 inter
1078 1026 1119 1062 te
1154 1026 1194 1062 et
1223 1021 1401 1063 Vettium
1439 1022 1547 1064 velut
1582 1023 1758 1065 arbitrali

305 1125 410 1167 [Mss.
437 1123 618 1156 APSHla.

216 1182 307 1221 (0111.
331 1183 398 1217 cst)
423 1180 455 1210 b.
489 1197 534 1202 —
574 1178 682 1210 caleo
712 1177 749 1210 S.
887 1181 918 1210 5.
962 1179 1172 1212 Eustachius
1199 1179 1330 1218 (etiarn
1358 1178 1472 1217 infra)
1498 1178 1566 1212 vic.
1605 1198 1649 1204 —
1692 1191 1759 1221 quo

214 1226 273 1258 ΛΡ
296 1226 344 1263 „3
363 1224 509 1265 Angl.“.
558 1223 655 1265 quod
679 1222 768 1254 Edd.
793 1222 914 1255 Sssl2.
936 1241 977 1247 —
1003 1235 1085 1256 eam
1108 1224 1170 1255 Po.
1196 1242 1237 1247 --
1262 1235 1366 1266 quam
1390 1224 1543 1256 maxime
1564 1230 1670 1267 putas
1690 1224 1756 1255 [12.

215 1268 371 1310 „Malim
398 1279 472 1310 qna
496 1268 648 1299 maxima
671 1268 820 1309 potesf‘
845 1268 983 1299 Meurs.
1021 1286 1062 1291 —
1100 1268 1141 1299 in
1168 1273 1304 1301 tantum
1331 1268 1392 1299 1’6.
1430 1286 1470 1290 —
1496 1269 1664 1310 pcnitral
1688 1267 1756 1298 ΗΙ.

219 1333 253 1337 -
282 1313 473 1345 existimes
496 1311 629 1354 Sv—gb.
654 1328 698 1335 —-
723 1312 900 1344 exulabat
925 1315 1022 1353 (sup.
1047 1313 1078 1351 i)
1105 1312 1143 1343 A.
1172 1329 1210 1335 --
1232 1313 1352 1355 procul
1375 1312 1453 1343 hinc
1474 1312 1558 1354 etc.]
1581 1312 1636 1344 Cf.
1660 1311 1757 1344 Plut.

215 1358 344 1399 Symp.
371 1357 400 1395 1,
427 1359 457 1394 l,
480 1358 512 1387 2.
533 1374 578 1380 —
601 1361 632 1388 et
658 1366 680 1386 a
705 1356 848 1387 limine
873 1356 943 1387 112.
969 1374 1010 1379 —-
1036 1356 1243 1389 dirimunt
1275 1367 1366 1388 csse
1390 1357 1502 1388 minus
1527 1367 1597 1388 esse
1621 1357 1688 1388 H2.
1714 1374 1754 1379 —

215 1402 368 1434 abdicat
393 1400 468 1433 Svi.
605 1402 637 1431 6.
671 1400 934 1431 convivialibas
958 1400 983 1431 A
1009 1410 1028 1432 a
1051 1411 1122 1431 sec.
1146 1411 1212 1439 111.;
1237 1400 1307 1432 via.
1329 1418 1366 1423 -
1393 1405 1566 1442 tamquam
1592 1400 1676 1443 οἱα]
1699 1399 1755 1432 Cf.

215 1446 311 1478 Plut.
334 1446 357 1478 1.
376 1456 408 1477 0.
434 1454 512 1487 cap.
538 1445 569 1475 2.
593 1447 685 1475 extr.
708 1461 748 1467 —
772 1455 840 1476 non
865 1445 941 1487 ipsa
967 1446 1055 1485 (om.
1083 1447 1134 1485 se)
1159 1444 1198 1476 P,
1224 1462 1266 1468 —
1292 1444 1478 1487 disciplina
1503 1448 1591 1483 (0111.
1616 1449 1684 1483 cst)
1711 1445 1756 1476 ΙΙ.

1017 1544 1167 1586 populus
1199 1544 1260 1576 scit
1295 1555 1360 1587 ego
1391 1544 1543 1576 neseio-‘⁶
1570 1543 1683 1576 Powr.
1712 1561 1755 1567 —-

215 1556 410 1579 numeros
428 1544 593 1587 primus
618 1543 903 1577 adiunxerit..
919 1567 927 1576 .
944 1569 951 1576 .

1019 1588 1216 1629 Epicurum
1251 1588 1320 1619 hoc
1358 1588 1496 1619 dixisse
1530 1588 1583 1620 ait
1618 1587 1756 1620 Seneca

218 1591 317 1632 Quod
340 1591 382 1622 ab
412 1590 465 1622 his
491 1600 568 1620 vere
592 1589 744 1630 quadam
771 1600 810 1620 cs
836 1595 950 1631 parte,

213 1647 281 1667 non
306 1639 425 1673 totum,
445 1633 583 1667 dicitur.
614 1633 702 1664 Nam
722 1633 888 1665 neminem
915 1633 950 1665 in

213 1691 251 1711 οο
273 1689 401 1722 genere
424 1678 585 1709 scientius
605 1682 779 1709 versatum
803 1677 952 1709 Isocrate

213 1722 441 1765 confitendum
473 1726 541 1760 est,
577 1721 636 1753 secl
667 1721 827 1764 princeps
853 1721 950 1753 inve-

213 1768 332 1800 niendi
370 1767 447 1807 fuit
499 1765 797 1807 Thrasymachus,
854 1766 951 1798 cuins

213 1812 329 1844 omnia
362 1811 464 1843 nimis
501 1811 606 1842 etiam
647 1814 784 1842 exstant
820 1811 951 1852 scripta

213 1867 400 1888 numerose.
444 1854 543 1886 Idem
568 1854 611 1885 de
634 1865 686 1885 or.
709 1854 774 1893 ln,
796 1855 850 1893 44,
875 1857 950 1886 173.

217 1901 324 1942 quue
371 1899 531 1941 princeps
582 1899 801 1930 Isocrates
848 1899 949 1931 insti-

214 1946 320 1977 tuisse
338 1946 475 1984 fertur,
511 1948 548 1975 ut
574 1943 848 1974 inconditam
875 1955 949 1975 an-

213 1989 428 2030 tiquorum
461 1987 641 2019 dicendi
666 1988 949 2020 consuetudi-

213 2044 305 2066 nem
333 2056 364 2064 ..
390 2032 580 2064 numeris
606 2031 928 2075 adstringeret.

257 2077 346 2108 hanc
381 2077 519 2107 veniam
550 2075 753 2117 deprecatus
789 2076 850 2118 est]
889 2075 952 2107 Sic

214 2120 348 2163 scripsi
373 2119 522 2151 iubente
548 2118 734 2151 Gronovio
765 2119 835 2151 hoc
869 2131 951 2151 sen-

213 2178 274 2199 su:
296 2170 493 2207 „precatus
516 2167 583 2202 est,
617 2167 656 2194 ut
680 2174 758 2195 eam
789 2163 859 2195 sibi
888 2164 951 2195 (la-

214 2214 294 2245 10111
328 2209 491 2247 veniam,
531 2212 570 2240 ut
598 2207 693 2239 nihil
729 2208 763 2239 in
791 2207 950 2239 medium

214 2255 430 2296 proferret“
481 2252 572 2284 Nam
606 2251 656 2289 si,
700 2252 794 2292 (111011
833 2251 953 2283 maior

213 2297 359 2340 quidem
398 2296 564 2328 codicum
600 2306 772 2327 numerus
809 2296 950 2335 suadet,

212 2342 372 2385 legimus
397 2342 463 2373 11αο
486 2341 598 2380 venia,
626 2339 792 2381 precanti
819 2339 951 2371 tribui-

214 2391 271 2419 tur
312 2385 435 2425 venia,
483 2395 590 2426 quam
637 2388 757 2417 tamen
803 2384 865 2415 dat
917 2384 948 2415 is

213 2442 319 2473 quem
345 2429 426 2471 quis
456 2433 645 2470 precatur:
680 2428 776 2469 quod
812 2427 949 2460 incom-

213 2475 357 2506 modum
384 2473 503 2506 maius
523 2472 686 2514 profecto
706 2475 762 2504 est
784 2482 890 2512 quam
917 2471 949 2503 si

213 2519 363 2550 verbum
391 2517 599 2560 deprecandi
631 2517 740 2558 paulo
772 2515 949 2548 liberiore

212 2563 319 2594 1110110
345 2565 401 2593 est
426 2564 654 2603 usurpatum.

260 2607 359 2646 Quae
399 2616 563 2648 praesens
606 2627 637 2636 ..
683 2615 745 2636 nec
787 2603 946 2646 tempori]

211 2650 422 2689 „Graecum
449 2649 522 2690 [ap.
545 2648 735 2680 Plutarch.
758 2648 782 2680 1.
807 2648 853 2690 0.]
879 2659 948 2679 11011

213 2694 334 2725 minus
370 2692 552 2734 lepidum:
598 2689 657 2724 Ἐν
696 2688 751 2729 οἷς
782 2689 846 2733 μὲν
881 2688 948 2744 {pai

213 2734 340 2777 δεινὸς,
364 2733 431 2778 οὐχ
450 2732 469 2768 ὁ
491 2736 557 2768 νῦν
581 2732 721 2777 καιρὸς·
742 2733 779 2767 ἐν
804 2732 857 2772 οἷς
882 2734 903 2766 ὃ
930 2731 949 2766 ὁ

211 2780 278 2813 νῦν
305 2779 449 2823 καιρὸς,
484 2776 549 2812 οὐκ
575 2776 641 2822 ἐγὼ
669 2776 795 2818 δεινός.
837 2778 950 2810 Sene-

213 2833 278 2854 cae
313 2824 407 2856 illud
439 2823 706 2865 quodammodo
739 2822 947 2865 geminum:

218 2867 316 2907 Quod
340 2878 407 2911 ego
431 2868 500 2901 scio
526 2868 633 2901 nescit
656 2867 828 2911 populus:
858 2866 950 2909 quod

1020 1643 1076 1674 011.
1101 1635 1156 1671 29,
1178 1636 1228 1664 9.:
1272 1631 1332 1663 ubi
1361 1633 1468 1674 plura
1493 1630 1675 1664 eiusmodi
1700 1636 1756 1664 at-

1019 1676 1104 1709 tulit
1123 1676 1367 1719 Ruhkoplius.

1063 1724 1094 1753 5.
1140 1722 1233 1753 intra
1259 1733 1356 1753 sunm
1378 1721 1550 1763 penetral]
1578 1720 1755 1763 Cs.Sym-

1020 1765 1139 1798 mach.
1175 1776 1229 1806 cp.
1257 1765 1312 1804 11,
1337 1767 1391 1796 34.
1427 1767 1592 1797 Sarte-tum
1628 1776 1753 1807 pene-

1019 1811 1106 1842 tral
1139 1810 1249 1841 animi
1283 1810 1335 1842 tui
1365 1810 1530 1841 nesciunt.
1579 1808 1755 1850 Superio-

1020 1865 1097 1886 rum
1122 1859 1283 1886 aetatum
1306 1853 1506 1895 scriptores
1531 1853 1666 1895 plurali
1689 1865 1755 1886 nu-

1019 1910 1119 1930 mero
1146 1898 1316 1930 dixerunt
1336 1899 1544 1940 penetralia.

1060 1943 1180 1985 procul
1209 1943 1287 1974 hinc
1311 1946 1494 1984 facessant
1529 1947 1560 1974 el
1590 1943 1755 1974 alumnae

1018 1988 1104 2030 eins]
1131 1987 1354 2018 Plutarchus
1378 1987 1504 2029 Symp.
1530 1986 1564 2025 l,
1593 1989 1628 2026 l,
1651 1989 1692 2025 2,
1720 1998 1752 2028 p.

1018 2034 1094 2063 613.
1115 2031 1174 2062 B.:
1217 2027 1312 2062 Ἀλλά
1350 2031 1436 2062 πᾶσι
1470 2031 1639 2069 παρεῖναι
1670 2029 1754 2072 (τὴν

1021 2074 1240 2117 φιλοσοφίαν
1267 2072 1378 2112 finds)
1409 2071 1456 2105 τὸ
1487 2072 1652 2115 μέτρον
1678 2073 1753 2105 καὶ

1019 2116 1095 2150 τὸν
1145 2115 1303 2159 καιρὸν
1347 2114 1676 2159 ἐπιφέρουσαν·
1729 2112 1752 2160 ἢ

1017 2160 1107 2204 μηδὲ
1138 2158 1434 2204 σωφροσύνην
1466 2158 1556 2203 μηδὲ
1591 2161 1752 2193 δικαιο-

1020 2205 1159 2248 σύνην
1194 2204 1357 2246 οἰώμεθα
1390 2205 1464 2237 δεῖν
1498 2205 1547 2243 εἰς
1577 2201 1663 2242 τοὺς
1689 2203 1753 2237 πό-

1019 2262 1104 2288 τους
1139 2247 1308 2291 δέχεσθαι
1342 2245 1680 2292 κατειρωνευόμενοι
1709 2247 1750 2281 τὸ

1019 2292 1147 2335 σεμνὸν
1173 2290 1306 2325 αὐτῶν.

1062 2341 1095 2369 6.
1145 2339 1179 2369 ιη
1205 2338 1327 2369 scholis
1356 2338 1427 2369 suis
1451 2338 1597 2370 sollicite
1625 2343 1753 2372 tractat

1017 2382 1059 2414 de
1083 2382 1207 2423 officiis
1230 2382 1480 2423 convivalibus]
1506 2382 1694 2414 Plutarch.
1720 2394 1753 2424 p.

1017 2429 1094 2458 613.
1127 2426 1167 2457 C.
1212 2425 1285 2458 Καὶ
1322 2426 1438 2467 ζητεῖν
1474 2423 1538 2466 μὲν
1579 2422 1622 2457 ἐν
1657 2429 1754 2463 ταῖς

1018 2469 1286 2512 διατριβαῖς
1334 2468 1414 2512 περὶ
1465 2469 1753 2510 συμποτικῶν

1016 2511 1331 2555 καθηκόντων.

1060 2564 1238 2600 tamquam
1255 2569 1323 2589 non
1341 2557 1450 2599 possit
1472 2556 1571 2587 rebus
1592 2556 1752 2587 adserere

1017 2602 1099 2643 cet-J
1147 2602 1249 2633 Idem
1284 2601 1391 2632 ibid.:
1441 2595 1490 2636 αἶς
1537 2597 1647 2640 ἔργῳ
1688 2598 1749 2641 βε-

1017 2645 1177 2689 βαιοῦν
1211 2640 1235 2679 ὁὶ
1270 2641 1428 2677 διδάσκει
1450 2639 1542 2686 λόγῳ
1564 2639 1614 2684 μὴ
1640 2642 1748 2674 δυνα-

1015 2687 1136 2732 μένην.

1060 2737 1092 2764 7.
1146 2733 1189 2764 Ut
1218 2754 1248 2762 ..
1285 2731 1379 2762 velut
1413 2729 1573 2762 arbitrali
1609 2730 1748 2762 iudica-

1016 2777 1108 2810 tione
1129 2774 1328 2816 conponam]
1364 2784 1456 2805 novo
1481 2773 1587 2805 modo
1613 2773 1750 2806 «licitur

1017 2829 1101 2861 pro:
1124 2823 1163 2850 ut
1188 2818 1280 2849 velut
1303 2818 1431 2850 arbiter
1455 2817 1530 2849 sim.
1577 2817 1748 2850 Passive:

1007 2862 1093 2905 fieri
1133 2872 1199 2894 non
1237 2861 1370 2903 potuit,
1413 2866 1451 2894 ut
1493 2866 1749 2904 componeretur
