1844 3168
353 63 828 107 SATURNALIORUM
868 63 967 104 Lm.
1003 65 1032 104 I.
1087 65 1206 105 (JAP.
1249 65 1275 104 Ι.
1316 66 1366 105 Il.
1582 69 1620 107 ll

203 177 254 216 II.
317 175 482 216 Decius:
532 175 757 230 Temptanli
802 175 915 223 mihi,
964 177 1238 225 postumiane,
1284 177 1414 217 aclilus
1459 183 1549 217 tuos
1589 181 1661 221 etl

90 231 318 273 mollissima
355 232 603 272 consultandi
640 237 819 285 tempora
861 233 1072 272 eonimoclo
1108 234 1253 273 adsunt
1290 233 1407 273 seriae
1439 248 1537 287 quas
1567 235 1623 274 in-

89 288 222 339 dulget
254 303 391 339 magna
419 302 507 343 pars
534 288 678 328 mensis
707 289 802 327 lano
827 289 954 328 divali.
992 290 1143 330 (leteris
1173 290 1275 329 enim
1311 291 1432 330 lbrme
1462 290 1692 347 divinia-20:⁵1

89 345 156 400 qui
190 345 419 399 perorandis
451 345 579 384 causis
615 345 801 398 oportuni
837 351 947 393 sunl,
979 345 1073 385 liora
1108 346 1270 385 omnino
1305 347 1492 400 repperiri
1523 348 1626 387 nulla

89 407 237 455 polest,
283 401 380 456 quin
416 407 575 441 luorum
614 401 800 441 clientum
844 402 1001 455 negotia
1042 402 1098 442 rel
1142 401 1328 440 delendas
1368 403 1404 441 in
1446 403 1530 441 l'oro
1570 405 1625 444 vel

89 457 196 497 domi
233 457 371 498 diseas.
431 458 544 498 Nune
578 462 728 504 autem,
773 457 852 497 seio
891 464 928 497 te
968 457 1070 497 enim
1108 472 1186 497 non
1222 458 1314 497 ludo
1346 459 1411 497 sod
1443 460 1543 498 serio
1574 460 1626 498 l'e-

90 513 205 563 riari,
247 514 278 554 si
311 519 371 553 est
400 513 655 554 commodum
685 513 925 567 respondere
958 513 993 553 id
1027 514 1135 567 quod
1166 520 1348 567 rogatum
1379 515 1509 562 renio,
1557 516 1626 556 libi

89 569 180 623 ipsi,
221 575 413 623 (plantum
443 570 636 617 arbitror,
681 584 760 609 non
793 569 1071 619 iniocundum,
1115 570 1207 610 mihi
1237 584 1328 609 vero
1358 571 1623 619 gratissimum

89 624 238 666 seceris.
298 625 476 679 Requiro
509 632 640 666 autem
672 626 741 665 abs
773 631 811 665 te
844 625 880 665 id
914 626 1106 679 primum,
1142 626 1416 667 interfuerisne
1447 628 1665 669 convivio-2

88 695 158 736 per
184 682 463 736 eonpluseulos
499 682 582 722 (lies
615 682 803 722 continua
842 682 1028 723 comitato
1063 689 1264 732 renovato,
1298 683 1414 737 eique
1450 685 1621 724 sermoni

88 751 206 791 quem
238 738 465 791 praedicare
493 739 532 779 in
564 737 699 792 primis
728 751 930 792 quemque
966 739 1069 793 apud
1102 753 1239 779 omnes
1275 740 1454 780 maximis
1485 755 1626 781 ornare

87 793 271 835 laudibus
303 794 472 835 diceris?
511 808 629 849 quem
664 794 824 848 quidem
858 808 929 845 ego
962 809 1008 835 ex
1036 801 1146 849 patre
1176 796 1393 845 audissem,
1432 796 1505 837 nisi
1538 803 1628 851 post

88 850 151 890 illa
178 850 355 891 convivia
385 852 513 892 Roma
545 850 746 905 profectus
775 851 938 905 Neapoli
974 858 1213 893 moraretur:
1254 852 1339 893 aliis
1371 867 1465 894 vero
1499 867 1626 908 nuper

88 906 247 947 interlui
288 907 590 949 ammirantibus
631 907 845 948 memoriae
883 914 974 948 tuae
1010 908 1128 958 vires,
1176 909 1357 950 universa
1396 923 1499 963 quae
1534 916 1627 950 tune

89 962 192 1004 dieta
234 969 328 1004 sunt
372 978 440 1019 per
487 964 667 1005 ordinem
715 977 832 1018 saepe
879 964 1094 1005 referentis.
1176 965 1480 1007 l'ostumianus:
1539 966 1662 1008 11003

1133 1099 1222 1131 Edd.
1257 1099 1536 1143 vieahgspdzlm]

177 1152 222 1185 II.
277 1153 361 1196 Cap.
391 1154 439 1186 ΙΙ.
494 1154 544 1185 De
569 1154 624 1185 dic
650 1153 702 1184 vel
729 1154 825 1185 vario
852 1154 951 1186 modo
977 1154 1220 1198 distinguendi
1245 1155 1332 1187 diem
1357 1168 1397 1188 ac
1422 1162 1552 1189 noctem
1578 1156 1626 1189 vi.

93 1197 207 1240 Caput
235 1197 281 1229 ll.
325 1199 422 1239 Quae
446 1199 638 1230 convivalis
662 1198 764 1230 huius
797 1199 960 1231 sermonis
987 1200 1087 1243 origo
1117 1205 1147 1232 et
1173 1201 1249 1242 quis
1274 1201 1357 1233 ordo
1375 1202 1489 1242 fuerit
1523 1202 1625 1233 ch-b.

225 1243 251 1273 1.
292 1242 415 1275 Decius
437 1254 506 1275 orn.
533 1246 592 1284 (nt
615 1242 841 1284 loquentium
865 1243 1011 1275 nomina.
1036 1244 1256 1276 omiuuntur
1282 1245 1392 1278 etiarn
1418 1246 1451 1278 in
1472 1258 1626 1288 sequen-

86 1285 204 1326 tibus)
231 1286 307 1325 via3
350 1287 433 1320 add.
463 1288 498 1319 in
527 1298 641 1330 marg.
670 1288 800 1327 AGch3
838 1288 918 1319 add.
952 1289 980 1319 D
1007 1300 1085 1330 sup.
1113 1289 1175 1320 lin.
1202 1289 1242 1321 B.
1283 1309 1326 1314 —-
1370 1293 1557 1333 quomodo
1584 1291 1626 1323 B.

86 1342 153 1373 quo
178 1335 274 1373 (sup.
300 1332 383 1363 add.
407 1333 525 1370 modo)
553 1332 594 1364 G.
643 1343 727 1364 eum
755 1333 833 1370 (vel
857 1336 980 1375 quum)
1008 1334 1108 1366 modo
1130 1345 1197 1375 ug
1223 1335 1267 1376 (g
1292 1334 1326 1367 in
1354 1346 1426 1377 mg.
1454 1335 1624 1378 „Legen-

85 1377 170 1407 dnm
197 1381 295 1407 certe
315 1381 370 1409 est
391 1378 575 1410 commodo.
596 1376 629 1408 id
658 1382 713 1409 est
738 1380 987 1420 opportuue‘O.
1016 1396 1054 1401 —
1083 1379 1158 1420 quis
1178 1379 1213 1410 S.
1239 1397 1280 1403 -
1306 1382 1420 1412 causis
1444 1382 1628 1423 opportuni

84 1422 292 1463 perorandis
314 1433 392 1464 wf-g.
418 1440 457 1445 —-
479 1422 580 1453 nulla
600 1423 744 1465 reperiri
765 1423 806 1453 G.
834 1441 874 1445 -
901 1423 1062 1455 clientum
1084 1424 1276 1456 ABGMQ3.
1324 1426 1510 1458 clientium
1538 1426 1626 1458 Edd.

87 1464 217 1497 PSMt.
244 1485 288 1490 —-—
312 1467 502 1511 negotium
525 1466 568 1498 G.
598 1485 631 1490 —
660 1468 695 1499 in
710 1469 793 1508 soro
814 1478 885 1498 om.
914 1467 952 1499 A.
981 1485 1020 1490 —
1049 1469 1186 1501 scitote
1211 1470 1299 1501 enim
1322 1473 1376 1501 vl.
1404 1488 1437 1493 —-
1468 1471 1627 1502 iniucun-

85 1510 166 1542 dum
187 1510 330 1542 AGSM.
379 1512 574 1543 iocundum
597 1510 637 1542 B.
687 1513 933 1544 iniucundum
954 1512 1043 1545 Edd.
1062 1513 1102 1544 P.
1241 1516 1272 1545 2.
1306 1526 1367 1556 per
1386 1515 1561 1557 plusculos
1581 1515 1627 1547 vi.

84 1571 127 1578 -—
161 1560 278 1598 alque
302 1557 448 1588 sermoni
472 1558 527 1587 v3.
560 1573 603 1579 —-
643 1556 745 1596 Quae
769 1557 905 1599 quidem
930 1556 965 1589 S.
996 1575 1037 1580 —
1076 1568 1115 1589 es
1138 1563 1253 1600 parte
1275 1559 1403 1596 (etiam
1431 1559 1546 1598 infra)
1572 1564 1626 1592 ΨΒ.

85 1616 128 1623 -
163 1601 324 1633 convivia
350 1601 516 1633 Romana
540 1600 722 1633 ABGPM.
758 1619 799 1624 —-
835 1612 944 1645 nuper
965 1603 1023 1642 sui
1051 1605 1151 1645 (sup.
1177 1604 1258 1635 add.
1284 1604 1389 1642 iuter)
1414 1604 1457 1636 G.
1594 1607 1625 1637 3.

128 1724 177 1756 II.
226 1726 251 1755 I.
318 1725 514 1767 Temptanli
653 1725 818 1768 tempora]

85 1769 162 1807 „Ad
201 1769 407 1800 nmln'atnm
448 1770 491 1800 de
528 1770 679 1802 Marone
719 1770 819 1812 [Aen.

86 1814 144 1854 IV,
164 1816 229 1845 293
246 1825 298 1855 sq.
331 1814 650 1857 'I'emplaturum
673 1816 820 1847 aditus

86 1864 117 1891 ct
156 1870 244 1900 quae
280 1859 541 1890 mollissima
571 1860 677 1898 fandi
709 1861 820 1892 Τοπι-

83 1903 213 1946 pora}
282 1902 466 1935 Martialis
505 1914 648 1946 quoqne
693 1903 749 1946 [V.
786 1907 819 1944 6,

83 1947 236 1991 9sqq.]:
288 1948 387 1980 Nosti
427 1953 616 1991 tempora
655 1953 691 1980 lu
731 1950 821 1981 Iovis

84 1993 213 2035 sereni,
256 1993 339 2025 Cum
364 1993 487 2035 fulget
519 1994 659 2035 placido
693 2005 820 2036 suoque

84 2038 194 2077 vultu,
226 2037 299 2078 Quo
324 2038 385 2069 nil
412 2039 688 2081 supplicibus
713 2040 820 2072 solet

886 1726 1048 1766 ridetur,
1083 1738 1127 1759 ne
1153 1738 1263 1769 parvo
1291 1728 1487 1761 intervallo
1514 1730 1627 1763 itera-

889 1777 990 1803 retur
1016 1783 1083 1803 vox
1111 1784 1230 1805 causa.
1279 1774 1355 1806 vid.
1385 1775 1554 1819 prolegg.
1590 1788 1625 1819 p.

891 1826 988 1847 xmv.

934 1861 988 1892 vel
1012 1861 1106 1892 domi
1129 1860 1256 1903 discas]
1296 1862 1390 1903 Quid
1423 1862 1470 1895 sit
1497 1864 1626 1897 discere

890 1905 1068 1946 (causam)
1095 1906 1200 1937 «locet
1221 1907 1376 1947 Quintil.
1402 1907 1482 1949 xli,
1506 1912 1546 1940 8:
1589 1910 1624 1942 in

890 1949 1019 1991 primis
1046 1951 1140 1982 conf.
1167 1953 1187 1991 §
1213 1953 1245 1983 2.
1273 1952 1388 1994 pridie
1418 1954 1470 1984 ad
1495 1965 1535 1986 se
1563 1966 1625 1987 ve-

887 1994 982 2026 nire
1016 1995 1230 2038 liligalorem
1265 2002 1326 2029 aut
1359 1998 1474 2029 eodem
1509 2004 1625 2031 matu—

888 2039 958 2071 tino
1000 2040 1126 2072 iubent.
1185 2040 1240 2072 Cf.
1271 2041 1381 2074 etiam
1418 2053 1446 2075 c.
1480 2046 1512 2074 6.
1545 2044 1559 2084 §
1591 2046 1624 2076 2.

84 2085 295 2124 negare.“
320 2081 433 2114 Pox'r.

128 2125 314 2168 commodo]
353 2125 405 2158 Cf.
436 2126 582 2160 Charis.
616 2128 669 2167 11,
697 2130 759 2169 37,
786 2139 819 2170 p.

85 2174 161 2203 177.
180 2171 218 2203 P.
249 2171 436 2211 Cotidie,
452 2177 488 2203 ut
505 2173 615 2213 salso,
633 2184 696 2215 pro
721 2174 820 2205 coti-

84 2216 152 2248 die
176 2238 186 2247 .
205 2238 213 2246 .
232 2237 240 2246 .
271 2216 440 2248 Similiter
465 2221 495 2248 et
529 2218 736 2250 commodo
766 2218 820 2249 ‹li-

82 2265 223 2297 xerunt,
271 2265 308 2292 ut
346 2261 492 2293 Plautus
532 2262 566 2294 in
609 2263 817 2295 Friuolaria.

89 2305 312 2337 Commode
332 2306 480 2337 Titinius
501 2306 534 2338 in
556 2308 771 2350 Iurisperila.
788 2332 793 2339 .
812 2331 820 2339 .

86 2349 127 2381 Id
151 2353 200 2381 est
225 2350 267 2380 in
294 2354 495 2391 tempore.

122 2394 240 2434 feriae
264 2404 350 2434 quas
374 2395 535 2437 indulget
553 2394 635 2435 cet.]
662 2394 689 2425 E
714 2394 819 2426 feriis

83 2447 177 2478 quae
208 2445 540 2470 commemorantur
571 2438 668 2470 infra
699 2450 729 2470 c.
767 2442 818 2479 16,

83 2483 104 2522 §
127 2484 159 2513 6.
194 2482 377 2524 pertinent
407 2483 449 2515 ad
476 2483 686 2515 Ianuarium
717 2494 819 2515 men-

83 2537 158 2559 sem
178 2527 359 2569 Agonalia
383 2532 419 2559 et
437 2527 698 2559 Carmentalia.
729 2528 818 2560 Cum

83 2571 154 2604 hac
181 2572 283 2604 verbi
310 2573 519 2616 indulgendi
547 2573 820 2604 constructione

83 2626 272 2657 compares
305 2628 333 2648 c.
365 2620 396 2649 6.
425 2619 445 2658 S
475 2620 506 2650 2.
544 2622 582 2650 ut
618 2628 659 2650 se
695 2618 820 2650 nobis

82 2661 385 2705 indulgerent,
437 2666 472 2694 et
509 2662 818 2694 constructionem

83 2705 269 2748 passivam
292 2707 327 2738 in
346 2706 487 2750 Digest.
507 2707 667 2745 XLVIII„
692 2710 743 2745 16,
768 2710 819 2739 17.

83 2751 234 2783 Abolitio
256 2762 389 2784 reorum
413 2763 501 2795 quae
519 2753 655 2795 publice
679 2753 819 2784 indul-

82 2800 227 2839 getur.

128 2839 247 2872 diebus
273 2840 331 2881 qui
351 2841 559 2883 perorandis
580 2841 693 2873 causis
719 2852 820 2884 opor-

83 2884 159 2917 tum·
188 2883 280 2926 sunt]
312 2883 336 2917 ἰ.
369 2896 399 2916 e.
433 2885 562 2917 diebus
593 2885 714 2918 fastis.
761 2886 817 2918 Cf.

89 2939 120 2959 c.
144 2931 196 2960 16.
221 2930 240 2968 ς
264 2931 313 2961 14.

130 2973 287 3016 negotia]
332 2973 434 3006 Haec
472 2985 539 3006 vox
576 2974 698 3017 posita
738 2986 820 3008 esse

889 2084 1245 2117 instruendorum
1285 2098 1369 2119 cura
1406 2088 1626 2128 defensio-

888 2139 997 2161 num.

932 2174 1135 2216 respondere
1158 2174 1194 2205 id
1212 2174 1302 2216 quod
1324 2180 1487 2218 rogatum
1511 2178 1625 2219 venio]

888 2217 940 2249 Cf.
972 2218 1091 2250 Plaut.
1123 2219 1235 2250 Mei-c.
1265 2218 1297 2259 Ι,
1331 2222 1370 2259 2,
1398 2224 1453 2252 73.
1496 2222 1526 2254 si
1565 2223 1625 2255 libi

887 2263 996 2306 quod
1021 2274 1080 2295 me
1104 2274 1237 2307 rogas
1262 2267 1511 2306 respondeo.

931 2309 963 2338 2.
1012 2308 1177 2340 contiuua
1218 2309 1391 2351 comitale]
1442 2311 1488 2343 cf.
1530 2313 1550 2351 ἓ
1589 2313 1622 2344 4.

886 2351 1132 2396 interrogandi
1167 2359 1197 2386 el
1228 2355 1459 2396 respondendi
1498 2357 1623 2389 comi-

887 2401 987 2429 tate.

931 2451 970 2473 ex
997 2441 1113 2484 patre]
1150 2441 1195 2473 cs.
1235 2443 1254 2481 §
1286 2443 1306 2472 3
1348 2453 1387 2475 ex
1422 2449 1524 2486 patre
1554 2445 1624 2476 Al-

886 2485 1005 2525 bino,
1048 2485 1152 2527 isque
1183 2485 1329 2518 videtur
1363 2499 1443 2520 esse
1475 2489 1624 2521 Caecina

888 2530 1035 2562 Albinus
1058 2531 1151 2572 (vid.
1175 2530 1236 2562 inf.
1265 2533 1285 2570 ἕ
1305 2534 1389 2572 15),
1407 2544 1475 2564 non
1501 2534 1624 2566 Furius

889 2575 1053 2613 Albinus7
1093 2580 1132 2607 ut
1162 2575 1223 2617 qui
1249 2575 1368 2608 minor
1396 2582 1482 2610 natu
1508 2578 1624 2610 fuisse

889 2617 1066 2650 videatur.
1115 2620 1222 2652 Certe
1242 2620 1418 2662 Avienus,
1454 2622 1516 2663 qni
1542 2633 1623 2654 cnm

888 2673 929 2693 eo
953 2669 1262 2696 commemoratur
1284 2667 1304 2705 ἓ
1324 2669 1385 2705 16.,
1409 2667 1623 2699 adolescens

888 2717 968 2739 esse
994 2708 1129 2740 dicitur
1152 2709 1209 2750 vl,
1235 2713 1266 2749 7,
1296 2713 1324 2740 l.
1349 2715 1384 2742 et
1407 2711 1483 2751 vn,
1510 2714 1542 2751 3,
1566 2714 1622 2744 23.

930 2753 1034 2795 vires]
1082 2753 1204 2785 Minus
1247 2756 1434 2787 commode
1481 2756 1623 2798 positus

888 2800 942 2828 est
970 2808 1140 2830 numerus
1172 2799 1347 2839 pluralis,
1384 2800 1445 2842 qui
1470 2801 1516 2834 ad
1543 2812 1624 2834 cor-

888 2852 955 2883 pus
981 2841 1101 2883 potius
1127 2843 1246 2875 soleat
1271 2844 1415 2877 referri.

933 2897 1034 2930 saepe
1059 2888 1254 2930 referentis]
1281 2888 1302 2920 i.
1330 2901 1359 2921 e.
1384 2890 1467 2933 plus
1493 2891 1620 2923 semel.

888 2931 944 2962 Cf.
979 2943 1007 2963 c.
1037 2933 1069 2964 4.
1104 2934 1124 2973 ς
1151 2935 1199 2965 10.
1233 2938 1269 2965 et
1293 2933 1368 2967 Cic.
1396 2946 1428 2977 p.
1455 2936 1563 2967 Areli.
1588 2937 1620 2974 4,

891 2979 942 3009 11.
979 2981 1219 3012 testamentum
1256 2990 1382 3024 saepe
1411 2982 1517 3022 fecit,
1558 2980 1622 3013 ubi
