1845 3126
184 30 237 71 7⁶).
815 26 1089 70 MACROBII

181 140 286 181 neris
315 137 478 180 humani
509 150 612 191 quae
641 137 739 178 Iano
769 144 933 180 auctore
962 139 1202 181 conseritur:
1223 138 1465 202 Quirinum,
1497 141 1610 195 quasi
1641 141 1725 183 hel-

181 197 310 237 lorum
340 198 564 250 potentem,
604 193 653 234 ab
682 193 796 235 hasta
825 209 944 249 quam
977 195 1113 237 Sabini
1148 195 1260 236 curin
1292 202 1452 238 vocant:
1501 198 1723 240 Patultium

182 258 221 293 ct
257 251 495 299 Clusivium,
543 249 638 312 quia
679 250 783 291 bello
825 251 963 292 caulae
1007 251 1092 292 eius
1132 257 1292 307 patent,
1332 266 1429 306 pace
1471 254 1717 295 clauduntur.

118 309 167 349 17
181 308 310 348 Huius
338 312 470 347 autem
513 305 570 346 rei
608 306 706 347 haec
743 320 861 348 causa
901 313 1098 348 narratur.
1164 308 1265 349 Cum
1299 309 1403 349 hello
1435 308 1583 351 Sabino
1616 310 1717 364 quol

180 363 375 417 virginum
406 366 608 416 raptarum
649 363 774 417 gratia
814 364 1071 405 commissum
1112 370 1170 405 est
1208 365 1379 405 Romani
1423 371 1579 419 portam
1624 380 1719 420 quae

183 420 256 460 Sub
286 418 485 460 radicibus
516 418 626 459 collis
661 419 868 461 Viminalis
898 425 998 471 crat,
1028 433 1130 475 quae
1160 426 1297 475 postea
1328 435 1374 462 ex
1405 428 1549 463 eventu
1579 423 1716 464 Ianua-

274 543 378 585 [Mss.
407 541 573 574 ABGPS.

179 598 218 631 Λ.
249 617 290 622 —-
327 598 362 630 id
388 603 434 630 est
457 597 655 641 propagine
688 601 777 636 (om.
803 602 842 636 a)
865 598 949 630 Svl.
980 617 1024 623 ——-
1058 609 1080 630 a
1108 598 1193 629 Iuno
1219 597 1268 630 Av
1296 601 1342 638 „2
1361 599 1506 641 Angl.“.
1540 619 1584 623 —
1615 601 1717 643 quiti-

177 644 290 674 ‘nium
319 643 378 674 ΑΒ
405 646 450 683 „2
474 643 618 684 Angl.“.
662 643 824 675 virinum
853 643 915 675 ΡΤ.
939 662 980 666 —
1010 643 1108 675 curin
1133 643 1315 675 BGMapss
1341 645 1474 681 [M11'2
1499 654 1520 677 a
1545 656 1615 677 sec.
1644 648 1719 684 m.)-

178 688 294 719 curim
314 688 403 719 Edd.
429 688 529 719 [¹³12.
577 688 718 719 curium
746 688 807 719 ΡΞ).
854 689 961 720 corin
990 688 1044 719 Mi
1081 698 1101 719 a
1127 699 1160 730 p.
1194 698 1265 727 [ιι-ς
1287 688 1349 720 Pi.
1400 690 1537 732 quirin
1562 688 1617 721 AS
1646 691 1718 727 [Rl

178 743 199 765 a
223 744 254 774 p.
283 744 348 772 m.;
375 733 428 764 Ml
458 731 493 763 iu
520 733 630 774 ungu).
671 751 715 756 —
751 733 958 775 pacultium
994 733 1033 764 A.
1078 733 1272 775 patuli-ium
1299 733 1402 766 s-bP.
1448 734 1638 767 alulcium
1655 735 1719 767 1²7.

177 796 221 801 -
246 778 436 819 clysivium
461 777 500 808 A.
547 778 729 808 clusinum
758 777 852 808 M23.
904 777 1104 809 clusiuium
1129 777 1198 808 112.
1248 778 1451 810 clausium
1476 778 1547 821 i-g.
1577 797 1613 802 —
1641 790 1720 812 cau-

181 822 236 853 lae
261 822 610 856 ΑΒΡνε-ῑΙΙΙὸΡ-Ζῒ
672 822 783 854 aulae
808 821 954 853 M2P56.
1014 822 1168 854 valvae
1193 821 1328 864 GSi-g.
1373 828 1537 875 portae
1561 823 1594 856 b.
1633 823 1718 862 „Sic

181 867 266 908 lege
293 878 372 898 cum
401 866 456 897 ed.
484 868 568 898 vet.‘
573 866 720 897 ‘Zeun.
857 869 909 897 17.
953 871 1066 898 autem
1089 877 1157 897 oni.
1187 866 1227 898 A.
1266 884 1305 890 —
1344 868 1517 911 virginem
1540 873 1717 911 raptarum

177 892 370 943 cavusaG
404 916 587 954 raptarum
610 912 789 955 virginum
815 911 937 955 gratia
956 910 991 943 S.
1012 928 1052 933 —
1078 911 1321 943 iuminalisA.
1357 913 1606 955 Capitolini
1626 913 1717 946 coni.

177 1020 269 1063 Aug.
291 1020 330 1052 C.
358 1022 398 1053 Ι).
424 1021 501 1061 Vll,
520 1024 551 1054 9.
583 1023 692 1054 Varro
718 1032 918 1054 enumerare

178 1066 261 1097 deos
293 1067 401 1108 coepit
430 1078 451 1098 a
485 1068 701 1109 conceptione
730 1067 917 1106 hominum,

178 1121 321 1152 quorum
345 1122 521 1143 numerum
547 1122 685 1143 emorsus
708 1117 757 1144 est
781 1123 801 1143 a
822 1112 918 1143 Iano.

177 1154 348 1186 Ceterum
373 1156 466 1187 conf.
499 1156 602 1199 Opem
625 1156 822 1188 Cousiviam
851 1156 917 1196 ΙΙΙ,

206 1223 421 1296 Quirinum]
442 1254 494 1286 Cf.
510 1255 615 1287 Laur.
634 1253 723 1298 Lyd.
747 1255 771 1287 1.
796 1267 825 1286 c.
842 1256 920 1287 Kv-

179 1298 316 1339 ρῖνον,
342 1297 451 1331 οἱονεὶ
477 1297 725 1353 πρόμαχον,
751 1304 786 1332 et
812 1300 869 1339 lV,
883 1302 916 1330 2.

208 1342 267 1374 ασὶ
298 1339 335 1374 a}
362 1340 427 1375 τὸν
454 1340 567 1375 αὐτὸν
594 1344 654 1375 καὶ
686 1341 832 1396 ἔφορον
846 1343 917 1375 τῶν

176 1386 233 1418 επὶ
278 1385 432 1428 πόλεμον
481 1384 674 1430 ὁρμώντων
720 1385 917 1430 τυγχάνειν.

175 1431 266 1462 Hor.
291 1431 411 1463 Carni.
440 1433 495 1465 lV.
524 1435 572 1470 15,
599 1436 629 1464 9.
660 1434 781 1465 Ianum
810 1433 914 1474 Qui-

175 1476 263 1507 rini
292 1478 428 1510 clausit.
479 1477 655 1508 manaen.
688 1477 734 1508 ΙΙ.
767 1489 800 1519 p.
836 1479 914 1508 714.

175 1519 346 1552 Creuzer.
376 1523 397 1553 Ι,
425 1533 455 1553 c.
482 1534 514 1564 p.
545 1524 622 1554 598.
673 1521 917 1554 Buttmannus

176 1565 386 1609 Mytholog.
421 1579 451 1608 p.
477 1570 521 1598 90
547 1577 599 1608 sq.
635 1571 760 1598 censet
787 1567 913 1598 lanum

175 1610 372 1651 Quirinum
414 1610 529 1643 fuisse
564 1611 712 1642 heroem
751 1611 914 1643 condito-

175 1665 252 1686 rem
289 1655 412 1697 gentis
445 1655 605 1688 Sabinae
642 1660 679 1687 ut
717 1655 913 1687 Romulum

176 1699 370 1740 Quirinum
405 1701 602 1732 Romanae.
649 1700 864 1742 Pellegriuo
891 1700 914 1731 Ι.

176 1755 206 1774 c.
235 1755 270 1785 p.
293 1746 335 1775 45
358 1756 434 1786 sqq.
461 1756 502 1776 ex
526 1745 612 1786 Pap.
642 1744 735 1776 Stat.
760 1745 852 1777 Silv.
876 1745 914 1783 V,

175 1790 252 1819 129.
285 1794 321 1820 et
353 1801 394 1820 ex
428 1789 670 1831 inscriptione
701 1800 756 1831 ap.
795 1789 912 1821 Orell.

173 1835 275 1864 2244.
293 1833 443 1865 coniicit
459 1835 545 1866 lano
564 1834 719 1875 Quirino
745 1834 915 1866 dedicata

174 1877 291 1909 fuisse
318 1878 510 1910 duodecim
536 1878 686 1911 ancilia.

219 1933 383 1965 bellorum
412 1933 599 1976 potentem]
641 1933 720 1966 Vid.
758 1938 831 1966 not.
869 1933 913 1965 ad

218 2031 322 2064 hasta
347 2043 448 2074 quam
481 2032 605 2063 Sabini
635 2032 741 2064 carim
774 2031 912 2073 vocant]

174 2075 230 2107 Cf.
258 2076 364 2109 Ovid.
380 2076 619 2113 Fast.11,475
636 2087 690 2117 sq.
718 2077 800 2107 Sive
824 2077 915 2118 quod

173 2121 302 2153 hasta
335 2122 447 2152 curis
477 2122 601 2163 priscis
631 2127 678 2152 est
711 2121 804 2153 dicta
835 2122 909 2152 Sa-

170 2165 295 2204 binis,
325 2166 475 2197 Bellicus
500 2176 521 2196 a
545 2166 611 2197 telo
637 2166 729 2197 veuit
755 2166 790 2196 iu
814 2170 910 2197 astra

172 2210 268 2241 deus.
316 2210 449 2241 Festus
475 2221 530 2251 ap.
558 2210 661 2241 Paul.
690 2209 751 2241 lib.
781 2209 850 2247 ΙΙΙ,
876 2221 908 2251 p.

171 2255 224 2285 49.
241 2255 366 2286 Muell.
382 2255 503 2286 Curis
522 2259 570 2286 est
588 2255 719 2286 Sabin
733 2266 749 2285 e
767 2254 909 2293 hasta,

170 2299 264 2330 uncle
296 2299 463 2330 Romulus
491 2299 679 2339 Quirinus,
717 2299 799 2340 quia
834 2310 908 2331 eam

169 2344 315 2383 ferebat,
344 2349 392 2376 est
419 2344 542 2383 dictus,
571 2349 605 2375 et
629 2355 657 2375 s.
679 2354 710 2375 v.
740 2343 910 2375 Coelibari

171 2388 273 2419 hasta
306 2388 354 2419 ib.
383 2400 415 2428 p.
439 2391 493 2419 62.
529 2392 563 2420 et
595 2387 708 2430 Kopp.
740 2388 784 2419 ad
812 2388 911 2420 Mur-

173 2432 260 2464 tian.
285 2432 331 2472 11,
364 2435 437 2464 149.

219 2487 411 2520 Patulcium
438 2493 468 2520 et
491 2487 694 2529 Clusinium]
722 2486 778 2518 Cf.
803 2486 910 2520 Ovid.

167 2531 266 2564 Fast,
296 2532 331 2571 Ι,
360 2534 419 2564 129
444 2543 497 2574 sq.
530 2533 630 2563 modo
654 2543 803 2574 namque
833 2532 908 2563 Pa-

167 2577 336 2609 tulcius
372 2578 482 2615 idem,
532 2577 577 2609 Et
614 2577 713 2609 modo
752 2578 908 2618 sacrifico

173 2622 352 2653 Clusius
377 2632 433 2653 ore
456 2632 568 2653 vocor.
607 2620 709 2653 Serv.
735 2621 778 2652 ad
808 2622 906 2664 Virg.

166 2665 253 2697 Aen.
279 2666 354 2703 Vll,
374 2669 450 2697 610.
478 2666 552 2698 Alii
583 2666 826 2698 Clusivium
851 2667 907 2698 di-

168 2715 259 2748 cunt,
286 2711 349 2742 alii
380 2710 640 2749 Patulcium,
668 2711 758 2753 quod
780 2716 905 2753 pateu-

166 2755 290 2785 darum
320 2761 500 2796 porrorum
533 2755 659 2788 habeat
692 2760 906 2797 potestatem.

165 2796 288 2829 Labeo
311 2809 368 2850 ap.
388 2799 494 2831 Laur.
508 2798 598 2839 Lyd.
623 2800 646 2831 Ι.
671 2811 700 2831 c.
726 2799 906 2832 Κλουσί-

165 2839 266 2893 βιον
308 2838 387 2874 ἀντι
425 2843 490 2898 τοῷ
534 2841 736 2886 ὁδιαῖον,
764 2868 772 2876 .
785 2845 907 2876 .-Πα

165 2881 373 2917 τούλκιον
415 2886 476 2918 καὶ
514 2884 760 2930 Κλουσιον,
796 2886 907 2921 οἱονεὶ

163 2926 347 2971 θυρεόν.
414 2931 535 2964 Etiam
565 2931 734 2974 luppiter
771 2932 908 2966 dicitur

991 1021 1171 1054 Patulcius
1217 1024 1253 1052 et
1294 1021 1383 1054 Iuno
1424 1023 1604 1064 Patulcia,
1645 1022 1719 1055 vid,

986 1065 1148 1098 Forcell.
1175 1077 1204 1098 s.
1226 1066 1264 1097 h.
1291 1077 1321 1097 v.

1032 1111 1169 1153 caulae]
1201 1110 1278 1142 Vid.
1303 1109 1405 1143 Serv.
1434 1110 1458 1142 1.
1491 1120 1522 1142 c.
1554 1110 1598 1144 ad
1629 1110 1720 1152 §lh

986 1155 1186 1187 Praeterea
1223 1155 1315 1188 haec
1346 1165 1415 1186 vox
1447 1155 1555 1188 valde
1589 1155 1722 1188 usitata

987 1204 1044 1231 est
1070 1199 1263 1238 Lucretio,
1296 1200 1342 1232 cf.
1369 1199 1416 1241 ll,
1441 1202 1526 1240 9503
1554 1200 1620 1242 ΙΙΙ,
1645 1203 1720 1241 256,

989 1246 1070 1283 702,
1095 1248 1181 1284 7073
1223 1245 1288 1283 IV,
1315 1245 1401 1283 624,
1428 1246 1515 1284 6643
1556 1245 1621 1286 vl,
1646 1247 1720 1277 8:39.

987 1289 1099 1320 Varro
1128 1288 1164 1320 L.
1191 1288 1229 1321 L.
1255 1289 1293 1329 V,
1317 1292 1370 1320 20.
1396 1293 1432 1320 et
1459 1289 1590 1321 Festus
1615 1301 1649 1332 p.
1668 1291 1720 1322 16.

986 1333 1110 1365 Mucll.
1134 1334 1265 1365 docent
1290 1334 1410 1366 caulas
1440 1333 1558 1366 dictas
1591 1345 1673 1366 esse
1699 1345 1720 1367 a

985 1388 1088 1410 cavo.

1027 1433 1113 1465 pace
1136 1420 1359 1463 clauduntur]
1382 1420 1534 1453 Servius
1558 1421 1603 1453 ad
1621 1421 1719 1465 Virg.

985 1468 1071 1499 Am.
1092 1467 1118 1505 Ι
1140 1470 1216 1499 291.
1243 1468 1357 1498 rcl'ert
1382 1470 1437 1497 ter
1457 1467 1623 1498 clausum
1643 1477 1720 1498 esse

985 1512 1063 1543 lani
1102 1511 1302 1554 templum,
1345 1510 1499 1553 primum
1546 1516 1721 1553 regnante

984 1556 1119 1595 Numa,
1157 1560 1231 1588 tum
1263 1559 1344 1598 post
1379 1556 1517 1587 bellum
1545 1556 1719 1588 Punicum

982 1582 1181 1632 secundum
1205 1600 1338 1641 (Varro
1364 1599 1401 1630 L.
1427 1599 1464 1631 L
1487 1600 1527 1641 V,
1551 1602 1623 1632 164.
1644 1599 1718 1632 ait·

987 1646 1063 1677 'Iito
1101 1645 1235 1676 Manlio
1271 1645 1409 1676 consule
1445 1645 1532 1677 bello
1572 1645 1720 1677 Cartha-

981 1690 1121 1733 ginensi
1156 1690 1293 1732 primo
1332 1690 1522 1731 confecto),
1573 1689 1719 1721 tertium

984 1738 1066 1775 post
1106 1734 1243 1765 bellum
1285 1734 1488 1765 Actiacum.
1552 1733 1608 1767 Cf.
1641 1734 1720 1766 Ael.

983 1778 1169 1820 Lamprid.
1196 1778 1381 1809 Commod.
1409 1789 1438 1809 c.
1466 1780 1517 1810 16.
1556 1779 1621 1811 lul.
1649 1778 1719 1810 Ca-

983 1823 1128 1865 pitoliu.
1154 1823 1265 1854 Gord.
1288 1833 1318 1854 c.
1342 1826 1396 1855 26.
1447 1823 1595 1866 Procop.
1623 1823 1720 1856 Bell.

983 1868 1093 1900 Goth.
1122 1868 1149 1907 l,
1174 1871 1229 1906 25,
1256 1879 1287 1909 p.
1316 1869 1391 1898 122.
1417 1867 1524 1898 Dind.

1033 1915 1084 1943 17.
1143 1913 1226 1944 hacc
1270 1923 1376 1943 causa
1427 1910 1602 1953 narratur]
1662 1909 1718 1942 Cf.

984 1956 1092 1988 Ovid.
1117 1956 1216 1988 Fast.
1244 1956 1271 1994 1,
1297 1958 1363 1987 263
1387 1967 1464 1997 sqq.
1509 1955 1610 1987 Serv.
1637 1955 1660 1988 Ι.
1687 1966 1718 1987 c.

983 2001 1050 2041 (cf.
1079 2001 1122 2032 ad
1152 2001 1239 2040 Vll,
1268 2002 1344 2031 610.
1377 2005 1413 2032 et
1438 2000 1481 2031 ad
1509 2000 1610 2039 Vlll,
1637 2002 1717 2032 361.

982 2049 1018 2076 et
1047 2045 1159 2076 Varro
1186 2044 1226 2075 L.
1255 2044 1294 2076 L.
1322 2044 1367 2084 V,
1397 2047 1472 2076 156.
1505 2056 1532 2076 s.
1558 2055 1590 2075 v.
1620 2044 1718 2076 Lau-

980 2089 1101 2128 totae).
1169 2089 1220 2120 De
1269 2088 1464 2120 Niebuhrii
1509 2088 1720 2121 coniectura

979 2134 1124 2173 (Roem.
1160 2133 1296 2164 Gesch.
1327 2133 1352 2164 l.
1389 2145 1422 2175 p.
1445 2135 1527 2170 324)
1563 2137 1718 2176 egerunt

977 2178 1131 2209 Becker.
1169 2178 1313 2209 Handb.
1351 2178 1383 2217 Ι,
1422 2189 1455 2220 p.
1494 2181 1559 2210 118
1593 2190 1644 2220 sq.
1681 2182 1718 2211 et

978 2223 1134 2255 Merkel.
1160 2234 1193 2264 p.
1221 2233 1348 2254 cxvrn.

1020 2273 1156 2310 portam
1191 2278 1279 2309 quae
1315 2267 1375 2298 sub
1410 2266 1586 2298 radicibus
1620 2266 1718 2298 collis

983 2312 1167 2344 I'iminalis
1186 2311 1273 2354 erat]
1298 2311 1451 2343 Errasse
1476 2310 1621 2342 videtur
1637 2311 1718 2342 Ma-

980 2356 1137 2388 crobius.
1180 2356 1339 2387 Merkel.
1372 2367 1404 2397 p.
1437 2365 1566 2386 xxxxv.
1603 2356 1718 2388 refert

978 2400 1204 2433 Bunsenium
1236 2400 1271 2432 in
1300 2399 1475 2442 descript.
1502 2399 1590 2431 Urb.
1615 2400 1650 2441 Ι,
1680 2411 1715 2442 p.

980 2448 1054 2478 145.
1083 2444 1219 2487 Nibbyi
1246 2449 1409 2477 secutum
1436 2443 1644 2486 opinionem
1670 2445 1716 2476 ab

977 2490 1100 2522 aliena
1119 2500 1226 2522 manu
1249 2489 1412 2532 profecta
1432 2499 1582 2520 censere
1602 2488 1717 2521 verba

978 2545 1067 2577 quae
1090 2559 1121 2567 ..
1148 2539 1233 2566 erat.
1268 2534 1368 2565 Idem
1395 2544 1426 2574 p.
1449 2543 1544 2564 cmx.
1572 2532 1716 2564 Maur-o

975 2579 1075 2611 bium
1102 2578 1154 2611 ait
1176 2578 1294 2610 minus
1317 2581 1486 2609 accurate
1510 2576 1629 2617 loqui,
1660 2577 1716 2609 in-

976 2623 1155 2655 credibile
1186 2622 1282 2654 enim
1312 2632 1393 2654 esse
1427 2624 1533 2652 vetus
1564 2621 1715 2654 Romuli

976 2667 1202 2710 pomoerium
1253 2677 1294 2698 eo
1341 2676 1453 2707 usque
1502 2664 1714 2706 pertigisse.

975 2712 1133 2744 Becker.
1159 2712 1180 2743 Ι.
1203 2722 1231 2742 c.
1257 2722 1290 2752 p.
1309 2713 1374 2741 118
1391 2721 1443 2751 sq.
1470 2713 1504 2742 et
1528 2721 1562 2751 p.
1576 2711 1643 2741 254
1660 2721 1715 2752 sq.

975 2759 1116 2799 portam
1157 2755 1260 2787 illam
1311 2754 1442 2787 statuit
1486 2764 1554 2785 non
1597 2753 1715 2786 fuisse

975 2805 1116 2843 portam
1144 2799 1266 2838 urbis,
1309 2799 1371 2831 sed
1399 2797 1516 2830 fuisse
1541 2798 1649 2830 sitam
1677 2799 1713 2831 in

973 2844 1093 2877 media
1117 2845 1229 2884 urbe,
1254 2844 1290 2876 in
1317 2843 1500 2895 Argileto,
1521 2843 1564 2875 ad
1593 2843 1713 2876 forum

973 2890 1188 2931 Romanum,
1208 2892 1244 2920 ct
1263 2899 1372 2921 unum
1400 2887 1569 2930 idemque
1596 2887 1713 2920 fuisse

973 2934 1149 2977 templum
1202 2932 1283 2967 Iani
1336 2932 1482 2966 Gemini
1534 2931 1713 2975 illamque
