1865 3116
185 33 234 74 14
817 26 1092 70 MACROBII

179 142 321 190 direm,
365 140 414 181 ad
447 152 586 180 eorum
617 137 712 179 mihi
752 138 872 181 vitam
909 139 978 194 qui
1013 138 1119 181 beati
1156 153 1178 180 a
1212 139 1457 194 sapientibus
1492 138 1719 181 dicerentur

179 197 365 239 accedere
402 195 581 237 videba1:
626 208 717 234 nam
759 200 799 236 et
837 209 940 250 quae
974 195 1100 250 pridie
1139 209 1258 250 quam
1294 196 1474 238 adessem
1511 196 1613 237 inter
1648 210 1717 237 eos

180 254 284 295 dicta
315 257 408 293 sunt
435 251 589 292 Avieno
621 250 717 292 mihi
746 250 974 293 insinuante
1004 257 1208 315 comperta
1240 257 1353 302 sunt,
1392 258 1431 293 et
1459 252 1592 294 omnia
1621 252 1716 294 seri-

180 316 247 365 pto
278 307 480 356 mandavi,
518 321 569 348 ne
603 306 699 362 quid
726 307 977 349 subtraheret
1000 307 1170 350 oblivio:
1212 321 1314 364 quae
1339 308 1371 350 si
1404 322 1452 349 ex
1482 323 1545 349 me
1577 309 1716 350 audire

180 365 312 420 gestis,
340 377 433 405 eave
464 364 649 405 aestimes
673 363 778 404 diem
808 377 934 405 unum
962 363 1176 405 referendis
1205 378 1308 428 quae
1335 379 1406 420 per
1429 370 1489 406 tot
1515 365 1597 406 dies
1625 370 1718 405 sunt

118 425 165 464 14
180 422 282 463 dicta
303 397 507 462 'sufficere
566 419 732 461 Decius.
780 420 1007 470 Quemnam
1039 420 1159 475 igitur
1182 426 1221 461 et
1247 421 1350 462 inter
1376 435 1478 476 quos
1510 426 1580 462 aut
1609 421 1717 461 unde

179 483 312 519 oltum
346 490 587 525 sermonem,
628 476 906 526 postumiane,
955 476 1075 518 fuisse
1109 477 1291 518 dicebat?
1347 478 1408 518 lta
1437 482 1596 532 praesto
1628 490 1716 517 sum

117 533 399 577 l5indesessus
427 533 596 574 auditor.
656 533 759 574 Tum
786 533 869 574 ille:
898 533 1147 582 Deelinante,
1178 533 1319 588 inquit,
1348 533 1388 574 in
1417 547 1627 588 vesperum
1655 533 1717 574 die

180 604 299 645 quem
331 589 539 631 Saturnale
569 588 711 629 festum
742 595 825 630 erat
855 589 1153 638 insecuturum,
1198 603 1286 630 eum
1327 589 1485 631 Vettius
1526 591 1715 631 Praetex-

178 652 285 688 tatus
311 646 420 687 domi
450 644 659 686 convenire
691 659 733 686 se
762 646 1023 699 gestientibus
1053 646 1207 700 copiam
1240 646 1405 695 faceret,
1446 660 1492 687 eo
1522 650 1718 687 venerunt

178 702 369 744 Aurelius
401 701 665 764 Symmaclius
695 707 734 742 et
765 703 935 744 Caecina
962 702 1151 751 Albinus,
1192 716 1282 743 Cum
1315 679 1444 743 aetite
1480 708 1565 743 tum
1597 703 1715 743 etiam

180 759 358 800 moribus
405 773 448 799 ae
494 757 634 799 studiis
677 758 780 799 inter
823 773 865 799 se
911 758 1236 799 coniunctissimi.
1295 760 1380 800 Hos
1416 759 1576 800 Servius
1614 759 1718 799 inter

179 815 458 869 grammaticos
490 815 694 855 doctorem
737 828 874 855 reeens
910 814 1128 869 professus,
1166 815 1273 855 iuxta
1314 815 1492 856 doctrina
1528 814 1717 856 mirabilis

179 877 219 912 et
247 871 425 912 amabilis
455 871 708 920 verecundia,
753 876 897 912 terram
928 871 1086 912 intuens
1118 876 1157 912 et
1187 872 1293 912 velut
1323 871 1457 912 latenti
1488 871 1624 912 similis
1656 885 1715 911 se-

116 929 166 970 16
181 928 389 982 quebatur.
451 927 565 978 Quos
605 942 695 968 eum
733 927 951 982 aspexisset
990 927 1230 981 obviamque
1263 927 1519 981 processisset
1552 942 1596 968 ac
1628 941 1715 981 per-

179 984 322 1025 blande
355 984 615 1032 salutavisset,
646 998 860 1025 conversus
890 984 938 1025 ad
970 983 1135 1024 Furium
1164 983 1368 1033 Albinum,
1398 983 1466 1037 qui
1499 989 1583 1024 tum
1615 983 1717 1024 sorte

180 1055 271 1081 eum
296 1040 451 1082 Avieno
482 1040 633 1081 aderat:
658 1040 794 1090 Visne,
827 1040 893 1088 ait,
920 1040 973 1080 mi
996 1040 1153 1089 Albine,
1178 1053 1268 1080 eum
1294 1039 1354 1080 his
1384 1054 1486 1094 quos
1512 1039 1717 1081 advenisse

112 1102 474 1151 [206¹peroportune
510 1096 619 1139 vides
657 1110 840 1151 quosque
874 1097 959 1137 iure
991 1096 1159 1137 civitatis
1190 1101 1349 1137 nostrae
1385 1096 1535 1136 lumina
1573 1095 1716 1136 dixeri-

181 1167 268 1194 mus
305 1167 390 1193 eam
419 1167 501 1193 rem
545 1153 593 1194 de
629 1167 707 1207 qua
746 1153 848 1194 inter
877 1167 950 1193 nos
981 1152 1087 1193 nasei
1120 1158 1308 1215 coepelat
1333 1166 1462 1193 sermo
1495 1152 1716 1193 eommuni-

115 1209 162 1249 17
180 1210 343 1250 cemus?
403 1208 554 1259 Quidni
588 1210 757 1250 maxime
794 1209 937 1251 velim?
995 1209 1164 1250 Albinus
1199 1209 1346 1262 inquit,
1392 1223 1463 1249 nee
1497 1208 1601 1248 enim
1637 1208 1717 1248 ulla

180 1265 254 1306 alia
289 1266 337 1307 de
372 1279 413 1306 re
450 1280 569 1320 quam
603 1265 652 1306 de
687 1266 815 1307 doctis
851 1265 1153 1321 quaestionibus
1189 1265 1362 1320 colloqui
1400 1270 1468 1306 aut
1504 1264 1619 1306 nobis
1649 1269 1718 1306 aut

268 1389 369 1430 [les.
397 1388 604 1421 ABGPSM.

176 1454 273 1476 mum
297 1443 375 1475 SM.
518 1446 569 1476 13.
607 1445 798 1477 existimes
826 1456 903 1485 v-g.
935 1464 976 1468 -—
1003 1456 1106 1476 unum
1136 1446 1223 1476 diem
1247 1444 1290 1477 G.
1339 1444 1425 1476 diem
1452 1456 1569 1476 unam
1594 1455 1672 1486 v-g.

269 1490 321 1520 14.
365 1489 555 1529 Quaenam
574 1488 640 1520 AS.
667 1507 709 1512 —
736 1494 772 1521 et
799 1490 889 1521 unde
915 1493 1010 1530 (sup.
1038 1494 1117 1528 aut)
1144 1490 1181 1521 Λ.
1212 1508 1245 1512 -
1279 1490 1331 1520 Ita
1357 1500 1427 1520 sum
1452 1493 1540 1527 (oin.
1560 1492 1716 1531 praesto)

177 1532 214 1564 S.
354 1536 406 1564 15.
449 1533 728 1565 Postlzumianus.
782 1535 865 1566 Tum
891 1535 950 1566 ille
974 1534 1063 1566 Eud.
1113 1534 1151 1565 ln
1177 1533 1234 1565 ΑΡ
1258 1534 1429 1565 Posthum.
1458 1534 1539 1565 add.
1568 1533 1600 1565 in
1630 1544 1718 1575 mg,

178 1581 214 1608 et
236 1576 271 1609 in
297 1577 323 1609 Α
352 1588 462 1619 supra
484 1579 541 1610 ille
566 1578 703 1620 legitur
727 1589 753 1609 5.
782 1579 944 1610 eusebius.
970 1597 1009 1602 -—
1039 1579 1073 1610 in
1095 1590 1274 1621 vesperam
1299 1578 1465 1617 „Charta
1486 1577 1718 1618 Academica,

177 1623 269 1663 quod
286 1623 474 1654 Maerobio
497 1628 665 1655 asserunt
688 1623 745 1654 vel
770 1622 835 1655 illa
857 1623 989 1665 capitis
1013 1634 1087 1664 seq.
1113 1623 1147 1665 [θ’
1172 1622 1234 1665 15.]
1258 1623 1381 1654 deinde
1405 1624 1584 1665 vesperaf‘
1606 1623 1717 1654 Grou.

176 1685 207 1689 —
248 1668 382 1699 {tomum
408 1667 445 1698 S.
495 1668 626 1699 domini
654 1667 701 1698 M.
740 1685 783 1690 -—-
810 1668 998 1699 'convenire
1029 1672 1117 1705 (oin.
1150 1667 1201 1707 se)
1228 1667 1328 1698 l's—z.
1369 1678 1429 1705 „se
1453 1672 1508 1698 est
1536 1666 1717 1709 recipien-

177 1711 274 1751 dum,
310 1717 347 1743 ut
371 1712 551 1743 referatur
576 1712 620 1743 ad
646 1711 915 1743 praetextatum
940 1716 975 1744 et
997 1712 1088 1743 domi
1112 1711 1227 1753 possit
1255 1717 1352 1742 reete
1374 1711 1492 1742 locum
1520 1723 1624 1743 suum
1654 1712 1718 1743 ob-

179 1756 337 1787 tiiiere.“
371 1756 481 1787 Zenn.
522 1774 565 1778 ——
607 1756 760 1788 cecinna
787 1759 941 1797 (semp.)
971 1755 1075 1798 Sv-g.
1119 1775 1153 1779 —
1197 1761 1278 1788 tum
1307 1760 1421 1788 aetate
1445 1756 1497 1788 AS
1520 1756 1571 1795 (G
1598 1767 1618 1788 n
1645 1767 1718 1787 sec.

177 1811 210 1832 m
229 1804 255 1838 ).
281 1819 326 1825 -
357 1801 517 1832 doctores
540 1811 570 1832 v.
594 1819 635 1824 —
668 1801 765 1832 ittarta
791 1805 889 1842 (sup.
917 1801 997 1833 add.
1026 1801 1236 1843 acqualiter)
1261 1801 1418 1832 doctrina
1445 1801 1469 1832 A
1496 1804 1544 1839 „2
1567 1801 1716 1842 Angl.·⁶.

176 1846 276 1877 iuxta
302 1846 499 1877 doctrinam
525 1845 613 1876 Edd.
639 1845 772 1877 BGPS.
791 1863 834 1869 —-
853 1846 1058 1877 verecundia
1079 1846 1202 1876 ΑΜΙΙΙ
1227 1847 1266 1885 (v
1287 1846 1465 1876 amabilis.-
1490 1846 1715 1886 verecundia)

178 1894 225 1929 „2
256 1890 403 1930 Anglf‘.
460 1890 695 1921 verecundiae
725 1901 797 1921 s—z.
851 1891 1059 1921 verecundie
1084 1889 1127 1920 G.
1183 1890 1378 1920 verecunde
1409 1889 1584 1929 Si-gbssl’
1615 1888 1717 1929 „To-

177 1934 370 1966 lerabilior
402 1938 458 1965 est
487 1934 580 1965 hacc
615 1933 738 1977 lectio.
786 1933 906 1976 Igitur
935 1935 1096 1965 amabilis
1124 1932 1281 1974 pertinet
1309 1934 1352 1964 ad
1386 1934 1483 1965 iusta
1512 1935 1717 1965 doctrinam.

178 1979 283 2020 Quod
311 1978 341 2009 si
369 1989 473 2016 vero,
503 1989 547 2009 nc.
574 1977 803 2009 concinnitas
827 1983 972 2019 pereat,
999 1989 1126 2009 nomen
1157 1977 1384 2009 retinendum
1414 1983 1536 2020 putas,
1572 1979 1717 2020 corrige

176 2023 427 2055 verecundia.“
449 2022 561 2053 Zeun.
701 2025 753 2053 16.
779 2024 965 2064 aspexisset
986 2022 1074 2054 Mss.
1102 2022 1176 2053 iH‘.)
1199 2021 1294 2062 „BQ
1342 2023 1393 2053 ad
1405 2024 1567 2065 spexisset
1593 2023 1716 2061 „Ms'·⁵.

175 2068 421 2110 prospexisset
446 2067 545 2099 vc-h.
570 2085 603 2089 —
643 2067 784 2098 Furium
802 2067 826 2098 S
846 2067 935 2098 Edd.
961 2067 1005 2098 cf.
1030 2067 1059 2107 1,
1078 2069 1132 2105 24,
1162 2069 1219 2105 193
1246 2067 1312 2106 111,
1342 2069 1400 2106 14,
1426 2070 1462 2106 13
1490 2067 1553 2105 Vl,
1578 2071 1609 2106 1,
1640 2071 1651 2099 1
1681 2072 1717 2100 et

176 2116 216 2151 23
243 2112 320 2152 vll,
345 2115 377 2151 8,
406 2113 448 2151 ἓξ
477 2114 504 2151 l,
529 2113 560 2151 4,
588 2115 618 2142 7.
674 2113 809 2148 rufium
835 2111 963 2143 ABGP
990 2111 1045 2149 (vl
1066 2122 1085 2143 a
1113 2123 1145 2152 p.
1170 2122 1236 2149 ηις
1272 2110 1296 2142 S
1324 2110 1358 2143 in
1386 2115 1478 2153 mg)
1506 2112 1628 2152 „Mys
1669 2113 1714 2144 cf.

178 2157 207 2198 l,
234 2158 267 2197 4,
294 2160 323 2189 1.
375 2157 550 2198 Ruffium
576 2156 643 2187 111.
783 2159 834 2187 17.
881 2161 941 2188 aut
971 2157 1023 2188 his
1055 2161 1115 2189 aut
1145 2157 1242 2188 nobis
1272 2155 1310 2188 P.
1359 2162 1420 2188 aut
1452 2156 1505 2188 Iris
1539 2161 1628 2195 (oin.
1655 2163 1717 2190 aut

228 2267 276 2297 13.
317 2266 364 2298 ad
383 2277 498 2298 eorum
521 2266 605 2297 mihi
630 2266 738 2298 vitam
764 2289 771 2297 .
791 2290 824 2297 ..
851 2278 909 2298 ac·
1023 2265 1123 2298 iuxta
1150 2289 1157 2297 .
1175 2289 1182 2298 .
1207 2266 1429 2308 verecundia]
1471 2265 1494 2298 ἰ.
1531 2278 1561 2298 e.
1599 2277 1716 2309 aeque

177 2313 293 2343 cedere
317 2310 471 2352 videbar]
513 2310 731 2352 Exspectes:
767 2311 813 2342 ad
846 2322 911 2343 cos

178 2356 350 2388 accedere.
397 2355 453 2386 Cf.
480 2354 554 2386 Cic.
588 2367 621 2397 p.
655 2355 737 2398 hig.
770 2358 827 2391 12,
854 2357 908 2386 38.

179 2401 345 2432 Homines
379 2401 468 2432 enim
502 2400 555 2431 ad
587 2401 683 2432 deos
715 2401 842 2432 nulla
876 2411 911 2432 re

174 2445 319 2489 propius
344 2445 523 2476 accedunt.

221 2488 432 2531 insinuante]
457 2489 512 2520 Cf.
537 2488 705 2531 prolegg.
732 2500 765 2531 p.
790 2498 887 2520 πων.

222 2536 274 2565 14.
324 2533 469 2577 dicebat]
494 2545 543 2565 sc.
563 2533 734 2573 Avienus
757 2534 803 2565 cf.
822 2534 911 2575 §1:3.

224 2578 292 2621 Ita]
321 2578 342 2610 i.
371 2589 402 2610 e.
433 2584 472 2609 ut
504 2578 597 2609 haec
627 2577 784 2609 audiani.
833 2578 910 2610 tid.

176 2623 296 2655 Hand.
321 2622 483 2655 Turseli
510 2623 575 2662 111,
603 2624 739 2664 1).486.

228 2670 278 2699 15.
326 2669 459 2710 copiam
494 2668 641 2709 faceret]
687 2667 743 2699 Cf.
791 2666 911 2699 Plaut.

178 2710 281 2754 Capt.
307 2712 378 2751 111,
434 2716 521 2751 ,90.
550 2717 587 2744 nt
610 2712 694 2744 mihi
724 2713 821 2744 eius
842 2714 911 2753 fa-

178 2757 269 2788 cias
295 2724 589 2789 con’veiiiuncli
619 2757 795 2800 copiam.

222 2801 310 2832 inter
334 2802 582 2843 grammaticos
603 2803 771 2834 doctorem
796 2811 911 2833 recens

176 2845 365 2887 professus]
394 2846 609 2888 Exspectcs:
650 2852 758 2879 artem
789 2857 911 2889 gram-

177 2890 338 2921 maricam
379 2892 570 2931 professus,
613 2892 658 2922 cf.
694 2903 721 2923 c.
756 2894 787 2923 7.
823 2892 842 2931 5
877 2893 907 2921 1.

177 2934 334 2965 medendi
361 2940 468 2967 artem
490 2937 665 2977 professis.

978 2310 1162 2342 mirabilis
1193 2315 1340 2352 propter
1373 2311 1574 2342 doctrinam
1608 2316 1718 2353 atque

979 2355 1152 2387 amabilis
1180 2362 1329 2397 propter
1353 2355 1622 2388 verecundiam.
1662 2356 1717 2389 Cf.

980 2400 1007 2439 l,
1035 2402 1086 2431 16.
1112 2402 1131 2440 5
1157 2401 1210 2431 44.
1236 2406 1338 2442 poeta
1365 2401 1522 2433 doctrina
1550 2412 1596 2432 ac
1620 2412 1716 2433 vere-

979 2445 1107 2476 cundia
1135 2445 1263 2477 iuxta
1288 2445 1434 2486 nobilis,
1475 2450 1510 2477 et
1536 2445 1561 2485 l,
1586 2449 1615 2476 7.
1639 2447 1659 2485 §
1683 2448 1715 2477 3.

979 2490 1032 2521 vir
1072 2500 1211 2532 corpore
1256 2495 1384 2531 atque
1430 2490 1546 2522 animo
1590 2491 1716 2522 iuxta

981 2534 1138 2573 validus,
1177 2537 1213 2566 et
1240 2545 1268 2566 c.
1298 2536 1331 2565 4.
1356 2534 1372 2575 §
1397 2536 1429 2566 4.
1462 2535 1497 2566 in
1528 2534 1590 2566 hoc
1622 2539 1716 2566 coetu

982 2590 1062 2610 non
1086 2579 1227 2610 minus
1253 2579 1409 2610 doctrina
1435 2590 1567 2621 quam
1591 2579 1716 2610 nobili-

1409 2623 1529 2656 Hand.
1550 2622 1716 2656 Turseli.

982 2628 1053 2656 tate
1076 2623 1272 2654 reverendo.
1308 2623 1384 2656 Vid.

982 2667 1049 2699 ΙΙΙ.
1075 2678 1109 2708 p.
1134 2668 1200 2699 539
1225 2678 1278 2709 sq.

1025 2733 1161 2775 latenti]
1199 2732 1222 2765 i.
1254 2743 1285 2764 e.
1316 2744 1355 2765 se
1388 2732 1625 2766 abscondenti
1659 2733 1713 2766 vel

979 2777 1155 2811 latitanti.

1026 2846 1077 2876 16.
1114 2842 1282 2886 coeperat]
1306 2843 1713 2886 Plusquainperl'ectum

980 2900 1081 2921 suam
1107 2889 1219 2920 habet
1244 2888 1337 2920 vim:
1372 2893 1582 2932 ,‚‹:oeperat,
1612 2892 1714 2921 aute-

978 2944 1085 2975 quam
1113 2933 1170 2965 illi
1195 2933 1456 2966 advener11nt.“
