1845 3126
215 53 268 94 74
841 46 1115 91 MACROBII

211 168 423 220 postquam
465 160 509 201 G.
546 157 692 200 Caesar
724 156 817 199 huic
847 160 974 200 mensi
1006 159 1108 201 duos
1138 159 1288 201 addixit
1313 160 1413 211 dies,
1456 167 1566 203 sexto
1594 162 1746 203 decimo

212 226 352 274 coepta
381 214 583 258 celebrari.
640 214 701 255 Ea
730 227 772 254 re
797 214 943 256 factum
972 222 1031 257 est
1059 222 1116 266 ut,
1147 231 1238 258 cum
1268 217 1407 271 vulgus
1439 217 1639 271 ignoraret
1663 232 1746 259 cer-

212 283 295 317 tum
328 271 642 315 Saturnaliorum
671 270 793 319 diem,
831 272 1093 327 nonnullique
1119 287 1141 314 a
1167 274 1211 315 C.
1240 273 1409 315 Caesare
1437 274 1584 316 inserto
1615 275 1678 316 die
1708 280 1748 315 et

211 332 275 373 alii
303 336 436 372 vetere
467 341 578 369 more
607 327 867 377 celebrarent,
896 328 1029 382 plures
1057 329 1140 369 dies
1171 329 1393 371 Saturnalia
1423 336 1747 372 numerarentur:

211 389 303 429 licet
333 392 372 428 et
401 385 507 441 apud
537 389 688 425 veteres
725 383 862 437 opinio
892 384 1010 425 fuerit
1040 390 1191 439 septem
1225 386 1362 427 diebus
1395 387 1527 441 peragi
1557 387 1746 428 Saturna-

171 445 280 493 3lia,
311 443 343 485 si
372 442 508 497 opinio
536 440 714 482 vocanda
746 446 806 481 est
839 454 942 495 quae
972 441 1124 481 idoneis
1155 442 1335 483 firmatur
1364 443 1607 484 auctoribus.
1666 444 1746 485 No-

208 501 295 543 vius
318 500 435 547 enim,
468 498 739 539 Atellanarum
773 497 1077 552 probatissimus
1108 497 1289 552 scriptor,
1318 499 1393 540 ait:

379 556 485 597 Olim
513 561 711 610 expectata
739 556 901 595 veniunt
928 562 1067 610 septem
1098 554 1340 596 Saturnalia.

207 612 427 655 Mummius
458 624 632 665 quoque,
664 609 732 664 qui
763 615 856 665 post
880 611 1053 654 Novium
1087 616 1127 652 et
1154 611 1423 666 Pomponium
1453 611 1522 652 diu
1551 611 1745 652 iacentem

209 675 335 711 artem
373 668 607 710 Atellaniam
651 666 872 708 suscitavit:
917 669 1065 716 Nostri,
1110 667 1259 721 inquit,
1304 669 1488 717 iratiores,
1522 669 1623 709 velut
1657 668 1749 708 bene

209 727 330 767 multa
359 726 578 772 instituere,
621 723 691 764 hoc
721 725 873 779 optime.
928 726 962 765 A
987 725 1138 778 srz'yore
1161 726 1285 778 secere
1313 739 1461 766 summo
1491 724 1572 765 (lies
1608 732 1749 779 septem

171 782 453 824 4Saturnalia.
530 779 608 822 Sed
638 779 799 821 Mallius
830 780 884 820 ait
916 794 984 821 eos
1017 780 1085 833 qui
1117 794 1180 829 se,
1221 786 1267 821 ut
1296 794 1415 835 snpra
1443 780 1635 828 diximus,
1675 780 1746 820 Sa-

208 838 315 880 turni
352 837 512 877 nomine
550 841 590 876 et
624 835 815 889 religione
853 835 1109 877 defenderant
1155 850 1225 890 per
1261 837 1438 877 triduum
1477 836 1596 877 festos
1634 835 1746 876 insti-

208 895 333 936 tuisse
363 894 446 934 dies
483 898 523 934 et
551 892 775 933 Saturnalia
804 892 1023 934 vocavisse:
1066 894 1171 933 unde
1205 900 1239 933 et
1272 894 1470 947 Λυρκείας
1506 894 1644 942 huius,
1688 892 1746 932 in-

209 951 314 1006 quit,
350 952 411 991 rei
435 950 658 1005 opinionem
686 958 837 991 secutus
865 950 908 990 in
936 950 1077 1004 leqe'bus
1104 949 1327 990 iudiciariis
1354 950 1486 991 triduo
1515 949 1670 990 serrari
1689 950 1747 1003 fe-

169 1006 290 1049 5rias
318 1007 439 1047 iussit.
496 1005 697 1047 Masurius
732 1011 771 1046 et
802 1005 866 1046 alii
896 1019 978 1046 uno
1012 1005 1093 1054 die,
1138 1006 1176 1046 id
1212 1011 1272 1046 est
1304 1011 1446 1059 quarto
1478 1005 1632 1046 decimo
1664 1005 1746 1044 Ka-

208 1063 344 1104 lendas
372 1061 576 1102 Ianuarias
602 1060 724 1103 fuisse
753 1061 976 1103 Saturnalia
1007 1062 1279 1102 erediderunt:
1311 1075 1483 1115 quorum
1511 1060 1746 1102 sententiam

208 1118 432 1161 Fenestella
461 1117 688 1169 confirmat,
719 1118 854 1159 dicens
886 1117 1096 1160 Aemiliam
1126 1117 1318 1172 virginem
1350 1119 1440 1159 XV.
1469 1118 1560 1158 Kal.
1588 1118 1746 1158 Ianuar.

299 1231 405 1274 [Mas.
430 1229 594 1263 ABGPS.

207 1292 280 1320 tum
304 1286 393 1318 Mss.
418 1296 497 1329 v-g.
524 1303 564 1309 —-
592 1296 769 1318 coucesar
793 1285 891 1327 (sup.
918 1285 1037 1329 gaius,
1063 1284 1159 1317 infra
1185 1289 1345 1327 qunque)
1372 1285 1410 1318 Α.
1445 1303 1489 1309 —-
1525 1285 1664 1317 addixit
1686 1283 1746 1316 AB

207 1331 330 1363 GSH2
354 1333 400 1372 „2
422 1330 568 1371 Angl.“.
611 1330 764 1362 addidit
786 1330 875 1361 Edu.
898 1330 936 1362 P.
963 1348 1003 1354 —··
1036 1331 1085 1362 XO
1102 1331 1171 1362 1⁷1⁰
1193 1330 1229 1362 S.
1255 1348 1297 1354 ·—-
1323 1332 1462 1362 incerto
1490 1329 1528 1361 Α.
1559 1348 1602 1354 -·
1633 1329 1747 1362 veteri

207 1377 251 1409 G.
388 1379 421 1407 3.
466 1375 728 1417 probatissimus
754 1375 997 1407 Atellanarum
1021 1375 1109 1406 Edd.
1139 1375 1176 1407 P.
1215 1392 1257 1399 —-
1311 1376 1474 1407 Mumius
1499 1374 1560 1406 PY.
1612 1374 1746 1406 Mami-

206 1422 292 1453 nius
323 1421 373 1452 M.
436 1419 637 1451 Memmius
671 1419 773 1451 s-hP.
816 1419 904 1460 „Sic
938 1420 1035 1462 lego.
1090 1418 1181 1451 Eius
1208 1420 1452 1451 meminerant
1479 1418 1648 1461 Agellius
1681 1418 1747 1450 lib.

207 1465 306 1497 xlx.
329 1475 408 1506 cap.
433 1467 465 1496 9.
487 1468 522 1496 et
546 1464 685 1496 Nonius
713 1465 869 1496 Clivus.“
902 1464 1038 1495 Menrs.
1089 1465 1232 1503 „Gaius
1261 1464 1338 1496 sive
1371 1466 1406 1497 C.
1439 1465 1620 1495 Memmius
1651 1463 1746 1495 cita-

207 1514 267 1543 tur
289 1511 331 1541 de
356 1509 528 1551 triumpho
561 1509 697 1540 Luculli
721 1519 742 1540 a
767 1507 896 1540 Servio
923 1509 965 1540 ad
994 1508 1123 1550 Virgil.
1150 1509 1235 1540 Aen.
1262 1509 1319 1544 lv,
1349 1510 1453 1540 ‘2615‘
1489 1509 1591 1541 Pont.
1633 1527 1675 1531 —
1714 1512 1747 1540 et

211 1555 434 1597 Pomponium
464 1565 532 1585 om.
559 1553 696 1585 BGH2.
728 1572 769 1576 —-
797 1555 936 1594 facere
960 1553 990 1584 B
1014 1553 1066 1592 (G
1093 1563 1113 1584 a
1139 1564 1171 1594 p.
1196 1553 1263 1594 m.)
1292 1553 1341 1584 Pe
1364 1552 1407 1585 N.
1543 1555 1574 1584 4.
1623 1553 1744 1595 supra]

207 1611 236 1631 c.
264 1602 295 1630 7.
323 1600 343 1639 ἓ
368 1601 423 1629 27.
448 1615 492 1622 —-
515 1598 710 1630 saturnino
734 1598 870 1630 nomine
896 1598 939 1629 G.
970 1616 1002 1621 -
1034 1598 1268 1636 defenderent
1292 1597 1335 1629 G.
1361 1615 1403 1621 —
1428 1609 1576 1630 vocasse
1601 1597 1639 1629 Α.
1667 1608 1686 1629 a
1712 1609 1745 1639 p.

206 1656 253 1676 ιιι.
270 1662 310 1667 —-
336 1643 438 1675 liuius
462 1643 522 1679 rei,
549 1643 660 1684 inquit
679 1642 783 1674 s-bP.
807 1661 849 1666 —
867 1643 982 1683 serias
999 1642 1131 1673 servari
1147 1653 1225 1685 v—g.
1351 1645 1384 1674 5.
1418 1643 1546 1674 decimo
1571 1648 1694 1684 quarto
1712 1653 1745 1674 a.

206 1707 251 1713 —
274 1687 435 1719 ianuarii
461 1687 626 1728 affuisse
642 1698 720 1728 v-g.
740 1704 784 1710 —·
806 1688 999 1719 Fenestella
1023 1687 1224 1718 sententiam
1241 1686 1277 1718 S.
1304 1706 1344 1709 —
1370 1687 1499 1718 decimo
1525 1688 1642 1729 quinto
1664 1687 1746 1719 cha.

205 1751 249 1757 —
274 1733 356 1765 Kal.
383 1733 520 1764 ianuar.
544 1731 586 1763 B.
635 1731 894 1764 Kalendarum
927 1731 1192 1763 ianuariarum
1222 1731 1399 1763 Ava-bPS
1436 1732 1487 1772 (G
1513 1741 1535 1763 a
1561 1743 1635 1764 sec.
1667 1735 1744 1770 m.).

205 1842 325 1874 ualia
357 1842 451 1874 dicta
484 1843 527 1874 ab
566 1842 738 1881 Saturno,
777 1841 869 1884 quod
901 1852 944 1873 eo

206 1887 275 1918 die
292 1887 408 1925 feriae
429 1887 514 1927 eius,
538 1891 576 1919 ut
596 1892 675 1930 post
693 1887 783 1919 diem
806 1887 944 1919 tertium

210 1931 338 1973 Opalia
362 1931 457 1973 Opis.

249 1975 328 2007 huic
353 1975 461 2006 mensi
491 1974 575 2006 duos
601 1974 740 2006 addixit
766 1974 853 2016 dies]
887 1973 943 2006 cf.

205 2031 236 2051 c.
268 2021 316 2051 14.
350 2020 365 2060 ᾗ
393 2022 424 2051 9.
466 2019 642 2050 Decembri
672 2029 751 2050 vero
785 2018 944 2056 (Caesar

205 2063 325 2104 dedit)
352 2068 514 2105 quartum
543 2068 574 2095 et
600 2064 737 2095 tertium
765 2063 944 2096 Kalendas

206 2108 407 2141 Ianuarias.
452 2125 495 2130 —
535 2107 586 2139 Ex
629 2108 807 2140 librorum
853 2119 940 2140 mss.

204 2152 425 2185 auctoritate
446 2151 580 2193 scripsi
602 2153 751 2193 addixit,
773 2151 862 2184 licet
886 2152 942 2184 in-

204 2199 263 2230 fra
294 2199 314 2237 §
338 2199 392 2229 23.
428 2197 592 2239 legatur:
634 2208 673 2229 ex
710 2197 885 2230 adiectis
919 2208 941 2229 a

210 2244 360 2275 Caesare
383 2242 463 2273 huic
487 2242 594 2273 mensi
618 2242 748 2281 diebus,
775 2253 842 2273 non
867 2245 940 2274 tam

203 2287 298 2329 quod
332 2285 420 2318 ibid.
450 2285 608 2328 legitur:
652 2298 716 2328 quo
740 2287 843 2319 trium
869 2287 941 2318 die-

203 2342 279 2364 rum
307 2332 424 2372 ferias
463 2331 713 2363 Saturnalibus
751 2332 941 2370 addixit,

204 2386 311 2418 quam
353 2375 447 2416 quod
489 2375 636 2408 Sueten.
672 2376 762 2417 Aug.
800 2378 854 2408 32.
894 2376 941 2407 ad

204 2427 271 2454 tres
297 2420 448 2452 iudicum
474 2421 648 2458 decurias,
674 2419 807 2461 inquit,
834 2431 940 2462 quar-

204 2471 275 2499 tam
302 2465 478 2497 addixit
504 2476 544 2496 ex
571 2465 736 2504 inferiore
759 2477 871 2497 censu.

247 2513 342 2541 sexto
367 2510 495 2541 decimo
523 2515 642 2552 coepta
668 2509 844 2551 celebrari]
872 2510 939 2550 „In

202 2552 442 2594 Oalendario,
487 2553 607 2595 inquit
644 2554 855 2587 Har-duinus
895 2554 939 2587 ad

202 2598 298 2630 Plin.
320 2598 422 2639 xlx,
448 2601 521 2637 34.,
562 2599 699 2631 rustico
724 2599 818 2641 apud
847 2600 942 2632 Gru-

204 2647 320 2675 terum
339 2654 430 2695 ·pag.
458 2646 533 2676 133.
561 2644 620 2676 die
647 2645 740 2677 XVI.
761 2644 942 2677 calendas

202 2687 393 2720 lanuarias
426 2688 664 2732 assignantur
691 2689 945 2724 Saturnalia-‘⁶

206 2732 317 2763 me.

249 2787 271 2807 a
307 2777 342 2808 C.
375 2778 523 2810 Caesare
557 2778 684 2812 inserto
715 2779 783 2822 die]
826 2779 938 2812 immo

205 2828 247 2849 eo
268 2819 327 2850 die
350 2832 419 2862 quo
444 2823 664 2856 celebranda
687 2828 790 2857 erant
815 2835 939 2856 mense

205 2862 346 2939 duotms
379 2866 508 2899 diebus
542 2878 562 2900 a
594 2868 754 2902 Caesare
787 2868 940 2902 insertis

206 2916 274 2940 auc
295 2918 326 2939 o.

249 2957 376 2996 septem
411 2954 530 2988 diebus
558 2957 687 3000 peragi
720 2956 939 2999 Saturnalia]

1012 1842 1067 1874 Cf.
1098 1840 1246 1873 Lucian.
1272 1842 1457 1873 Satnrnal.
1485 1846 1517 1874 2.
1549 1840 1654 1874 ἑπτὰ
1683 1839 1747 1883 μὲν

1012 1882 1180 1929 ἡμερῶν
1216 1882 1238 1928 ἠ
1283 1885 1383 1917 πᾶσα
1419 1885 1600 1929 βασιλεία,
1633 1909 1668 1919 ..
1708 1884 1746 1918 ἐν

1010 1927 1140 1968 αὐταῖς
1178 1927 1215 1962 632
1258 1932 1355 1967 ταῖς
1399 1927 1503 1962 ἑπτὰ
1546 1932 1747 1963 σπουδαῖον

1009 1973 1072 2016 μὲν
1094 1971 1179 2007 οὐδὲ
1202 1970 1377 2016 ἀγοραῖον
1407 1972 1665 2017 διοικήσασθαί
1684 1986 1747 2017 μοι

1010 2016 1283 2061 συγκεχώρηται,
1306 2018 1419 2051 πίνειν
1444 2017 1481 2051 ὸὲ
1506 2024 1574 2052 cot.

1054 2067 1086 2095 3.
1136 2066 1165 2095 A
1181 2064 1324 2106 frigore
1349 2089 1377 2095 ..
1405 2064 1547 2107 summo]
1573 2064 1597 2096 i.
1622 2075 1653 2096 e.
1679 2064 1746 2097 illo

1009 2111 1171 2150 tempore
1201 2119 1270 2149 quo
1306 2119 1486 2140 summum
1518 2113 1573 2142 est
1613 2109 1746 2153 frigus.

1009 2153 1060 2184 De
1086 2156 1201 2184 metro
1227 2152 1347 2184 adhuc
1372 2152 1511 2184 dubito.

1053 2198 1085 2228 4.
1134 2197 1168 2228 in
1218 2197 1353 2240 legibus
1398 2198 1610 2239 iudiciariis]
1660 2198 1744 2231 Hae

1009 2241 1067 2273 cui
1090 2251 1183 2273 anno
1207 2241 1280 2273 sint
1298 2241 1546 2284 assignandae
1567 2254 1634 2275 non
1659 2254 1745 2275 con-

1008 2290 1094 2318 stat.
1144 2285 1244 2317 Infra
1280 2288 1300 2326 ἓ
1332 2290 1387 2318 23.
1429 2287 1525 2319 idem
1565 2287 1745 2320 eoilstitu-

1009 2335 1084 2363 tum
1111 2341 1192 2362 esse
1219 2330 1355 2363 dicitur
1381 2342 1420 2364 ex
1445 2333 1555 2364 edicto
1578 2333 1744 2375 Augusti,

1009 2375 1102 2417 quod
1143 2375 1296 2407 Merkel.
1337 2387 1371 2417 ρ.
1409 2387 1457 2407 lv.
1497 2377 1541 2408 ad
1583 2377 1743 2409 edictum

1009 2419 1237 2462 pontificium
1264 2421 1388 2459 refert,
1414 2420 1570 2463 indeque
1597 2423 1744 2453 conclu-

1008 2465 1062 2496 dit
1086 2476 1153 2496 nou
1177 2470 1259 2497 ante
1281 2476 1412 2497 annum
1439 2477 1472 2497 u.
1492 2477 1521 2497 c.
1546 2466 1744 2506 DCCXLI„

1008 2521 1078 2551 quo
1104 2520 1198 2541 anno
1227 2509 1458 2552 pontificatus
1491 2510 1670 2541 maximus
1697 2511 1743 2542 ad

1008 2555 1212 2596 Augustum
1237 2555 1456 2595 deferretur,
1478 2554 1548 2585 hoc
1569 2553 1651 2585 fieri
1679 2566 1745 2596 po—

1010 2600 1140 2631 tuisse.

1052 2646 1085 2675 5.
1128 2643 1310 2675 Aemiliam
1334 2642 1521 2685 virginem]
1546 2642 1625 2674 Hoc
1647 2642 1744 2675 iudi-

1008 2687 1104 2719 cium
1121 2691 1379 2719 commemorat
1392 2687 1576 2718 Plutarch.
1593 2688 1744 2729 Quaest.

1008 2732 1112 2763 Rom.
1143 2743 1170 2763 c.
1205 2734 1261 2763 83.
1285 2736 1320 2763 et
1347 2730 1523 2763 Asconius
1552 2732 1586 2763 in
1613 2732 1742 2765 Milon.

1007 2776 1024 2817 §
1049 2779 1104 2808 32.
1132 2787 1164 2819 p.
1188 2778 1243 2808 46.
1272 2776 1354 2808 Or.:
1393 2777 1465 2817 Quo
1489 2781 1638 2819 tempore
1662 2778 1741 2810 Sex.

1009 2821 1209 2853 Peducaeus
1238 2822 1394 2854 tribunus
1423 2821 1532 2863 plebis
1568 2821 1617 2862 (a.
1643 2832 1678 2853 u.
1709 2832 1740 2854 c.

1006 2865 1252 2904 Dcxxxm.)
1282 2866 1484 2898 criminatus
1515 2870 1564 2898 est
1594 2866 1632 2898 L.
1666 2866 1740 2898 Me-

1004 2911 1123 2944 tellum
1155 2910 1356 2953 Pontificem
1390 2910 1580 2942 Maximum
1613 2915 1740 2943 totum-

1006 2966 1070 2999 que
1093 2956 1279 3000 collegium
1298 2955 1501 2999 pontificum
1523 2955 1615 2989 male
1644 2955 1740 2989 iudi·
