1845 3131
233 19 315 61 832
856 22 909 62 IL

232 129 471 170 septenarius
497 140 669 162 uumerus
699 130 794 163 unde
827 133 970 163 constet

278 173 318 205 C.
358 174 391 212 1,
423 177 461 213 6,
493 175 546 205 34.
605 192 650 198 —-
686 176 804 206 tribus
849 175 967 206 modis

278 217 514 259 coniungitur
545 217 592 249 ib.
619 221 651 249 6.
700 218 855 250 Gemina
887 219 967 250 eius

277 260 461 293 vinciendi
488 261 541 292 vis
568 261 614 293 ib.
633 264 688 294 34.
723 263 784 294 Est
806 262 965 294 omnium

277 316 466 336 numerum
498 306 612 337 nodus
647 306 735 338 ibid.
783 306 871 337 Eius
904 317 968 347 po—

277 348 391 381 tentia
429 349 477 380 ib.
514 352 568 380 47.
626 367 671 372 —-
706 350 882 392 perfectio
918 349 967 381 ib.

276 396 330 424 76.
378 411 421 417 -
444 393 525 424 laus
553 393 598 424 111,
624 396 666 424 45
690 405 742 435 sq.
790 394 968 435 Septena-

276 436 369 468 rium
397 436 524 468 multis
549 436 752 469 rationibus
781 437 854 469 dici
890 439 968 480 ple-

277 491 361 512 num
392 480 440 512 ib.
469 484 483 511 1
513 485 548 513 et
572 484 626 512 82.
675 482 804 513 Mouas
837 481 870 513 ci
904 492 968 524 ap-

276 524 418 556 tissime
449 524 616 566 iungitur
652 525 702 557 ib.
744 529 795 557 10.
856 525 966 566 Virgo

276 573 311 600 et
337 569 462 600 Pallas
489 573 638 600 vocatur
664 570 712 601 ib.
739 572 790 600 ll.
838 569 967 611 Septe-

275 612 379 644 nario
409 611 531 644 antima
561 613 685 644 mundi
711 618 887 655 generata
913 615 969 644 est

275 656 323 688 ib.
349 658 402 687 45.
452 657 502 687 Eo
529 661 671 689 constat
703 656 864 688 hominis
892 657 967 688 for-

274 699 388 732 matio
422 699 471 731 ib.
505 702 560 731 62.
616 718 657 724 -
693 700 750 731 dis
785 704 966 742 ponuntur

275 743 438 785 corporis
464 744 626 775 membra
652 743 701 776 ib.
721 748 776 775 77.
829 762 860 766 -
890 754 966 775 11111-

275 791 381 818 vetur
415 788 500 818 luna
533 787 580 819 ib.
612 790 666 819 48.
714 788 803 819 Eius
840 787 967 819 multi-

274 830 426 871 plicatio
456 831 655 872 perfectam
688 836 843 863 aetatem
878 831 967 863 facit

272 874 322 906 ib.
346 877 399 906 75.
447 875 536 906 Eius
567 875 677 907 decas
706 879 761 907 est
794 879 888 907 meta
913 875 966 906 vi-

273 918 381 950 vendi
408 918 456 950 ib.
484 922 538 950 76.
588 919 798 951 Periculum
826 919 964 951 sanita-

273 966 418 1003 temque
440 963 565 1003 aegris
591 963 782 995 denuntiat
806 963 852 994 ib.
878 965 933 994 81.

227 1006 440 1048 Septentrio
474 1006 513 1038 G.
546 1007 599 1047 ll,
633 1009 674 1047 5,
710 1010 762 1039 18.
811 1008 965 1049 Septen-

273 1049 403 1083 trionis
434 1051 632 1082 fenestram
669 1061 862 1093 numquam
902 1051 965 1081 ad-

272 1094 419 1126 mittere
444 1095 558 1126 solem
582 1094 620 1125 C.
647 1095 695 1133 ΙΙ,
718 1099 749 1130 7.
773 1098 824 1126 12.
873 1094 965 1135 Sep-

272 1138 472 1170 tentriones
503 1149 698 1179 numquam
730 1139 899 1170 occidere
925 1138 963 1170 C.

273 1182 309 1221 Ι,
339 1185 398 1223 16,
424 1185 456 1215 4.
505 1183 638 1214 Eorum
665 1194 843 1226 compago
870 1182 909 1214 C.
935 1182 964 1223 I,

275 1230 329 1265 13,
355 1229 386 1256 5.

227 1269 534 1311 Septentrionalis
559 1269 679 1302 circus
705 1270 743 1302 C.
767 1271 796 1311 1,
822 1272 875 1307 15,
905 1272 963 1309 13;

273 1315 320 1353 11,
345 1317 376 1351 5,
405 1316 458 1344 15.
505 1314 594 1345 Eius
620 1315 833 1346 extremitas
860 1313 964 1345 inha-

271 1357 441 1390 bitabilis
472 1357 508 1388 C.
539 1358 592 1399 ll,
617 1362 656 1399 5,
682 1361 733 1389 11,
784 1359 964 1399 Perpetuo

272 1401 411 1443 frigore
440 1412 617 1443 oppressa
643 1407 698 1433 est
720 1402 758 1433 C.
784 1402 830 1441 11,
854 1406 886 1441 7,
907 1404 963 1433 20.

269 1444 578 1486 Septentrionalis
606 1447 711 1487 polus
743 1446 791 1477 ib.
821 1448 873 1476 12.
920 1463 957 1467 —-

272 1494 396 1521 vertex
421 1487 458 1519 C.
482 1489 511 1527 1,
540 1492 592 1528 15,
623 1492 669 1520 14.
720 1488 790 1520 Hic
817 1499 963 1530 semper

270 1544 292 1565 a
318 1532 422 1564 nobis
448 1532 593 1564 videtur
615 1533 652 1564 C.
677 1533 705 1573 l,
733 1536 785 1569 16,
806 1535 838 1564 4.

231 1577 435 1619 Septimana
459 1576 498 1607 C.
525 1577 553 1613 Ι,
580 1579 612 1615 6,
638 1579 681 1608 74
706 1580 742 1607 et
766 1578 820 1607 76.

226 1620 472 1662 Sepulchrum
506 1619 649 1652 animae
681 1625 737 1652 est
766 1630 898 1661 corpus
923 1618 962 1650 C.

272 1665 308 1704 1,
350 1666 407 1701 10,
445 1666 506 1703 103
544 1667 607 1705 11,
642 1668 675 1696 3.

231 1708 368 1750 Sepulti
386 1718 502 1739 somno
530 1708 675 1749 vinoque
701 1707 758 1743 Vl,
784 1709 813 1744 1,
836 1709 889 1737 20.

227 1751 426 1792 Sepultura
457 1752 618 1784 Patrocli
656 1755 691 1783 et
724 1750 888 1782 Palinuri
924 1750 963 1790 V,

230 1820 454 1880 Seqitestrarc
476 1838 558 1870 Not.
580 1838 624 1870 ad
650 1838 788 1870 Comm.
814 1838 850 1875 Ι,
869 1840 902 1873 5,
927 1840 961 1868 6.

271 1883 360 1914 Α1111.
387 1882 426 1913 C.
451 1882 479 1923 I,
503 1885 556 1922 10,
583 1884 621 1923 45
645 1885 703 1923 20,
734 1885 791 1922 113
823 1882 860 1914 S.
885 1881 962 1923 Vll,

278 1929 331 1966 ιι,
352 1929 385 1956 2.

231 1972 349 2002 Serere
371 1979 523 2000 rumores
548 1970 606 2008 VI,
633 1971 663 2009 1,
688 1971 744 2001 33.

226 2015 397 2046 Serestus
422 2013 461 2052 V,
490 2015 543 2051 15,
568 2017 600 2045 8.

226 2057 409 2099 Sergiana
434 2057 514 2090 olea
542 2057 608 2096 111,
634 2059 690 2097 20,
715 2058 748 2087 6.

225 2102 380 2142 Sergius
414 2101 528 2134 Orata
565 2101 660 2133 unde
695 2100 814 2132 dietus
853 2097 964 2130 fuerit

272 2146 337 2183 lll,
367 2147 405 2175 15
439 2147 470 2176 3.

226 2170 421 2221 Sermones
456 2187 586 2228 quales
616 2186 652 2217 in
687 2184 864 2216 conviviis
896 2185 963 2216 lia-

271 2232 380 2264 bendi
417 2231 490 2262 sint
523 2231 604 2266 vll,
640 2232 675 2269 l,
711 2231 725 2259 1
754 2240 830 2269 sqq.
879 2229 963 2260 Ser-

271 2286 396 2307 mones
418 2274 510 2306 locis
532 2277 568 2304 et
590 2272 815 2313 temporibus
837 2277 964 2313 aptare

270 2322 466 2360 cognatum
492 2320 548 2348 est
573 2316 778 2357 sapientiae
808 2315 858 2347 111.
883 2318 936 2347 20.

231 2359 454 2394 Serorenire
477 2361 513 2392 S.
536 2360 584 2398 ll,
608 2363 641 2398 3,
667 2364 697 2391 7.

226 2407 423 2447 Serpentes
449 2405 492 2436 de
516 2408 614 2435 terra
639 2402 715 2434 nati
741 2403 819 2442 vll,
839 2405 889 2441 16,
911 2404 961 2433 12.

272 2451 312 2481 111
344 2449 481 2490 templo
509 2448 632 2479 Bonae
663 2447 759 2478 Deae
792 2457 857 2477 1188
891 2450 964 2476 ter-

272 2497 353 2525 rent
374 2504 439 2524 nec
461 2494 589 2524 timent
611 2490 647 2522 S.
671 2490 699 2530 1,
719 2493 772 2529 12,
789 2493 843 2521 25.
878 2490 963 2521 Ser—

272 2549 361 2579 pens
377 2547 566 2578 passerum
586 2535 780 2576 populator
793 2534 829 2574 V,
842 2535 960 2573 14,13.

228 2582 357 2614 Serum
383 2580 501 2621 pirum
524 2579 589 2617 111,
618 2582 667 2615 19,
690 2581 722 2609 6.

227 2625 333 2658 881νί
371 2634 435 2655 cur
471 2622 628 2654 dominis
663 2633 732 2653 non
768 2620 840 2652 sint
878 2631 963 2652 con-

273 2666 459 2701 temnendi
494 2668 531 2698 S.
569 2666 602 2703 Ι,
637 2668 697 2705 11,
721 2668 741 2696 2
766 2676 843 2705 sqq.
891 2664 963 2695 Cur

273 2712 363 2744 dicti
386 2712 460 2743 siut
482 2709 686 2742 familiares
707 2709 756 2740 ib.
781 2712 834 2740 11.
858 2708 965 2740 881νί

274 2754 489 2798 philosophi
528 2754 577 2785 ib.
615 2755 655 2784 41
696 2764 773 2793 sqq.
840 2751 966 2784 Servis

275 2810 408 2831 coenas
430 2797 563 2839 adponi
585 2807 606 2829 a
630 2796 808 2829 matronis
836 2796 966 2828 solitas

274 2854 397 2876 mense
423 2841 575 2882 Martio,
606 2851 627 2874 a
653 2839 810 2873 dominis
840 2839 966 2873 Satur-

968 24 1143 67 INDEX

1080 133 1226 167 nalibus
1250 135 1285 168 S.
1310 136 1340 177 Ι,
1363 140 1414 178 12,
1432 142 1463 172 7.
1512 140 1770 174 Saturnalibus
1830 152 1833 153 ⁷

1080 178 1127 210 iis
1164 189 1338 213 concessa
1372 193 1504 224 magna
1545 185 1696 217 licentia
1731 185 1768 216 S.

1080 222 1108 260 Ι,
1133 225 1164 261 7,
1185 226 1238 254 26.
1289 224 1422 257 Eorum
1447 229 1582 261 bonore
1609 229 1770 271 gaudere

1080 266 1277 317 Saturnum
1301 267 1339 299 S.
1370 269 1405 307 l,
1433 275 1493 312 10,
1515 275 1570 304 22.
1616 272 1769 314 Quando

1081 314 1288 341 institutum
1316 315 1354 343 ut
1386 324 1466 345 eum
1500 316 1654 347 dominis
1687 327 1769 347 coe·-

1078 359 1208 385 narent
1231 354 1318 386 ibid.
1366 356 1430 388 Dis
1454 368 1560 390 curae
1584 371 1665 391 esse
1691 371 1770 391 ser-

1080 407 1144 428 vos
1170 397 1205 428 S.
1234 398 1263 438 1,
1293 401 1344 438 11,
1369 402 1391 430 2
1450 401 1525 433 Non
1551 402 1679 435 haberi
1706 414 1769 435 eos

1080 440 1223 481 hostes,
1263 442 1325 473 sed
1352 443 1431 476 fieri
1466 444 1514 476 ib.
1538 448 1589 476 13.
1637 447 1770 478 Servo-

1080 495 1158 516 rum
1191 485 1354 518 fidelium
1392 494 1429 520 et
1463 489 1612 520 fortium
1648 501 1770 522 exem-

1081 529 1141 569 pla
1167 528 1214 560 ib.
1246 533 1286 561 16
1309 541 1386 572 sqq.
1435 532 1568 564 Eorum
1596 544 1706 575 opera
1731 534 1767 566 iu

1081 571 1192 604 bellis
1226 573 1274 604 ib.
1297 577 1341 605 30
1362 587 1437 617 sqq.
1486 577 1619 609 Servos
1644 578 1688 610 ad
1713 577 1768 619 pi-

1081 616 1177 648 lemn
1202 628 1332 649 vocare
1356 619 1403 649 ib.
1432 622 1483 651 12.

1033 659 1153 691 Servii
1201 660 1321 692 Tullii
1371 664 1530 695 natalem
1583 664 1768 696 Nonarum

1079 703 1175 735 diem
1199 703 1384 738 habebant
1408 707 1444 738 S.
1471 708 1499 746 l,
1529 710 1578 746 13,
1606 711 1658 739 18.

1032 746 1204 787 Servilia,
1226 748 1264 778 M
1302 749 1405 782 Bruti
1430 755 1559 790 mater,
1581 750 1769 783 Ciceronis

1079 790 1159 821 ioco
1186 796 1308 823 notata
1333 792 1368 823 S.
1406 794 1451 832 ll,
1477 798 1511 834 2,
1536 798 1569 826 5.

1033 833 1264 866 Servilianus
1294 846 1314 867 a
1339 836 1499 868 Servilio
1527 838 1648 870 dictus
1678 837 1715 869 S.
1740 838 1768 877 1,

1076 880 1110 917 6,
1131 881 1186 910 27.

1031 921 1184 997 88ἓν1111
1208 921 1354 953 Gemini
1380 922 1414 954 in
1436 923 1606 956 Mallium
1631 923 1766 956 dictum

1105 988 1113 996 .
1140 966 1185 1004 ll,
1211 968 1244 1000 2.
1272 968 1321 997 10.

1031 1009 1192 1041 Sei-vitio
1215 1014 1250 1040 et
1278 1009 1446 1041 libertate
1471 1010 1620 1043 Saturni
1645 1014 1767 1043 aetate

1077 1054 1233 1084 nondum
1261 1054 1452 1094 quisquam
1488 1054 1766 1087 discriminaba-

1077 1101 1136 1128 tur
1159 1097 1194 1129 S.
1222 1097 1250 1136 Ι,
1275 1101 1305 1135 7,
1328 1101 1383 1130 26.

1031 1140 1199 1172 Servitus
1241 1142 1342 1173 nulla
1384 1140 1525 1182 turpior
1565 1145 1620 1174 est
1658 1152 1765 1183 quam

1079 1185 1287 1216 voluntaria
1309 1185 1347 1217 S.
1375 1187 1401 1223 1,
1428 1188 1479 1223 11,
1505 1189 1537 1217 9.

1033 1228 1184 1260 Servius
1230 1229 1534 1270 (grammaticus)
1588 1240 1619 1271 p.
1669 1239 1764 1261 xx1x.

1078 1272 1167 1304 Ado.
1193 1272 1225 1304 S.
1257 1274 1282 1309 1,
1307 1276 1363 1313 24,
1389 1276 1410 1304 8
1436 1277 1471 1304 et
1493 1276 1548 1304 20.

1032 1316 1199 1348 Servium
1227 1316 1393 1348 Tullium
1421 1317 1576 1358 primum
1609 1315 1763 1347 interca-

1077 1361 1175 1392 lasse
1210 1366 1469 1393 commemorat
1504 1360 1629 1392 lunius
1664 1359 1702 1390 S.
1738 1359 1765 1398 1,

1078 1406 1136 1442 13,
1159 1406 1213 1435 20.
1262 1403 1449 1435 Nundiuas
1472 1405 1517 1437 ab
1542 1415 1583 1435 eo
1616 1402 1765 1435 institu-

1076 1451 1131 1479 tas
1182 1458 1262 1478 esse
1304 1447 1458 1478 Varroni
1506 1448 1629 1489 placet
1674 1446 1763 1478 ibid.

1073 1490 1147 1521 Cur
1177 1490 1247 1521 boc
1281 1490 1414 1522 factum
1451 1491 1500 1522 sit
1533 1491 1646 1522 refert
1677 1489 1765 1521 Cas-

1074 1534 1152 1565 sius
1188 1534 1224 1565 S.
1257 1534 1289 1572 1,
1321 1537 1380 1573 16,
1403 1537 1457 1565 33.
1512 1534 1554 1566 Ei
1596 1538 1764 1575 parenta-

1075 1578 1162 1609 bant
1187 1577 1359 1608 nundinis
1387 1577 1474 1608 ibid.

1029 1620 1165 1652 Severo
1192 1621 1335 1652 cuidam
1369 1621 1559 1653 dedicatus
1588 1624 1644 1652 est
1671 1620 1765 1653 liber

1075 1665 1118 1696 de
1140 1666 1251 1696 verbo
1275 1676 1307 1706 p.
1332 1676 1363 1695 1..

1031 1708 1190 1740 Severus
1220 1708 1371 1740 Cassius
1402 1707 1536 1739 multos
1568 1708 1766 1739 accusabat

1075 1752 1135 1794 qui
1161 1753 1447 1784 absolvebantur
1471 1751 1508 1783 S.
1533 1751 1578 1790 ll,
1601 1753 1635 1790 4,
1657 1751 1701 1793 9:

1030 1795 1189 1828 Severus
1216 1796 1385 1838 princeps
1411 1795 1477 1834 111,
1502 1798 1555 1834 16,
1577 1798 1607 1826 6.

1034 1841 1291 1882 Sexagenarios
1320 1839 1467 1870 maiores
1492 1839 1534 1870 de
1560 1843 1663 1880 ponte
1688 1839 1764 1871 ‹lei-

1076 1895 1159 1920 cere,
1189 1883 1418 1925 proverbium
1447 1882 1483 1913 8.
1506 1882 1534 1919 l,
1558 1884 1591 1921 5,
1617 1885 1668 1913 10.

1030 1926 1273 1959 Sextilianum
1297 1937 1418 1959 serum
1444 1926 1561 1967 pirum
1585 1926 1651 1964 111,
1667 1927 1719 1963 19,
1733 1927 1764 1957 6.

1030 1971 1185 2003 Sextilis
1222 1971 1377 2007 mensis,
1417 1974 1543 2011 postea
1577 1969 1765 2011 Augustus

1075 2014 1112 2046 S.
1138 2015 1165 2055 1,
1193 2018 1246 2055 12,
1266 2017 1286 2046 3
1310 2019 1346 2046 et
1367 2016 1422 2045 35.

1034 2059 1074 2090 Si
1105 2070 1140 2101 p.
1169 2070 1241 2092 xm.
1293 2059 1332 2090 Si
1366 2063 1480 2090 tamen
1516 2056 1599 2097 vll,
1621 2059 1661 2096 6,
1682 2058 1704 2087 2
1728 2058 1765 2088 et

1035 2146 1074 2175 Si
1098 2146 1152 2176 dis
1175 2144 1290 2187 placet
1316 2143 1383 2181 111,
1412 2145 1464 2181 14,
1489 2146 1541 2174 15.

1030 2188 1175 2230 Sibylla
1205 2198 1269 2217 cur
1294 2185 1571 2227 cognominatus
1603 2185 1652 2217 sit
1677 2185 1764 2217 Cor-

1075 2232 1193 2262 nelius
1219 2230 1335 2261 Rufus
1357 2229 1394 2260 S.
1424 2229 1451 2265 1,
1481 2232 1533 2267 17,
1555 2231 1610 2260 27.

1031 2274 1175 2317 Sibylla
1200 2272 1388 2304 insaniens
1412 2272 1471 2311 IV,
1496 2274 1523 2307 1,
1550 2275 1583 2302 5.

1031 2317 1206 2359 Sibyllini
1233 2316 1318 2348 libri
1345 2315 1503 2346 consulti
1527 2315 1561 2347 S.
1590 2316 1616 2354 Ι,
1643 2318 1677 2353 6,
1702 2317 1763 2355 13;

1079 2365 1129 2400 17,
1145 2365 1197 2392 27.
1225 2360 1453 2401 Sibyllinum
1475 2370 1618 2391 carmen
1642 2359 1692 2391 ib.
1707 2361 1762 2391 25.

1031 2405 1153 2437 Sic-aui
1178 2405 1214 2435 S.
1239 2404 1266 2441 Ι,
1291 2407 1323 2441 5,
1349 2406 1378 2434 1.

1031 2448 1136 2480 Sicca
1181 2451 1237 2479 est
1276 2446 1386 2478 tertia
1435 2445 1529 2477 lucis
1575 2445 1764 2477 aetheriae

1077 2490 1354 2524 conversionum
1391 2500 1475 2531 pars
1514 2489 1552 2520 C.
1584 2489 1617 2527 Ι,
1643 2491 1682 2526 6,
1709 2492 1763 2520 60.

1075 2536 1220 2568 Siecum
1266 2533 1460 2574 eloquendi
1505 2543 1621 2575 genus
1667 2532 1764 2573 apud

1076 2579 1270 2619 Virgilium
1296 2578 1335 2617 V,
1364 2580 1393 2615 l,
1420 2579 1472 2607 ll.

1034 2623 1210 2663 Siccificus
1234 2622 1309 2659 Vll,
1337 2624 1390 2657 16,
1414 2621 1469 2651 34.
1493 2659 1508 2665 .-

1037 2666 1196 2698 Σικελῶν
1219 2661 1444 2706 Σατούρνιος
1467 2666 1530 2694 aloc
1552 2661 1588 2693 S.
1614 2661 1642 2701 I,
1662 2665 1693 2702 7,
1707 2664 1763 2694 28.

1032 2710 1186 2742 Sicetini
1212 2709 1247 2740 in
1270 2708 1456 2739 codicibus
1481 2709 1688 2746 corruptum
1708 2708 1765 2737 est

1079 2765 1120 2785 cx
1145 2764 1176 2784 v.
1205 2763 1233 2784 c.
1261 2763 1307 2783 ΕΤ
1331 2761 1404 2782 lm..
1430 2761 1463 2791 p.
1491 2760 1519 2780 11
1546 2760 1599 2789 sq.

1033 2797 1165 2829 Sicilia
1191 2796 1228 2827 S.
1256 2796 1289 2833 l,
1316 2796 1374 2831 17,
1398 2795 1453 2823 24.
1501 2811 1543 2816 —
1568 2793 1762 2826 admodum

1080 2839 1217 2873 fertilis
1239 2838 1276 2872 S.
1301 2839 1328 2878 1,
1347 2840 1381 2876 8,
1408 2838 1459 2867 12.
