1844 3168
403 53 876 99 SATURNALIORUM
914 52 1011 94 LIB.
1045 54 1071 93 Ι.
1110 53 1226 96 CAP.
1262 53 1350 94 Vli.
1594 55 1645 93 47

108 170 254 225 inquit,
288 169 504 221 Evangele,
537 173 605 208 aut
636 166 731 207 haec
764 165 1014 207 innocentiae
1044 165 1193 206 lumina
1225 165 1458 215 rogitasses,
1494 164 1645 206 nulium

108 228 209 268 inter
243 241 316 267 nos
353 226 429 266 tale
467 230 662 265 secretum
700 223 928 277 opinarere,
974 223 1082 276 quod
1119 237 1198 262 non
1239 223 1294 263 tel
1332 221 1401 262 tibi
1435 221 1490 263 vei
1528 222 1645 262 etiam

105 284 223 335 vulgo
259 282 342 323 lieri
378 281 594 322 dilucidum
631 286 781 334 posset,
825 279 917 333 quia
957 293 1085 332 neque,
1119 293 1193 327 ego
1230 292 1316 318 sum
1353 278 1547 318 inmemor
1574 293 1645 319 nec

106 340 247 381 horum
285 352 526 393 quemquam
566 337 731 377 inscium
776 337 895 376 credo
933 336 1057 375 saneti
1095 335 1197 374 illius
1237 335 1432 388 praerepti
1472 335 1644 388 philoso-

105 396 238 451 phiae,
287 398 343 437 sic
372 396 604 451 loquendum
634 410 710 434 esse
740 408 826 434 cum
856 393 1091 439 hominibus,
1136 399 1331 445 [amquam
1368 393 1426 431 «lis
1455 393 1647 437 mallant,-

102 455 158 494 sic
185 453 417 508 loquendam
447 467 533 492 cum
564 452 653 498 (liis,
685 459 880 505 {uniquam
906 450 1078 489 hona'nes
1104 448 1297 488 amliauc:
1324 447 1438 486 cuius
1471 449 1643 488 secunda

105 523 193 563 pars
233 509 359 549 sancit
391 522 439 548 ne
470 508 565 561 quid
595 522 616 547 a
651 506 709 547 dis
739 512 921 560 petamus
956 504 1064 558 quod
1097 503 1192 544 veile
1224 518 1296 543 nos
1332 503 1562 543 indecorum
1597 505 1643 545 sil

102 565 331 606 hominibus
359 565 552 605 conmori.
618 564 700 604 Nos
730 576 841 610 xero,
875 567 921 602 ut
951 566 990 601 et
1017 560 1209 600 honorem
1239 560 1360 600 saeris
1392 559 1497 600 seriis
1526 560 1682 601 habe-7

102 635 235 662 remus
267 627 306 662 et
336 621 550 662 vitaremus
585 626 717 660 tamen
758 625 960 672 torporem
998 616 1163 657 feriandi
1196 622 1318 670 atque
1347 616 1473 657 otium
1506 616 1545 656 in
1578 631 1644 657 ne-

99 678 251 731 gotium
284 678 382 718 utile
416 682 680 723 verteremus,
719 674 977 715 convenimus
1012 673 1116 714 diem
1154 679 1283 714 totum
1320 672 1448 713 doctis
1477 672 1710 729 tabulisffezrj

100 734 208 776 velut
236 748 283 775 ex
315 733 493 788 symbola
524 731 773 773 conserendis
805 731 947 771 daturi.
1007 731 1108 772 Nam
1139 730 1171 770 si
1200 743 1269 784 per
1297 743 1407 770 sacra
1439 730 1684 771 sollemnia&

98 792 205 832 «rivos
231 791 419 832 deducere
447 790 584 843 4νθῐιῃῖο
615 789 722 830 nulla
748 788 950 844 prohibet,
983 786 1013 827 si
1042 788 1194 828 salubri
1213 787 1332 842 slavia
1361 801 1532 827 mersare
1560 802 1646 828 oves

99 846 155 887 sas
190 852 230 888 et
266 847 350 887 iura
385 846 638 901 permittunt:
689 858 761 885 eur
799 859 879 885 non
918 843 1120 897 religionis
1156 843 1284 883 honor
1320 848 1482 897 putetur
1513 843 1645 883 dicare

98 904 219 944 saeris
253 903 394 944 diebus
433 917 587 943 sacrum
619 901 795 942 studium
828 901 1078 942 litterarum?
1140 899 1219 941 Sed
1251 899 1344 954 quia
1379 914 1447 940 vos
1480 900 1682 954 quoquess

97 960 264 1001 deorum
296 960 439 1013 aliquis
478 959 592 999 nobis
631 958 787 999 additos
826 958 968 1006 voluit,
1020 957 1153 1005 facite,
1204 956 1235 996 si
1269 956 1492 996 volentibus
1533 957 1644 997 iobis

97 1017 194 1065 erit,
236 1016 341 1056 ‹liem
375 1016 654 1057 communilms
684 1020 723 1055 et
758 1014 898 1054 fabulis
934 1020 972 1054 et
1002 1013 1128 1067 epulis
1163 1013 1383 1063 exigamus,
1420 1013 1566 1066 quibus
1596 1018 1642 1054 ut

97 1086 235 1113 omnes
272 1072 390 1113 hodie
429 1072 497 1126 qui
536 1076 762 1125 praesentes
800 1076 893 1111 sunt
930 1069 1181 1123 acquiescant
1217 1069 1473 1123 impetratum
1510 1074 1639 1109 teneo.

97 1130 210 1170 Tune
237 1129 316 1169 ille:
359 1128 621 1182 Supmwenire
657 1127 798 1167 fabufis
833 1141 913 1167 non
943 1131 1129 1167 evocatos
1164 1125 1270 1166 haud
1309 1125 1495 1179 equidem
1524 1128 1708 1180 turpelss

96 1185 364 1226 existimatur:
395 1199 533 1226 verum
563 1189 705 1238 sponte
734 1183 890 1223 inruere
921 1182 961 1222 in
991 1182 1215 1223 convivium
1246 1181 1331 1222 aliis
1360 1187 1639 1236 praeparatum

96 1255 167 1283 uec
196 1242 374 1283 Homero
404 1241 488 1282 sine
520 1247 615 1282 nota
653 1239 711 1281 vel
744 1239 783 1280 in
815 1239 934 1281 fratre
964 1244 1231 1280 memoratum
1263 1243 1338 1288 est,
1392 1244 1431 1280 et
1469 1238 1556 1280 vide
1592 1253 1641 1280 ne

1143 1362 1235 1395 Edd.
1260 1361 1547 1405 vicahgspdzb]

96 1422 128 1453 6.
152 1420 308 1463 opinare
337 1420 383 1460 (A
411 1431 432 1453 a
456 1432 489 1462 p.
517 1423 584 1458 m.)
610 1420 651 1452 Β.
700 1419 910 1463 opinareris
935 1429 1014 1460 v-g.
1039 1435 1082 1441 —
1106 1418 1161 1450 vel
1185 1422 1222 1450 et
1245 1428 1326 1459 v—g.
1352 1436 1395 1441 --
1418 1428 1487 1450 nec
1514 1428 1578 1461 ego
1602 1417 1639 1450 S.

94 1482 137 1488 —
159 1466 206 1497 sic
228 1465 448 1508 loquendum]
473 1465 516 1497 cs.
539 1465 666 1497 Senec.
692 1475 747 1507 ep.
774 1467 827 1503 10,
853 1465 873 1504 ἓ
895 1466 927 1495 5.
952 1463 1015 1495 ubi
1042 1466 1162 1496 tamen
1188 1462 1344 1505 legitur:
1369 1463 1418 1494 sic
1442 1463 1538 1494 vive
1563 1474 1639 1494 cum

93 1510 288 1542 hominibus
313 1515 491 1552 tamquam
517 1512 600 1544 (Icus
624 1511 785 1549 videat,
810 1513 845 1541 et
872 1508 1024 1540 deinde:
1051 1519 1127 1540 cum
1155 1509 1229 1540 deo.
1271 1526 1314 1530 —
1351 1508 1548 1540 indecorum
1575 1509 1639 1546 (sit

94 1555 177 1587 add.
201 1565 221 1586 a
246 1565 320 1586 sec.
349 1559 415 1592 m.)
444 1555 486 1586 G.
625 1559 656 1586 7.
698 1559 735 1587 ut
760 1554 920 1586 honorem
945 1554 1035 1594 (om.
1060 1556 1111 1591 et)
1137 1552 1160 1584 S
1189 1552 1274 1590 (BG
1299 1562 1319 1584 a
1347 1563 1381 1594 p.
1407 1556 1487 1590 m.).
1525 1569 1567 1576 —
1604 1553 1639 1584 in

92 1600 270 1642 negotium
296 1603 383 1637 (om.
409 1599 512 1641 utile)
535 1599 637 1631 s-bP.
676 1598 930 1641 „Anglicauus
956 1602 990 1630 ct
1015 1597 1101 1629 item
1129 1596 1241 1629 editio
1265 1601 1371 1630 vetus
1400 1598 1435 1629 ἰιι
1460 1597 1639 1640 negotium

94 1644 240 1676 utile.“
268 1644 368 1675 Pont.
395 1662 435 1666 -—
461 1645 614 1686 symbolo
637 1655 705 1686 v-g
731 1644 774 1682 (h
802 1643 836 1675 iu
863 1654 936 1685 mg.
962 1643 1116 1684 symbola
1138 1646 1244 1680 arm).
1382 1644 1416 1673 8.
1460 1642 1564 1685 rivos]
1591 1642 1638 1673 cf.

94 1688 193 1729 Virg.
220 1688 356 1730 Georg.
378 1688 406 1724 1,
433 1690 510 1720 269.
537 1707 580 1711 -
607 1689 706 1720 nulla
736 1688 863 1729 religio
888 1687 992 1719 s-bP.
1019 1704 1060 1709 —
1088 1686 1319 1729 prohibebit.
1350 1686 1380 1718 si
1409 1686 1505 1718 ABG
1533 1688 1638 1725 (fort.

90 1733 259 1776 prohibet,
286 1739 319 1765 et
344 1732 428 1769 si.’).
570 1735 621 1764 10.
667 1734 759 1764 Tum
787 1733 845 1763 ille
869 1731 893 1763 S
920 1731 972 1770 (G
999 1741 1020 1763 a
1047 1742 1120 1763 sec.
1147 1732 1224 1772 m.).
1251 1748 1293 1754 —
1322 1730 1552 1772 Supervenire
1575 1755 1583 1764 .
1601 1756 1608 1763 .
1629 1756 1638 1764 .

94 1783 316 1810 memoratum
337 1777 399 1818 est]
423 1776 477 1808 Cf.
502 1776 553 1808 Io.
578 1776 724 1808 Saresb.
750 1776 845 1816 vul,
868 1779 901 1807 7.
923 1794 961 1799 -
986 1786 1103 1807 verum
1127 1774 1208 1817 t'pe
1232 1779 1331 1816 (sup.
1359 1779 1497 1818 sponte)
1525 1776 1570 1808 G.
1593 1794 1638 1799 —-

92 1833 153 1854 nec
177 1822 225 1854 ab
252 1822 399 1854 Homero
423 1821 514 1854 Edd.
560 1832 621 1854 nec
645 1822 838 1854 menelao
864 1820 891 1852 P
916 1831 937 1853 a
962 1831 1034 1852 see.
1068 1831 1115 1851 m.
1152 1837 1196 1843 ·—
1232 1825 1264 1853 et
1285 1820 1380 1852 intle
1404 1820 1444 1851 A.
1583 1823 1636 1853 11.

941 1933 973 1962 9.
1022 1931 1052 1962 si
1086 1931 1275 1963 volentibus
1304 1930 1399 1962 vobis
1431 1929 1510 1972 erit]
1544 1930 1638 1971 „Est

91 1931 268 1964 monitum
293 1931 411 1971 volui,
442 1943 487 1964 ne
511 1931 593 1973 quis
619 1931 713 1964 alios
739 1931 828 1973 [vid.

895 1975 1125 2017 graecismus
1153 1986 1236 2017 pro:
1257 1975 1287 2006 si
1309 1975 1426 2007 vultis.
1458 1974 1519 2006 Sic
1541 1976 1635 2017 apud

89 1977 181 2018 App.
229 1976 324 2018 crit.]
376 1981 561 2009 mutantes
612 1979 827 2018 sequatur-‘²

89 2021 204 2056 Powr.
242 2020 297 2053 Cf.
324 2021 340 2062 §
367 2025 417 2054 17.
443 2022 663 2063 consulentis,
686 2025 722 2054 et
744 2032 828 2063 pro-

89 2066 191 2109 legg.
215 2078 248 2108 p.
275 2076 372 2098 κων.

133 2114 166 2142 6.
214 2111 243 2143 si
271 2116 333 2143 aut
359 2122 412 2143 me
436 2135 467 2143 ..
494 2110 698 2154 cogitasses]
735 2108 758 2142 i.
795 2121 826 2142 e.

89 2154 123 2187 εἰ
141 2151 199 2196 ἐμὲ
220 2152 425 2197 ἕνενόησας,
451 2155 482 2187 si
503 2167 560 2187 me
585 2154 826 2197 respexisses,

90 2204 128 2232 et
170 2200 268 2231 infra
312 2201 516 2243 opinarer-e,
561 2195 725 2238 ’ὑπενόεις
768 2193 827 2239 ἄν,

89 2255 349 2286 suspicareris.

134 2300 176 2321 ne
213 2290 297 2332 quid
329 2300 350 2321 a
383 2289 438 2321 dis
469 2293 629 2332 petamus
655 2312 688 2320 ..
708 2311 715 2319 .

90 2333 193 2375 sileri]
236 2334 377 2366 Seneca
409 2334 432 2365 l.
466 2345 497 2365 c.
530 2334 606 2375 (ep.
635 2335 686 2364 10.
721 2334 741 2373 §
772 2336 826 2370 5.)

89 2378 185 2418 apud
206 2377 479 2409 Athenodorum
503 2377 555 2410 ait
579 2388 618 2409 se
643 2377 828 2410 invenisse

89 2421 201 2453 haee:
245 2423 340 2454 'I'unc
376 2423 459 2454 scito
490 2427 523 2454 te
562 2433 633 2454 esse
672 2423 826 2454 omnibus

88 2467 338 2508 cupiditatibus
362 2467 528 2505 solutum,
553 2477 658 2508 quum
682 2477 719 2498 eo
741 2477 823 2509 per-

87 2512 239 2551 veneris,
279 2516 317 2543 ηε
348 2511 437 2542 nihil
466 2511 566 2542 (leam
601 2521 721 2554 roges,
757 2511 824 2543 nisi

87 2556 179 2598 quod
203 2566 332 2598 rogare
353 2556 466 2598 possis
489 2556 622 2597 palam.

130 2603 162 2632 7.
210 2601 304 2633 velut
336 2611 376 2632 ex
410 2600 562 2642 symbola
593 2598 823 2641 conserendis]

88 2644 132 2676 cf.
159 2656 189 2676 c.
216 2646 270 2676 24.
296 2644 312 2686 ἕ
340 2646 392 2676 14.

130 2691 162 2721 3.
209 2690 302 2721 rivos
327 2689 504 2732 deducere]
527 2689 606 2720 Hoc
631 2687 697 2727 Ill,
717 2688 749 2727 3,
769 2689 821 2719 10.

86 2734 153 2775 (cf.
190 2733 226 2774 Ι,
264 2736 316 2765 15.
353 2736 428 2771 21.)
471 2733 692 2775 explicatur:
730 2733 823 2765 riuos

85 2783 214 2811 veteres
237 2779 436 2812 sordidatos
456 2779 646 2821 detergere.

131 2823 263 2855 salubri
299 2823 405 2860 Ιῖιιυίο
449 2823 612 2864 mersare]
656 2821 679 2854 i.
715 2833 745 2854 e.
782 2824 822 2854 ut

87 2872 235 2899 curetur
260 2867 418 2906 scabies.
445 2867 492 2899 cf.
518 2879 546 2899 c.
568 2870 617 2899 16.
638 2868 726 2906 §1:2.
753 2867 819 2907 111,

86 2912 126 2950 3,
161 2914 198 2943 11
224 2915 260 2944 et
287 2913 338 2943 12.
386 2912 586 2946 Praeterea
617 2911 689 2945 vid.
722 2912 820 2945 Har—

87 2958 188 2998 tung.
214 2956 242 2988 l.
269 2967 302 2999 p.
330 2959 395 2989 188
419 2968 472 2999 sq.

745 2299 826 2320 COH-

897 2020 990 2051 Plat.
1019 2020 1053 2051 in
1080 2020 1218 2052 Phaed.
1245 2021 1300 2050 24.
1330 2019 1378 2061 [p.
1404 2022 1458 2050 78.
1490 2019 1634 2062 steph]

896 2065 1057 2097 occurrit
1089 2063 1125 2096 εἴ
1146 2073 1200 2096 σοι
1231 2059 1396 2108 ἡδομένῳ
1420 2060 1514 2096 ἐστὶν
1539 2065 1576 2096 h.
1603 2076 1634 2096 e.

895 2110 925 2141 si
950 2110 1013 2142 tibi
1033 2109 1161 2152 placet,
1186 2113 1221 2141 et
1246 2109 1282 2140 in
1297 2108 1450 2151 Cratyio
1470 2111 1498 2140 1.
1525 2108 1561 2141 εἴ
1581 2118 1635 2140 σοι

894 2152 1099 2198 βουλομένῳ
1122 2151 1227 2193 ἐστίν,
1251 2153 1286 2185 h.
1314 2164 1363 2192 e.,
1387 2154 1418 2185 si
1442 2154 1504 2185 vis.
1554 2153 1632 2185 x'id.

897 2197 1018 2241 Viger.
1060 2199 1104 2231 de
1153 2198 1256 2230 idiot.
1292 2210 1328 2241 p.
1373 2200 1451 2229 202.
1498 2197 1632 2240 [243.]‘'·

896 2242 1008 2275 ZEUN.
1030 2261 1072 2266 —
1095 2243 1151 2275 Cf.
1177 2243 1230 2284 ΙΙ,
1253 2246 1285 2282 3,
1316 2243 1368 2274 14.
1394 2242 1456 2281 Vl„
1485 2245 1515 2282 1,
1536 2246 1566 2274 3.
1596 2246 1634 2275 et

895 2291 932 2325 6,
959 2290 990 2318 1.
1026 2287 1113 2326 vll,
1136 2291 1169 2326 7,
1195 2289 1228 2318 2.
1262 2291 1299 2319 et
1329 2289 1388 2326 13,
1416 2289 1469 2318 11.
1497 2290 1533 2318 et
1557 2286 1632 2319 vid.

894 2331 1075 2374 Leopardi
1094 2332 1245 2364 Emend.
1264 2332 1322 2372 lv,
1344 2334 1388 2363 23
1407 2336 1443 2364 et
1463 2333 1519 2363 24.
1545 2332 1633 2364 Rei-

893 2377 964 2419 sig.
993 2378 1055 2409 lat.
1072 2376 1263 2420 Sprachw.
1287 2388 1322 2419 p.
1337 2379 1413 2409 756.
1440 2387 1521 2408 cum
1545 2381 1633 2409 nota

894 2421 1038 2454 Haasii.

938 2466 1159 2509 impetratum
1203 2465 1312 2507 teneo]
1354 2464 1480 2497 Simili
1524 2465 1631 2497 modo

890 2509 975 2542 Itali
1010 2510 1236 2543 recentiores
1267 2513 1419 2542 utuntur
1450 2509 1562 2541 verbo
1598 2510 1631 2542 io

890 2559 995 2597 teugo
1018 2567 1098 2587 cum
1125 2554 1323 2597 participio
1350 2553 1555 2596 praeteriti.

936 2601 989 2631 10.
1034 2611 1096 2632 nec
1122 2600 1271 2632 Homero
1301 2600 1375 2631 sine
1399 2604 1481 2631 nota
1507 2598 1562 2629 vel
1593 2598 1629 2628 in

885 2645 1001 2682 fratre
1051 2649 1277 2677 memoratum
1330 2643 1393 2684 est]
1449 2641 1630 2683 „Spectat

890 2687 1100 2730 Evangelus
1125 2689 1218 2721 illud
1245 2687 1481 2719 Homericum
1515 2686 1558 2717 11.
1583 2683 1629 2728 β’,

889 2733 965 2763 408,
994 2732 1057 2764 ubi
1087 2733 1130 2765 ad
1159 2731 1454 2774 magnitudinem
1480 2730 1628 2772 vimque

889 2776 1077 2809 amicitiae
1120 2777 1307 2809 fraternae
1352 2775 1627 2817 exprimendam

890 2823 1006 2860 ultro,
1034 2832 1102 2853 non
1130 2821 1321 2859 invitatus,
1356 2820 1546 2852 Menelaus
1571 2819 1627 2851 di-

889 2866 984 2898 citur
1004 2866 1129 2898 venire
1149 2866 1194 2898 ad
1217 2875 1364 2897 coenam
1384 2865 1627 2908 Agamemno-

887 2911 984 2943 nis.“
1016 2911 1126 2943 ZEUN.
1152 2928 1194 2934 —
1220 2909 1431 2943 Macrobius
1459 2909 1625 2942 imitatus

888 2961 943 2989 est
990 2956 1183 2989 Platonem
1233 2954 1402 2998 Sympos.
1460 2966 1496 2997 p.
1548 2956 1623 2986 174.
