1809 3137
740 51 989 78 νιιΑιῡιτΛτιο.
1612 31 1667 71 xl

64 159 279 189 nocturnum
305 153 507 195 Dionysum
531 149 629 183 lovis
654 152 690 182 et
708 147 952 190 Proserpinae
972 150 1095 178 natum
1123 145 1305 178 Diodorus
1328 145 1388 177 lv.
1415 145 1460 186 [c.
1481 145 1526 186 4.]
1552 143 1675 176 trudit.

63 210 111 242 Ut
137 210 351 247 Medontius,
379 207 639 250 Septidonium‚
671 204 721 236 itu
747 203 918 235 Sebadius
944 213 1008 244 pro
1037 202 1245 240 Mezentius,
1276 201 1532 244 Septizonium,
1559 202 1673 232 Suba-

63 265 148 297 zius.
198 264 249 295 De
275 263 432 295 Sabuzio
457 261 603 293 Baccho
629 259 700 291 vid.
727 258 852 290 Scliol.
880 256 1066 298 Arintopli.
1091 257 1134 288 ud
1161 256 1280 297 Σφῆκ.
1306 268 1337 298 p.
1370 258 1431 287 132
1446 256 1478 287 b.
1496 268 1525 287 c.
1551 256 1675 297 [v.9.]‚

67 319 187 352 rusius
218 319 260 350 nd
285 315 385 359 ”Ορν.
417 329 448 359 p.
476 319 587 348 53:311.
615 327 647 357 p.
678 317 717 345 12
735 325 765 346 a.
799 313 844 354 [v.
870 314 935 343 574
963 317 998 343 vt
1022 312 1115 353 ma]
1152 317 1260 351 atque
1295 312 1456 353 spi-neor
1488 312 1530 343 nd
1569 310 1674 353 Orig.

67 373 181 416 [Adde
205 373 418 405 Reul-Enc.
449 383 476 403 s.
507 382 538 402 v.
568 370 741 402 Sabazius
766 374 802 400 ct
826 368 984 399 Sulmns.
1014 367 1162 398 Exercc.
1189 366 1284 397 l'lin.
1310 378 1342 407 p.
1367 369 1444 397 ⁸:⁵⁴.
1471 366 1503 397 b.
1531 366 1603 408 G.].
1633 383 1674 389 -

67 432 125 469 18,
152 431 203 460 16.
248 427 404 469 Amplio.
441 426 528 458 Num
553 426 724 466 Scaliger
750 423 896 466 quidem
930 427 965 454 ct
988 422 1083 454 nlius
1108 420 1285 452 Naevium
1321 432 1400 452 cnm
1428 421 1562 453 Lai-xio
1591 431 1676 452 con-

65 483 197 515 fundit.
247 483 321 513 Yid.
355 481 498 512 Theod.
529 480 734 522 Rycquium
769 478 922 509 Dissert.
954 477 997 508 dc
1023 477 1165 508 Aeneae
1197 476 1230 507 in
1261 476 1405 507 ltulium
1432 477 1603 507 adventu.
1637 493 1672 499 —

67 540 127 578 18,
153 541 205 569 19.
240 533 318 569 Ἰιὶω
345 536 426 579 [siv]
461 536 595 568 dicitur
621 533 783 566 lenovnh
816 533 926 564 ctiam
956 532 1109 573 0rigcui
1138 531 1238 562 Com.
1266 531 1299 562 in
1328 531 1428 562 loun.
1456 535 1540 561 tom.
1565 531 1616 569 ll,
1642 542 1676 572 p.

65 595 120 625 45.
179 593 280 625 Adde
319 592 461 633 scalig.
504 591 573 621 linc
615 590 659 621 dc
699 587 953 620 emendatione
995 586 1171 628 temporis
1212 590 1247 618 ct
1285 586 1330 617 ΙΙ.
1369 585 1589 617 Snnl'ordum
1633 587 1677 617 de.

64 648 242 680 descensu
269 647 408 678 Christi
434 647 475 678 ud
504 645 641 677 inferos
666 648 702 675 ot
725 644 854 684 Spene.
882 643 924 674 ad
953 642 1055 683 Orig.
1082 643 1161 673 udv.
1180 641 1275 673 Cels.
1303 641 1366 672 lib.
1384 641 1440 679 H,
1460 643 1561 683 p.81.
1581 652 1610 673 a.
1635 659 1675 664 —

68 705 121 744 19,
146 706 195 735 16.
233 702 454 734 Deserilmut
482 697 651 741 κηρύκεια
676 699 801 730 codem
827 698 903 728 fero
928 697 1034 728 modo
1056 697 1280 728 scholiastae
1303 696 1538 738 Thucydidis
1565 696 1609 728 ad
1638 695 1677 727 C.

65 758 94 790 l.
124 769 158 800 p.
182 760 238 789 36.
269 757 398 798 Stepn.
431 755 515 796 [vid.
546 754 635 795 not.]
668 757 704 785 ct
734 752 863 784 Dionis
890 751 1148 794 chrysostomi
1184 752 1225 783 ad
1259 756 1350 784 orat.
1380 752 1456 782 vll.
1483 750 1563 794 [9.],
1606 751 1677 783 nisi

64 813 159 855 quod
185 812 265 844 alas
289 807 515 851 ἑκατέρωθεν
540 810 759 851 neglegunt:
803 807 985 839 adduntur
1010 817 1073 838 cae
1100 807 1134 838 in
1164 807 1276 838 veteri
1303 818 1412 838 numo
1436 817 1543 838 nereo
1568 806 1678 838 Drusi

66 867 212 899 Tiberii
237 866 275 898 F.
299 876 356 907 ap.
384 865 556 897 Torrent.
584 865 627 896 ud
655 864 754 896 Suet.
781 861 900 904 Calig.
929 874 957 893 c.
985 862 1104 893 xllll.
1133 873 1165 903 p.
1190 865 1266 893 290.
1300 880 1345 886 —
1380 864 1441 901 20,
1467 864 1498 893 5.
1532 867 1679 894 ventura

65 922 302 955 trahuntur
328 921 408 952 edd.
440 919 601 961 Virgilii.
626 938 662 942 —
696 922 759 958 21,
789 921 827 949 12
852 923 941 949 extr.
973 918 998 948 Ε
1025 917 1224 948 Plutarcho
1250 921 1286 949 et
1305 916 1494 948 Clemente
1520 917 1679 949 Alexan-

65 975 171 1009 drino
197 976 278 1008 vide
304 976 397 1007 haec
424 975 515 1006 liene
540 974 723 1016 explicata
747 974 791 1004 ub
818 973 1021 1004 Alexandro
1046 973 1185 1003 Donato
1210 972 1274 1004 lib.
1300 972 1327 1003 1.
1360 972 1403 1003 de
1434 973 1523 1004 urbe
1552 973 1680 1006 Roma.

66 1050 109 1056 —
135 1034 200 1071 22,
226 1033 256 1062 1.
289 1031 410 1062 virtus
437 1035 472 1060 ct
495 1029 557 1060 hic
582 1029 647 1060 deu
672 1032 729 1060 est
753 1028 972 1059 Aristotcles
999 1027 1116 1058 Ethic.
1166 1027 1213 1067 ll,
1237 1029 1267 1058 9.
1296 1024 1448 1068 λ”ἐμεσις
1472 1025 1509 1059 ὁὶ
1530 1025 1682 1069 μεσότης

68 1083 215 1128 φθόνου
239 1084 299 1117 καὶ
323 1082 627 1126 ἐπιχαιρεκακίας,
668 1088 703 1115 ot
736 1094 816 1114 mox
843 1079 862 1114 ὁ
886 1080 950 1123 μὲν
980 1079 1048 1123 γὰρ
1079 1078 1304 1123 νεμεσητικὸς
1333 1083 1496 1114 λυπεῖται
1523 1079 1579 1113 ἐπὶ
1606 1084 1682 1120 τοῖς

68 1137 225 1180 ἀναξίως
248 1133 289 1171 εὖ
312 1137 541 1181 πράττουσιν.
566 1143 632 1170 cet,
665 1157 709 1162 —
739 1140 802 1177 22,
836 1141 868 1169 7.
904 1136 979 1168 ΠΛ.
1013 1137 1056 1168 de
1088 1137 1157 1167 hoc
1190 1147 1314 1169 amore
1346 1137 1432 1169 Fed.
1460 1137 1607 1169 Morell.
1634 1137 1679 1169 ad

66 1195 196 1227 Dionis
217 1194 370 1226 Prusaoi
394 1198 486 1225 orat.
509 1193 561 1224 w.
592 1204 624 1234 p.
651 1194 702 1224 22.
758 1192 861 1234 [Add.
894 1192 1069 1223 Alexand.
1096 1191 1279 1223 Pramum.
1312 1193 1419 1235 phys.
1446 1193 1477 1232 l,
1508 1194 1581 1225 134.
1607 1194 1682 1224 Koc-

68 1248 140 1287 κῶς
162 1259 254 1287 τινες
275 1244 324 1286 ὥς
347 1248 503 1288 δαίμονα
527 1245 593 1289 τὴν
624 1243 715 1289 ἠχὼ
747 1244 975 1288 μυθεύουσιν
1005 1243 1109 1278 εἶναι.
1145 1242 1245 1278 ἄλλοι
1278 1246 1316 1280 ὁέ
1347 1256 1436 1289 φασι
1466 1244 1530 1279 τὸν
1558 1247 1681 1279 Πᾶνα

69 1301 301 1345 πεφιληκέναι
332 1300 480 1344 ταύτην.
528 1302 681 1334 Ptolem.
709 1314 787 1334 nov.
814 1302 903 1333 hist.
932 1302 996 1333 lib.
1023 1302 1098 1333 Vll.
1123 1312 1168 1343 up
1209 1302 1402 1334 VVesterm.
1431 1303 1618 1345 Mytllogr.
1645 1314 1680 1344 p.

74 1361 150 1399 196,
172 1361 226 1390 24.
260 1354 332 1390 Διὰ
359 1357 468 1389 τοῦτο
492 1354 679 1400 Ἀφροδίτη
704 1354 927 1398 νεμεσήσασα
952 1354 1114 1399 ἐμβάλλει
1142 1356 1257 1389 Πανὶ
1282 1355 1346 1389 τὸν
1374 1354 1524 1398 ἸΙχοῦς
1553 1356 1681 1398 ἔρωτα.

68 1414 245 1456 Anonym.
274 1413 317 1444 de
344 1413 520 1445 incredib.
550 1415 599 1444 11.
632 1412 680 1444 il).
713 1424 744 1454 p.
774 1415 839 1443 3⁸23
865 1423 917 1453 sq.
954 1411 1030 1443 Τοῦ
1058 1409 1093 1443 ὁὲ
1122 1408 1274 1450 Πανὸς
1306 1410 1347 1443 τὸ
1380 1409 1611 1454 στρατήγημα
1634 1423 1684 1444 τι-

69 1468 206 1510 μῶντες
228 1464 295 1510 τὴν
316 1464 419 1509 Ἠχὼ
441 1467 490 1513 τῷ
520 1465 639 1499 Πανὶ
661 1467 766 1509 φίλην
789 1463 947 1512 iidemu]
974 1485 1016 1490 -—
1040 1469 1096 1505 22,
1124 1470 1158 1498 8.
1186 1467 1341 1509 Priapus
1368 1478 1509 1509 qnoque
1535 1468 1589 1498 sol
1615 1470 1682 1500 est.

67 1523 106 1556 V.
128 1523 254 1555 Scliol.
279 1523 426 1554 Anthol.
452 1535 485 1565 p.
510 1525 586 1554 477.
617 1519 843 1564 Πριαπήσιος
864 1518 1045 1553 Ἀπόλλων.
1088 1522 1228 1554 Tzetza
1250 1523 1294 1554 ad
1318 1522 1503 1565 Lycophr.
1530 1534 1563 1564 p.
1590 1525 1621 1554 6.
1647 1522 1682 1555 b.

69 1594 111 1601 —
139 1579 195 1616 24,
218 1580 269 1609 ll.
320 1578 446 1610 sitium
474 1579 596 1610 mentis
617 1583 672 1609 est
699 1577 850 1608 insania.
891 1577 986 1618 Quid
1014 1576 1259 1609 tricabimus?

182 1632 259 1663 Sat.
285 1633 332 1672 11,
356 1636 389 1672 2,
415 1635 448 1663 6.
491 1634 630 1664 Maeuia
663 1633 770 1664 Gallo
792 1637 900 1674 nupta
928 1631 1068 1663 malim.
1099 1650 1130 1655 ——
1164 1635 1196 1671 5,
1222 1635 1255 1664 2.
1288 1631 1349 1664 Sic
1373 1636 1408 1664 et
1430 1631 1593 1664 velleius
1619 1632 1681 1675 [ll,

73 1689 149 1726 100,
177 1685 222 1728 3]
251 1691 359 1718 recte.
393 1686 470 1717 Vid.
498 1687 541 1718 H.
568 1687 705 1718 Norisii
734 1687 859 1717 cenot.
886 1686 1008 1718 Pisnn.
1035 1686 1113 1718 dies
1138 1687 1183 1718 ll.
1210 1698 1239 1718 c.
1263 1687 1358 1719 Ylll.
1388 1699 1420 1729 p.
1448 1690 1512 1718 182
1539 1699 1590 1728 sq.

183 1740 256 1773 Snt⁴
281 1741 347 1781 111,
372 1743 405 1780 4,
431 1743 463 1772 2.
501 1741 656 1773 Omnino
681 1741 868 1772 addendus
893 1746 947 1772 est
971 1741 1071 1772 locus
1098 1741 1272 1783 egregius
1296 1741 1441 1774 Asconii
1469 1742 1621 1774 Pediani
1647 1741 1682 1775 in

73 1795 262 1828 Ciceronis
287 1795 558 1827 Divinationem
590 1807 622 1837 p.
647 1797 678 1826 4.
704 1795 757 1826 ed.
784 1795 931 1826 Hotom.
958 1795 1278 1836 [Pseudo-Ascon.
1305 1796 1340 1828 in
1368 1797 1447 1829 Div.
1470 1800 1499 1836 1,
1524 1800 1563 1828 3:
1595 1799 1684 1830 Sunt

71 1851 130 1894 qui
154 1851 281 1892 templa
306 1861 377 1882 esse
402 1851 519 1882 dicant
544 1851 761 1893 singulorum
789 1850 841 1881 dis
870 1851 1112 1882 attributorum
1141 1852 1312 1891 locorum,
1343 1852 1526 1884 delubra
1551 1852 1683 1884 multa-

73 1916 147 1937 rum
173 1906 311 1937 aedium
343 1905 403 1936 sub
434 1917 501 1936 uno
532 1910 617 1937 tecto
646 1916 666 1936 a
694 1905 824 1936 diluvio
848 1905 991 1946 pluviae
1016 1906 1240 1937 munitorum.
1292 1907 1366 1938 Alii
1395 1907 1538 1939 delubra
1566 1908 1684 1940 dicunt

72 1971 113 1992 ea
148 1960 276 2002 templa
310 1961 344 1991 in
375 1961 496 2002 quibus
529 1965 607 1991 sunt
640 1960 739 1991 labra
776 1970 952 2002 corporum
984 1960 1231 1992 abluendorum
1262 1972 1353 1993 more
1386 1961 1567 1993 Dodonaei
1596 1963 1684 1994 lovis

71 2020 134 2047 aut
159 2015 330 2057 Apollinis
358 2015 533 2056 Delphici,
569 2015 603 2046 in
629 2025 770 2056 quorum
799 2014 949 2045 delubris
975 2015 1096 2046 lebetes
1126 2016 1344 2058 tripodesque
1371 2017 1542 2049 visuntur.
1596 2017 1684 2049 Sunt

75 2070 179 2102 etiam
205 2070 264 2111 qui
296 2070 438 2100 delubra
465 2070 566 2112 ligna
601 2070 791 2108 delibrata,
831 2069 867 2100 id
894 2074 942 2100 est
969 2070 1196 2109 decorticata,
1234 2082 1297 2113 pro
1325 2071 1521 2103 simulacris
1545 2072 1684 2103 deorum

72 2134 165 2156 more
191 2129 339 2155 veterum
363 2126 478 2166 posita
504 2125 708 2161 existiment,
733 2124 792 2155 sed
815 2123 931 2164 mala]
956 2140 996 2146 —
1028 2126 1080 2164 19,
1104 2127 1135 2155 2.
1169 2125 1204 2155 V.
1233 2136 1261 2156 0.
1288 2137 1471 2169 ogrunum.
1511 2127 1686 2159 Pelusium

73 2177 305 2210 columellae
330 2178 388 2220 μ’,
415 2181 473 2217 10,
501 2181 569 2218 19.,
602 2178 661 2209 ubi
694 2178 832 2220 legitur
861 2178 1060 2221 Pelusiana]
1092 2179 1150 2211 vel
1179 2180 1343 2212 Petisium
1370 2181 1481 2213 Plinii
1509 2181 1604 2223 [Χῖ]
1631 2183 1684 2221 14,

73 2244 101 2265 s.
131 2232 198 2274 15.]
224 2232 307 2264 inde
332 2233 476 2274 reponit
503 2233 553 2264 Io.
579 2233 748 2265 Bodaeus
770 2243 789 2264 a
811 2233 939 2274 stapel
967 2233 1010 2265 ad
1038 2233 1229 2276 Theoplir.
1256 2235 1351 2267 Hist.
1381 2236 1494 2277 plant.
1519 2237 1576 2267 lx'.
1602 2248 1630 2269 c.
1653 2239 1685 2268 6.

73 2299 109 2329 p.
134 2290 210 2318 399.
235 2292 270 2318 et
295 2298 376 2319 mox
404 2299 467 2329 pro
503 2289 607 2320 'I'ibur
636 2289 825 2320 Tiburtium
852 2288 954 2330 legit.
991 2289 1028 2320 V.
1055 2289 1141 2322 llor.
1170 2290 1216 2322 ll.
1242 2290 1318 2322 Sat.
1347 2291 1405 2331 lv,
1430 2294 1482 2323 70.
1507 2309 1551 2315 -—
1574 2293 1631 2332 20,
1657 2294 1684 2323 l.

77 2341 245 2374 Chacidia
271 2343 328 2374 vel
349 2342 514 2375 chalcitis
542 2343 781 2374 eColumella
808 2343 961 2385 corrigit
985 2343 1036 2375 10.
1052 2343 1221 2375 Bodueus
1244 2356 1263 2376 a
1286 2346 1413 2387 Stapel
1434 2346 1477 2377 ad
1494 2346 1685 2388 Theophr.

72 2396 132 2434 IV,
156 2399 186 2427 6.
213 2407 233 2437 p
270 2399 346 2427 385.
370 2407 400 2428 a.
426 2415 468 2420 —-
491 2400 548 2437 20,
573 2400 603 2429 4.
633 2398 671 2428 ln
696 2397 865 2429 adductis
892 2398 984 2429 locis
1005 2410 1143 2441 pomum
1170 2400 1304 2432 malum
1334 2406 1407 2442 est,
1433 2413 1501 2433 non
1529 2401 1687 2442 quilibet

73 2451 213 2483 fructus
241 2451 437 2491 arboreus,
465 2456 502 2483 ut
529 2452 606 2483 vult
629 2452 850 2483 Macrobius.
888 2453 926 2485 V.
950 2453 998 2485 Io.
1022 2453 1209 2486 Bodaeum
1236 2466 1255 2488 a
1279 2455 1405 2498 Stapel
1430 2456 1472 2488 ad
1495 2455 1686 2498 Theophr.

77 2505 175 2538 Hiet.
200 2506 249 2547 pl.
275 2505 333 2544 lv,
356 2508 388 2536 6.
414 2518 446 2548 p.
468 2508 546 2537 383.
567 2507 600 2536 b.

186 2560 264 2592 Sat.
289 2560 327 2599 V,
354 2563 404 2600 16,
427 2563 460 2592 6.
496 2558 644 2601 Μέτρον
666 2556 696 2591 δ’
723 2557 779 2592 ἐπὶ
801 2560 909 2592 πᾶσιν
932 2557 1090 2603 ἄριστον.
1136 2563 1216 2595 Hoc
1242 2564 1398 2596 Hesiodi
1422 2569 1490 2603 est,
1516 2575 1583 2596 non
1608 2564 1686 2596 Ho-

75 2614 178 2646 meri.
204 2615 258 2656 [V.
285 2614 352 2656 Op.
377 2620 411 2646 et
437 2615 476 2646 D.
503 2626 536 2646 v.
560 2617 652 2655 312,
676 2615 738 2646 ubi
766 2614 904 2656 legitur
931 2614 1068 2658 ,Μέτρα
1100 2615 1424 2659 φυλάσσεσθαι.
1459 2617 1618 2660 καιρὸς
1654 2615 1685 2650 δ’

73 2666 132 2701 ἐπὶ
153 2669 261 2701 πᾶσιν
285 2666 453 2712 dimotos]
486 2688 527 2692 —
556 2672 611 2710 20,
629 2673 660 2701 8.
690 2670 805 2702 Affert
830 2670 898 2701 hoc
924 2671 1106 2703 distichon
1131 2673 1276 2705 Anthol.
1296 2674 1342 2713 ll,
1367 2676 1419 2706 40.
1447 2685 1478 2715 p.
1503 2676 1601 2714 239„
1623 2672 1686 2705 ubi

75 2723 190 2756 schol.
216 2724 300 2756 vide
324 2729 360 2755 et
386 2723 513 2765 Steph.
540 2735 572 2756 n.
601 2721 791 2766 Γάργαρα,
825 2724 884 2756 ubi
911 2730 965 2756 est
994 2723 1105 2765 αἰάζω
1130 2723 1184 2759 ὅτι
1207 2728 1344 2768 μοῦνος
1369 2726 1419 2760 ἐνὶ
1443 2729 1550 2771 [quod
1577 2732 1616 2760 ut
1643 2739 1685 2760 ex

73 2777 173 2811 Edit.
196 2783 267 2811 vet.
289 2778 415 2811 attulit
438 2779 587 2821 Zeun.],
623 2780 730 2812 male.
763 2779 840 2811 Vid.
864 2779 913 2812 ib.
938 2779 1166 2815 Bcrkelium.
1201 2801 1236 2807 —
1277 2785 1340 2823 21,
1367 2786 1418 2816 12.
1443 2782 1544 2825 Apud
1570 2783 1685 2815 schol.
