1865 3116
179 46 230 87 12
800 39 1076 82 MACROBII

178 171 317 205 unum,
345 154 456 204 Deci,
484 152 599 193 nobis
630 152 688 206 (ut
718 156 757 192 et
786 152 882 207 ipse,
911 156 1105 207 quantum
1133 155 1201 191 tua
1230 150 1323 192 sinit
1351 150 1633 200 adolescentia,
1662 151 1716 191 vi-

178 215 270 255 dere
303 218 342 253 et
372 225 418 250 ex
449 215 560 265 patre
576 208 723 249 Albino
753 209 890 249 audire
922 208 1100 263 potuisti)
1132 208 1171 248 in
1200 207 1308 248 omni
1337 207 1441 248 vitae
1465 222 1585 249 cursu
1614 208 1716 262 opti-

178 284 286 311 mum
321 269 447 309 visum
483 271 560 315 est,
601 270 666 314 ut,
712 270 906 318 quantum
938 278 1093 305 cessare
1122 278 1143 305 a
1174 277 1383 305 causarum
1416 264 1646 305 defensione
1673 263 1717 304 li-

178 326 341 372 cuisset,
369 328 524 363 tantum
556 322 605 362 ad
637 320 885 362 eruditorum
913 320 1119 361 hominum
1150 320 1290 374 tuique
1321 320 1507 361 similium
1533 333 1716 373 congres-

139 386 266 424 4sum
301 381 472 434 aliquem
511 391 820 431 sermonemque
859 376 1091 417 conferrem.
1150 377 1292 430 Neque
1325 376 1429 417 enim
1465 382 1571 417 reete
1607 376 1717 416 insti-

177 444 288 479 tutus
318 437 473 477 animus
502 435 753 489 requiescere
781 438 851 473 aut
876 433 1013 474 utilius
1041 437 1112 474 aut
1139 431 1345 473 honestius
1373 446 1543 486 usquam
1574 436 1719 486 potest,

178 508 298 549 quam
330 493 367 533 in
398 492 530 545 aliqua
559 489 832 545 oportunitate
864 489 981 530 docte
1017 503 1061 529 ac
1093 488 1307 529 liberaliter
1341 488 1618 543 colloquendi,
1659 487 1718 528 in-

178 549 485 604 terrogandique
516 553 555 588 et
587 546 854 601 respondendi
885 545 1086 587 comitate.
1147 544 1226 585 Sed
1252 545 1455 598 quodnam
1488 544 1593 586 istud
1624 558 1718 584 con-

138 607 350 650 5viviun1?
410 609 474 646 An
502 617 595 645 vero
622 602 885 644 dubitandum
911 617 992 643 non
1016 607 1087 651 est,
1114 601 1210 655 quin
1235 600 1273 642 id
1302 601 1408 641 dicas
1437 601 1545 655 quod
1570 600 1717 641 doetis-

178 664 287 705 simis
318 675 529 717 procerum
560 659 783 713 ceterisque
811 673 938 713 nuper
967 658 1075 713 apud
1103 657 1281 698 Vettium
1312 658 1612 698 Praetextatum
1645 655 1720 697 fuit

179 726 219 762 et
250 720 474 760 discurrens
508 722 599 771 post
631 715 733 756 inter
774 715 950 769 reliquos
986 719 1096 769 grata
1126 713 1358 755 vicissitudo
1389 713 1580 755 variavit?
1636 713 1717 753 De-

111 776 305 831 [204]eius:
338 776 397 815 De
422 774 497 814 hoc
530 774 615 828 ipso
644 772 870 826 quaesitum
901 771 1030 820 venio,
1060 775 1100 811 et
1127 770 1295 824 explices
1320 770 1449 818 velim,
1478 769 1595 824 quale
1622 768 1719 809 illud

180 832 403 874 convixium
439 830 576 878 fuerit,
627 842 649 869 a
688 842 768 882 quo
808 833 848 869 te
877 827 1050 869 abfuisse
1080 832 1242 881 propter
1270 826 1509 879 singularem
1538 825 1717 866 omnium

139 889 220 930 ssin
260 894 299 930 te
334 887 546 928 amicitiam
582 899 662 926 non
698 884 852 939 opinor.
911 883 1215 924 Postumianus:
1260 882 1487 923 Voluissem
1521 881 1719 936 equidem,

178 959 309 999 neque
336 944 373 985 id
402 944 495 992 illis,
522 947 568 983 ut
595 941 782 990 aestimo,
814 942 1012 995 ingratum
1041 939 1196 980 fuisset:
1228 938 1319 987 sed,
1344 952 1434 979 eum
1461 944 1593 978 essent
1621 937 1718 978 ami-

179 1016 317 1043 corum
359 1000 570 1054 conplures
600 998 697 1039 mihi
733 1012 876 1038 causae
911 997 984 1037 illis
1015 995 1155 1036 diebus
1184 994 1502 1049 pernoscendae,
1548 994 1597 1034 ad
1629 1007 1717 1034 eoe-

178 1073 270 1099 nam
308 1063 394 1098 tum
431 1061 593 1109 rogatus
634 1054 851 1095 meditandi
887 1067 966 1093 non
1002 1051 1144 1092 edendi
1186 1051 1281 1091 illud
1320 1050 1417 1091 mihi
1446 1055 1603 1104 tempus
1634 1063 1720 1090 esse

178 1114 378 1169 respondi,
410 1112 674 1165 hortatusque
705 1125 792 1151 sum
822 1115 868 1151 ut
897 1109 1017 1150 alium
1045 1108 1179 1163 potius
1207 1107 1317 1148 nullo
1349 1106 1572 1148 involutum
1599 1119 1718 1159 nego-

139 1172 235 1214 Ttio
269 1176 390 1225 atque
427 1183 449 1210 a
481 1182 576 1210 eura
611 1167 779 1213 liberum
819 1170 1068 1222 quaererent.
1132 1165 1275 1219 Itaque
1305 1163 1453 1205 factum
1490 1167 1560 1203 est.
1618 1162 1719 1204 Nam

269 1305 371 1346 [uss.
399 1302 604 1335 Asscrsu.

180 1362 291 1393 visum
316 1362 405 1399 (oin.
431 1362 497 1396 est)
524 1359 579 1389 zb.
627 1357 662 1388 vi
687 1361 735 1389 cst
761 1356 799 1388 P.
824 1375 864 1379 ——
895 1360 1013 1388 totum
1039 1366 1063 1396 g
1083 1353 1117 1386 in
1145 1364 1220 1396 ing.
1247 1371 1288 1377 —
1322 1364 1506 1385 sermonem
1535 1362 1638 1394 quac
1663 1354 1718 1382 x3.

179 1417 365 1437 sermonem
388 1416 455 1435 oin.
485 1415 547 1445 quc
572 1403 660 1434 Ps-z
686 1403 730 1439 (A
759 1412 863 1432 eraso
890 1402 971 1442 que)
998 1400 1116 1441 „quod
1145 1410 1187 1430 ne
1214 1398 1415 1430 subsistere
1443 1397 1589 1439 quidem
1613 1408 1720 1438 posse

182 1454 304 1492 puto⁴‘.
331 1451 441 1481 Gron.
576 1449 607 1478 4.
647 1452 735 1479 recte
758 1458 826 1477 (iun.
856 1447 894 1477 Α.
937 1464 970 1468 -
1008 1445 1208 1487 quidnam
1235 1443 1278 1475 G.
1415 1445 1446 1474 5.
1489 1442 1719 1474 dubitandum

180 1501 228 1527 cst
254 1496 343 1535 (oni.
369 1497 456 1531 non]
484 1493 586 1535 v-gb.
619 1491 693 1522 vid.
721 1496 792 1522 not.
814 1509 855 1513 -
881 1490 1024 1521 vettium
1050 1488 1194 1520 s-bl'ss.
1243 1487 1390 1529 vfflium
1417 1487 1457 1518 B.
1506 1487 1652 1518 vetium
1675 1485 1718 1516 G.

180 1541 336 1572 vectium
364 1538 499 1579 ASv-g.
542 1555 584 1560 —
625 1541 655 1568 et
682 1536 795 1578 quod
821 1535 1014 1567 discurrens
1039 1533 1150 1570 s-bl'3
1180 1532 1214 1564 in
1241 1533 1271 1563 G
1298 1533 1388 1574 qnod
1414 1532 1495 1564 add.
1523 1541 1543 1563 a
1572 1542 1642 1562 rec.
1671 1541 1717 1560 ni.

182 1585 258 1616 Vid.
287 1587 359 1615 not.
384 1602 425 1606 —
452 1582 585 1625 gratia
608 1580 643 1611 h.
662 1599 704 1604 --
727 1591 749 1611 a
774 1592 839 1622 quo
866 1580 1018 1620 abfuisse
1044 1583 1133 1616 (om.
1159 1578 1208 1617 te)
1231 1576 1266 1608 S.
1402 1580 1435 1608 6.
1473 1587 1580 1617 neque
1604 1576 1646 1606 in
1674 1575 1718 1606 il-

180 1630 223 1661 lis
249 1629 288 1660 A.
314 1646 355 1651 —
382 1633 417 1659 ut
445 1627 610 1659 cmislimo
636 1625 741 1667 Sv—g.
767 1642 810 1648 -—
837 1629 940 1666 alque
966 1634 1048 1655 cura
1072 1624 1162 1663 (oin.
1188 1625 1227 1658 a)
1254 1621 1299 1660 S;
1328 1621 1361 1652 iu
1388 1622 1419 1653 G
1445 1621 1526 1653 add.
1554 1631 1575 1651 a
1601 1630 1621 1651 a
1648 1630 1720 1651 ser.

180 1751 221 1781 R.
248 1748 417 1781 Klotzius
443 1750 631 1788 comparat
655 1747 742 1778 inter
768 1750 825 1778 tot
851 1756 914 1776 un·
983 1743 1053 1776 sibi
1088 1743 1166 1784 ipse
1200 1741 1430 1783 respondeat.
1484 1740 1592 1772 Certe
1623 1739 1719 1771 enini

179 1808 240 1826 nos
264 1795 305 1825 ad
335 1794 423 1824 duos
448 1803 561 1824 annos
588 1791 762 1827 relatum,
798 1795 834 1821 ut
860 1789 914 1820 in-

181 1841 237 1871 fra
272 1841 290 1879 ἓ
320 1840 370 1869 13.
419 1843 478 1869 tot
517 1837 588 1868 dics
629 1836 799 1867 dicuntur
836 1834 914 1865 dics

181 1890 255 1916 tres
289 1883 346 1914 vel
388 1882 437 1919 (si
481 1880 635 1922 respicis
668 1881 711 1912 ad
746 1890 787 1911 ca
822 1890 915 1920 quae

181 1930 354 1970 leguntur
380 1926 475 1957 infra
498 1928 517 1965 ς
546 1929 593 1956 15.
625 1936 738 1966 usque
764 1925 806 1955 ad
836 1935 913 1965 cap.

179 1977 217 2011 5)
245 1978 433 2014 quattuor,
463 1976 497 2001 et
522 1970 604 2009 Vll,
629 1972 661 2009 3,
686 1972 729 2000 2⁴
755 1974 813 2001 tot
836 1969 915 2010 phi-

181 2017 398 2060 losophantes
459 2015 629 2046 dicuutur
684 2013 915 2051 Aristoteles,

180 2061 416 2098 Plutarchus,
443 2058 631 2101 Apuleius.

225 2109 255 2137 3.
305 2104 467 2146 licuisset]
508 2100 915 2144 Plusquamperfcctum

181 2163 245 2194 pro
272 2150 489 2191 imperfecto
516 2148 673 2190 ponitur.

224 2195 372 2236 tantum]
411 2190 799 2234 „Subin[elligendum
826 2193 917 2221 teui-

182 2241 294 2283 poris,
320 2240 398 2278 oni,
425 2237 683 2270 cessationis.“
707 2235 826 2266 GRoN.

225 2288 256 2316 5.
307 2286 358 2315 An
391 2295 470 2315 vcro
505 2282 729 2314 dubitandum
761 2291 828 2311 ποιι
866 2283 914 2310 est

181 2331 262 2372 quin
289 2330 325 2360 id
354 2328 464 2369 dicas]
497 2328 598 2359 Haec
632 2326 661 2357 si
694 2325 915 2366 interpreta-

181 2381 238 2406 tus
272 2373 403 2405 fueris:
443 2373 520 2413 „Au
552 2382 638 2404 vero
671 2381 715 2401 ne
749 2369 914 2400 dubitare

180 2419 325 2460 quidem
357 2418 445 2449 licet
472 2416 556 2458 quin
584 2417 619 2448 id
651 2413 819 2451 dicas'3“,
847 2413 914 2445 tol-

180 2465 277 2496 letur
313 2462 492 2494 dubitatio
529 2472 636 2503 quam
675 2458 789 2491 movit
822 2458 916 2489 Zeu—

180 2509 261 2540 nius
287 2507 494 2540 adnotando
519 2506 673 2537 haecce:
702 2504 834 2544 „Hunc
862 2503 915 2534 Ιο-

180 2565 260 2585 cuin
285 2564 366 2585 esse
389 2556 599 2593 corruptum
632 2550 782 2591 linguae
811 2548 915 2590 leges

180 2598 409 2629 convincunt.
457 2595 600 2627 Etenim
637 2605 716 2626 cuni
749 2605 816 2625 non.
851 2593 914 2624 du·

179 2644 299 2679 bitare,
325 2642 355 2674 si
380 2641 644 2683 interrogative
667 2638 825 2681 ponitur,
848 2637 915 2668 ha-

180 2688 265 2719 beat
291 2687 363 2718 viui
396 2685 538 2722 aiendi„
575 2696 644 2716 non
672 2684 780 2716 debet
810 2681 915 2723 sequi

181 2731 363 2773 particula
386 2733 479 2773 quin,
505 2731 567 2762 sed
591 2742 648 2762 an.
682 2729 915 2770 Quapropter

181 2781 243 2807 ant
261 2776 443 2817 antiquam
468 2775 677 2813 lectionem,
694 2784 786 2815 quae
807 2772 916 2804 ornit-

182 2820 227 2852 tit
252 2821 345 2852 illud
370 2833 449 2859 non,
470 2820 708 2851 revocandam
733 2830 813 2850 csse
834 2828 917 2849 cen-

182 2876 257 2902 seo„
285 2869 360 2902 aut,
386 2865 478 2905 quod
508 2865 664 2896 fortasse
688 2862 821 2895 melius
847 2865 916 2900 est,

183 2910 329 2941 sublata
364 2908 653 2946 interrogatione
690 2920 735 2939 un
773 2911 916 2939 inutan-

184 2955 267 2987 dum
301 2953 335 2986 iu
372 2959 425 2986 at:
463 2954 553 2986 adeo
588 2958 625 2986 ut
656 2951 917 2985 postumianus

983 1794 1019 1821 at
1048 1799 1126 1820 vero
1153 1787 1455 1830 occupationibus
1487 1786 1627 1817 servire
1655 1786 1720 1816 du·-

984 1835 1066 1865 dum
1102 1844 1123 1864 a
1155 1832 1244 1863 viris
1277 1831 1431 1863 cruditis
1460 1836 1513 1862 est
1546 1831 1720 1861 observa-

984 1882 1098 1910 tumk‘
1165 1876 1328 1917 Namque
1370 1875 1613 1915 interrogatio
1653 1875 1719 1906 illa

983 1921 1169 1955 rhetorica
1196 1933 1263 1953 non
1291 1921 1389 1952 tollit
1416 1920 1660 1962 negationem.

1028 1967 1118 2010 qnod
1143 1989 1151 1997 .
1167 1989 1175 1997 .
1195 1989 1202 1997 .
1221 1967 1309 2008 fuit3
1337 1971 1368 1997 ct
1389 1966 1582 1997 discurrens
1606 1988 1612 1996 .
1629 1988 1636 1996 .
1665 1965 1718 1996 υἱ-

983 2011 1147 2044 cissitudo
1195 2010 1361 2051 variavit]
1419 2010 1445 2040 E
1494 2009 1718 2042 nominativo

984 2057 1073 2099 quod
1107 2055 1374 2097 intelligendus
1401 2059 1455 2086 est
1484 2054 1718 2086 accusativus

985 2101 1019 2133 in
1057 2101 1175 2132 altera
1213 2099 1418 2132 sententiae
1456 2105 1577 2141 parte,
1623 2099 1717 2140 quod

985 2157 1064 2177 cuin
1089 2156 1156 2176 non
1182 2145 1274 2176 bene
1300 2156 1338 2175 se
1361 2144 1497 2175 habere
1518 2144 1719 2183 videretur,

984 2190 1160 2232 scriptum
1202 2194 1257 2222 est
1297 2195 1327 2221 ct
1367 2189 1473 2231 qnod
1513 2190 1718 2221 discurrens.

984 2236 1029 2268 At
1052 2234 1121 2266 vid.
1149 2238 1220 2266 not.
1250 2234 1292 2266 ad
1321 2233 1459 2265 Comm-
1484 2233 1517 2275 Ι,
1543 2236 1576 2274 6,
1602 2237 1654 2265 77.
1682 2239 1718 2266 et

983 2280 1151 2323 prolegg.
1179 2291 1210 2321 p.
1239 2290 1348 2311 xxxrx
1376 2282 1467 2310 extr.

1027 2324 1231 2356 doctissimis
1287 2334 1465 2365 procerum
1518 2321 1716 2365 ceterisque]

984 2368 1149 2402 Offendit
1175 2379 1231 2399 ine
1260 2368 1396 2406 ceteris,
1436 2378 1516 2398 cum
1545 2378 1613 2398 non
1640 2377 1719 2398 cer-

983 2418 1039 2446 tus
1064 2413 1112 2445 sit
1137 2424 1310 2445 numerus
1336 2413 1377 2443 ad
1405 2423 1510 2453 quem
1532 2411 1624 2443 baec
1653 2421 1718 2444 vox

983 2459 1176 2491 referatur.
1232 2456 1492 2499 lnterpreteris
1533 2456 1718 2498 ceterisque

983 2504 1042 2546 qui
1067 2504 1234 2541 aderant3
1267 2507 1306 2534 ut
1336 2502 1432 2533 infra
1458 2501 1546 2533 inter
1569 2501 1718 2542 reliquos

983 2553 1018 2580 et
1052 2548 1201 2580 omnium
1237 2547 1281 2579 ad
1320 2545 1554 2578 convivarum
1591 2555 1719 2577 nunu:-

982 2604 1061 2625 runi
1091 2592 1247 2624 nondum
1275 2590 1457 2634 proditum
1485 2590 1654 2621 refertur.

1026 2641 1058 2669 6.
1113 2637 1301 2668 I’olnissem
1332 2633 1501 2677 equidem]
1534 2634 1587 2665 Ex
1614 2636 1718 2665 ante—

983 2681 1196 2714 cedentibus
1233 2681 1386 2721 absuisse
1419 2702 1452 2710 ..
1491 2690 1559 2711 non
1597 2679 1718 2721 opinor

982 2726 1173 2768 intelligas
1198 2737 1266 2757 uon
1287 2725 1450 2763 abfuisse.

1024 2768 1290 2814 pernoscendae]
1323 2769 1419 2801 idern
1462 2778 1542 2800 esse
1573 2766 1719 2799 videtur

984 2826 1026 2848 uc
1051 2815 1244 2853 discendae,
1272 2814 1316 2845 cf.
1343 2815 1363 2854 §
1394 2815 1421 2845 l.

1029 2861 1076 2892 ad
1100 2870 1239 2892 coenam
1263 2863 1334 2890 tum
1359 2856 1520 2900 rogatus]
1552 2856 1577 2888 i.
1604 2867 1635 2887 e.
1663 2855 1718 2888 in-

982 2904 1136 2942 vitatus,
1174 2906 1336 2935 vocatus.
1383 2902 1520 2934 Eadem
1549 2901 1583 2933 vi
1612 2912 1719 2933 usur-

985 2954 1108 2993 patum
1134 2960 1215 2982 csse
1239 2948 1358 2981 solum
1384 2947 1535 2981 verbum
1565 2946 1720 2991 rogandi
