1845 3126
201 33 254 75 94
831 28 1107 72 MACROBII

200 145 294 186 dere
322 147 362 184 et
388 142 428 183 in
458 139 647 182 sacellum
680 139 786 181 Ditis
817 153 909 182 arae
937 141 1099 183 Saturni
1125 140 1342 183 cohaerens
1371 141 1508 184 oscilla
1539 141 1734 197 quaedam

134 202 188 244 49
201 214 272 256 pro
303 198 384 240 suis
415 196 612 251 capitibus
648 195 760 237 ferre.
824 196 887 238 Ex
915 197 982 238 illo
1014 197 1205 240 traditum
1235 203 1283 240 ut
1319 199 1422 240 cerei
1455 198 1734 241 Saturnalibus

201 256 509 302 missitarentur‚
549 257 589 293 et
621 252 744 307 sigilla
769 257 853 293 arte
884 252 993 294 fictili
1022 253 1265 308 fingerentur
1295 269 1340 296 ac
1370 255 1523 297 venalia
1551 268 1735 309 pararen-

200 318 266 353 tur
298 324 399 365 quae
435 309 617 350 homines
652 323 723 363 pro
760 307 797 349 se
832 314 953 363 atque
991 310 1073 350 suis
1105 310 1301 364 piaculum
1335 325 1406 365 pro
1437 308 1533 352 Dite
1563 311 1736 352 Saturno

133 368 187 409 50
200 368 386 408 facerent.
445 366 542 406 Ideo
574 365 850 407 Saturnalibus
879 365 1017 406 talium
1045 367 1376 408 commerciorum
1407 372 1547 421 coepta
1572 367 1733 407 celebri-

199 430 258 465 tas
289 428 440 478 septem
471 426 642 477 occupat
671 422 777 471 dies,
808 435 909 476 quos
939 427 1094 463 tantum
1124 422 1283 464 feriatos
1314 423 1407 464 facit
1435 437 1542 471 esse,
1571 437 1651 463 non
1680 422 1734 463 fe-

198 486 281 521 stos
315 492 476 521 omnes:
516 493 607 520 nam
638 478 789 527 medio,
828 478 864 519 id
896 484 956 519 est
994 478 1111 520 tertio
1145 479 1299 520 decimo
1329 479 1552 528 Kalendas,
1590 478 1735 519 fastum

198 535 471 591 probavimus:
519 540 559 576 et
594 535 680 575 aliis
712 534 787 576 hoc
822 534 1117 576 adsertionibus
1156 535 1204 576 ab
1236 535 1296 576 his
1331 536 1543 590 probatum
1577 540 1636 576 est
1667 535 1736 589 qui

198 593 392 634 rationem
424 591 517 633 anni
546 591 741 632 mensium
773 590 1008 646 dierumque
1038 596 1078 632 et
1106 591 1398 632 ordinationem
1427 605 1449 632 a
1479 591 1650 633 Caesare
1678 590 1736 632 di-

198 654 349 704 gestam
381 648 535 703 plenius
564 647 798 688 retulerunt.

311 706 407 746 XII.
466 704 649 757 Cumque
679 703 743 744 hic
770 702 898 745 facere
927 703 1044 745 vellet
1071 702 1189 744 linem
1223 702 1426 756 loquendi,
1456 701 1625 743 subiecit
1654 705 1736 743 Au-

201 760 324 802 relius
355 760 636 815 Symmachus:
662 760 821 813 Pergin,
848 760 1113 808 Praetextata,
1137 759 1298 813 eloquio
1325 764 1404 800 tam
1429 758 1534 799 dulci
1561 758 1610 799 de
1634 772 1738 798 anno

201 831 366 872 quoque
401 817 647 865 edissertam,
675 822 890 870 antequam
922 815 1134 870 experiaris
1169 815 1388 856 molestiam
1421 814 1678 863 consulentis,
1707 813 1739 854 si

200 873 290 928 quis
327 873 428 914 forte
463 873 511 914 de
547 872 823 927 praesentibus
858 872 1015 925 ignorat
1051 885 1132 925 quo
1174 871 1314 912 ordine
1349 871 1409 912 vel
1446 871 1551 926 apud
1587 870 1738 925 priscos

134 929 343 985 [2551fuerit
384 929 444 970 vel
487 929 723 970 certioribus
764 933 904 982 postea
951 927 1097 981 regulis
1142 927 1352 969 innovatus
1395 927 1472 968 sit?
1531 927 1594 968 Ad
1630 926 1738 981 quod

139 983 141 985 i
202 985 434 1026 discendum
472 986 556 1039 ipse
592 984 686 1026 mihi
719 984 863 1025 videris
897 984 1145 1025 audientium
1178 983 1332 1024 animos
1363 983 1549 1024 incitasse
1578 983 1626 1023 de
1655 982 1738 1023 die-

201 1042 276 1082 bus
312 1041 437 1082 mensi
473 1041 617 1082 additis
652 1040 894 1081 disserendo.
954 1041 1058 1081 Tum
1089 1039 1152 1080 ille
1183 1040 1323 1080 eodem
1354 1039 1479 1080 ductu
1510 1038 1649 1080 orandi
1676 1051 1737 1079 re-

162 1098 311 1153 2liqua
339 1097 555 1139 contexuit.
615 1096 721 1138 Anni
746 1102 877 1138 certus
908 1096 1051 1137 modus
1080 1095 1185 1151 apud
1214 1096 1321 1137 solos
1350 1108 1506 1150 semper
1523 1094 1739 1150 Aegyptios

291 1220 394 1263 [Mss.
421 1220 588 1253 ABGPS.

201 1276 310 1308 cereis
334 1275 370 1308 S.
409 1294 454 1300 -—
493 1280 524 1308 et
635 1280 847 1318 pararentur
877 1285 947 1306 om.
978 1274 1019 1306 Ρ.
1157 1276 1213 1305 50.
1251 1274 1428 1307 celebritas
1458 1278 1576 1317 coepta
1605 1272 1739 1315 ASv-g.

200 1339 243 1345 ——
271 1332 352 1363 quos
382 1324 546 1353 tantum
573 1321 662 1363 v-gb
689 1320 865 1363 probante
891 1318 1040 1351 Zeunio.
1068 1337 1107 1342 -
1133 1319 1280 1358 feriatos
1305 1330 1374 1351 csse
1394 1320 1485 1360 facit
1511 1320 1548 1350 A.
1581 1317 1740 1349 Zeunius

200 1365 401 1398 arbitratur
423 1365 618 1407 legendum
644 1376 741 1396 esse:
775 1365 924 1405 feriatos
943 1364 1037 1404 facit
1062 1364 1136 1395 sed
1165 1374 1232 1394 non
1255 1365 1364 1403 festos
1393 1375 1517 1395 omnes.
1555 1381 1593 1386 --
1622 1364 1741 1403 fastos·

201 1414 301 1452 (sup.
326 1409 408 1441 add.
433 1410 467 1450 e)
495 1409 539 1441 G.
571 1428 617 1434 —
653 1410 783 1441 decimo
814 1410 915 1441 tertio
948 1419 1024 1450 c-g.
1062 1425 1104 1430 —
1133 1409 1270 1448 fastum
1296 1408 1355 1440 AB
1376 1408 1454 1450 (GS
1480 1419 1560 1450 sup.
1584 1407 1667 1439 add.
1693 1409 1740 1444 e).

202 1455 278 1486 vid.
299 1457 373 1485 not.
414 1455 545 1494 festum
571 1453 660 1485 Edd.
690 1453 728 1485 P.
751 1471 795 1476 —
815 1465 838 1486 a
868 1454 903 1486 C.
935 1453 1082 1485 Caesare
1106 1452 1208 1483 s-bP.

291 1508 373 1540 XII.
428 1509 539 1550 Caput
572 1509 653 1541 XII.
698 1508 873 1549 Quomodo
903 1518 1032 1540 annum
1059 1506 1272 1539 ordinaverit
1300 1506 1466 1538 Romulus
1496 1505 1599 1537 cli—l).
1655 1507 1738 1548 Cap.

208 1554 311 1585 1'111.
354 1553 428 1593 Quo
452 1554 570 1585 ordine
586 1554 700 1592 fucrit
726 1564 859 1584 annus:
884 1563 992 1594 quove
1015 1552 1071 1583 sit.
1094 1562 1114 1582 v
1144 1550 1175 1592 (i
1207 1551 1290 1592 Cap.
1324 1551 1434 1591 1‘11.).
1550 1553 1579 1583 1.
1617 1551 1680 1582 Izis
1707 1551 1740 1581 b.

201 1616 244 1621 —
283 1608 370 1629 tuem
398 1598 562 1639 loquendi
581 1599 703 1638 facere
726 1597 828 1630 vellet
854 1608 931 1639 v-g.
957 1613 999 1620 »-
1030 1596 1165 1639 Perge,
1189 1596 1243 1626 mi
1271 1595 1492 1627 Praetextato
1516 1606 1583 1637 v—g
1607 1595 1678 1638 (hg
1705 1595 1740 1627 in

202 1653 277 1684 mg.
305 1643 469 1684 „pergiw
493 1644 627 1679 ant.“).
658 1660 702 1665 —-
744 1642 786 1673 (Ie
813 1651 994 1683 annoque
1019 1640 1096 1671 BG.
1128 1657 1171 1663 -
1204 1640 1399 1671 dicendum
1424 1639 1574 1672 BGSvl.
1604 1658 1639 1662 —
1674 1651 1741 1671 au-

203 1687 373 1719 dientum
398 1686 528 1718 Bs-zS.
557 1705 593 1709 -
623 1686 665 1718 dc
690 1686 808 1718 dicbus
835 1707 842 1715 .
860 1708 867 1716 .
886 1707 894 1716 .
921 1684 1134 1726 disserendo]
1161 1695 1189 1716 c,
1217 1686 1266 1715 10.
1287 1685 1307 1724 §
1331 1685 1384 1716 23.
1413 1702 1450 1707 -
1479 1685 1652 1718 contexuit
1677 1684 1742 1716 BG

202 1800 359 1833 nominis
394 1812 461 1833 usu
503 1800 687 1843 singulari
724 1801 817 1833 conf.
855 1812 939 1844 pro-

202 1847 301 1888 legg.
325 1856 357 1887 p.
381 1856 471 1877 xnu.
494 1850 584 1877 extr.

246 1891 281 1921 in
300 1891 463 1921 sacellum
491 1891 582 1922 Ditis
604 1901 687 1921 arae
713 1889 859 1922 Saturni
879 1901 936 1921 co-

201 1933 356 1975 haerens]
400 1933 456 1965 Ci'.
497 1945 526 1965 e.
563 1938 594 1965 7.
633 1934 649 1975 §
686 1936 730 1964 30
763 1945 831 1976 sq,
873 1933 935 1965 ubi

200 1978 409 2019 complures
446 1989 532 2010 arae
569 1977 764 2010 Saturniae
799 1989 936 2011 memo·

201 2026 340 2054 rantur.

246 2067 366 2098 oscilla
396 2065 580 2107 quaedam]
614 2065 665 2097 Cf.
695 2065 783 2097 ibid.
817 2066 938 2098 oscilla

201 2111 248 2143 ad
269 2111 455 2142 humanam
480 2111 634 2152 effigiem
660 2116 734 2143 arte
761 2111 937 2143 simulata.

245 2167 298 2196 49.
351 2166 405 2197 Es
445 2165 505 2196 illo
540 2165 708 2197 traditum
748 2166 799 2207 ul]
840 2164 935 2197 idem

202 2210 364 2241 valetne
388 2220 415 2240 c.
438 2211 469 2240 6.
493 2210 512 2248 ἕ
537 2211 588 2241 10.
616 2209 706 2241 Hinc
726 2210 937 2242 deductus

201 2265 285 2286 mos
315 2259 353 2286 ut
386 2256 473 2292 cet.,
508 2253 566 2285 vel
600 2264 630 2283 c·
655 2257 687 2286 7.
718 2256 738 2294 g
764 2257 818 2286 32.
853 2255 938 2287 Inde

201 2308 272 2329 mos
303 2308 376 2340 per
410 2298 675 2330 Saturnalia
712 2299 936 2332 missitan-

201 2343 272 2374 ‹lis
302 2342 440 2374 cereis
465 2342 584 2384 coepit.

243 2396 306 2427 pro
334 2385 423 2427 Dite]
459 2385 481 2417 i.
508 2396 538 2417 e.
575 2385 759 2428 piaculum
791 2386 939 2429 proprie

201 2430 277 2462 Diti
299 2430 501 2462 ferendum.

244 2477 298 2506 50.
347 2475 471 2507 talium
505 2473 792 2516 commerciorum]
826 2474 938 2506 Refe-

200 2519 351 2550 roudum
400 2529 482 2550 esse
524 2518 669 2550 videtur
716 2518 759 2549 ad
809 2518 938 2561 sigilla

200 2574 292 2604 quae
322 2566 401 2595 arte
427 2562 534 2594 fictili
560 2562 787 2605 fingerentur
811 2574 852 2595 ac
876 2574 937 2595 ve-

201 2607 300 2639 nalia
340 2610 570 2649 pararentur.
639 2606 702 2638 Sic
739 2608 938 2640 commercia

201 2652 313 2683 habet
336 2651 479 2684 Plinius
506 2650 548 2683 N.
573 2650 620 2682 H.
647 2651 772 2692 XXVI,
797 2654 827 2685 4.
850 2664 878 2684 s.
903 2655 935 2684 9.

247 2751 328 2781 quos
367 2744 502 2772 tantum
537 2739 686 2778 ferlatos
717 2739 810 2779 facit
852 2750 934 2780 esse,

201 2794 266 2813 non
287 2786 397 2823 festos
423 2784 550 2825 omues]
582 2783 606 2815 i.
632 2794 662 2815 e.
697 2783 814 2816 efficit
839 2784 934 2815 cele-

201 2826 337 2865 britas,
375 2831 414 2859 ut
448 2838 561 2869 opera
590 2832 734 2860 cessent
766 2828 934 2860 omuibus

200 2869 278 2902 illis
305 2871 434 2903 diebus
471 2872 535 2909 (cf.
568 2883 598 2904 c.
627 2874 677 2904 16.
709 2874 728 2912 §
753 2875 824 2913 9.),
863 2883 934 2904 non

201 2918 238 2945 ut
267 2914 336 2946 diis
361 2919 484 2947 essent
507 2926 632 2948 omues
663 2915 775 2948 dicati
807 2917 873 2954 (cf.
905 2928 934 2948 c.

1007 1802 1060 1831 16.
1082 1800 1098 1841 ἕ
1123 1800 1196 1841 2,),
1225 1798 1357 1832 Festus
1383 1811 1439 1842 ap.
1465 1799 1570 1831 Paul.
1596 1799 1659 1832 lib.
1683 1799 1741 1840 VI,

1006 1856 1038 1886 p.
1062 1847 1116 1876 86.
1138 1844 1264 1876 Muell.
1292 1850 1323 1878 et
1349 1845 1442 1876 aliae
1466 1844 1621 1885 (feriae)
1645 1849 1744 1877 crant

1005 1890 1078 1921 sinc
1110 1889 1165 1920 dic
1192 1890 1304 1930 festo,
1342 1894 1378 1921 ut
1407 1889 1607 1921 nundinae:
1650 1889 1744 1921 aliae

1005 1945 1079 1965 cum
1094 1935 1209 1974 festo,
1240 1939 1278 1966 ut
1307 1934 1596 1972 Saturnalia,
1621 1934 1744 1976 quibus

1004 1978 1291 2020 adiungebantur
1327 1978 1542 2021 epulationes
1585 1989 1625 2009 ex·
1658 1989 1742 2020 pro-

1004 2026 1106 2053 ventu
1128 2023 1224 2062 fetus
1246 2033 1404 2064 pecorum
1423 2024 1654 2065 frugumque.
1685 2021 1744 2054 Si-

1005 2065 1109 2098 milia
1131 2065 1320 2098 adnotavit
1342 2066 1512 2098 Zeunius.

1042 2110 1194 2151 fastum]
1227 2110 1249 2142 i.
1276 2122 1305 2142 e.
1340 2122 1409 2152 quo
1439 2112 1494 2143 fas
1526 2110 1574 2143 sit
1603 2110 1660 2142 ius
1687 2110 1743 2143 di-

1006 2165 1108 2193 cere,
1151 2155 1197 2186 cf.
1232 2166 1261 2186 c.
1292 2157 1342 2186 16.
1375 2157 1418 2195 ἓξ
1447 2158 1480 2188 3.
1509 2158 1545 2187 et
1572 2157 1623 2186 14.
1671 2155 1742 2187 Aut

1005 2197 1058 2230 sic
1097 2202 1159 2230 aut
1191 2201 1383 2240 profestum
1424 2199 1620 2242 legendnm
1659 2210 1742 2231 esse

1005 2242 1173 2285 probavit
1196 2243 1356 2275 Zeunius
1383 2245 1468 2275 coll.
1494 2255 1523 2276 c.
1546 2246 1598 2275 10.
1624 2244 1643 2283 ἓ
1670 2245 1725 2276 23.

1050 2298 1071 2319 a
1092 2287 1250 2330 Caesare]
1273 2287 1352 2320 Vid.
1373 2292 1447 2321 not.
1465 2289 1508 2320 ad
1532 2299 1561 2319 c.
1579 2290 1629 2319 10.
1647 2290 1667 2328 ς
1684 2290 1739 2320 23.

1050 2341 1136 2382 XII,
1164 2344 1193 2374 1.
1242 2348 1428 2385 antequam
1455 2342 1643 2386 experiaris
1666 2354 1741 2375 πιο-

1004 2386 1140 2418 lestiam
1176 2387 1395 2429 consulentis]
1429 2387 1451 2420 i.
1485 2399 1515 2419 e.
1545 2391 1740 2430 antequam

1005 2430 1072 2462 tibi
1108 2431 1371 2475 interrogando
1404 2431 1612 2464 molestiam
1650 2431 1743 2464 affe-

1004 2478 1081 2516 rat,
1121 2475 1152 2507 si
1184 2476 1265 2517 quis
1295 2480 1362 2508 cet.
1413 2477 1469 2509 Cf.
1502 2476 1672 2518 prolegg.
1706 2487 1738 2517 p.

1003 2530 1100 2551 xmv.
1153 2520 1258 2552 Hanc
1292 2520 1395 2552 verbi
1433 2520 1634 2552 consulendi
1665 2519 1740 2551 vim

1004 2574 1072 2595 non
1116 2563 1346 2596 intellexisse
1384 2564 1528 2596 videtur
1567 2563 1740 2603 Zeunius,

1003 2607 1065 2649 qui
1090 2608 1246 2640 coniecit
1278 2609 1454 2640 audientis
1481 2607 1538 2640 vel
1570 2608 1740 2640 consilen-

1001 2653 1047 2684 tis
1075 2653 1131 2684 vel
1156 2653 1195 2694 (e
1218 2652 1342 2685 Gellio
1366 2652 1444 2692 XII,
1471 2654 1501 2692 1,
1527 2654 1601 2690 22.)
1629 2653 1741 2685 consi-

1003 2697 1171 2729 lescentis.

1046 2738 1246 2780 innovatus]
1290 2737 1387 2771 idem
1429 2739 1507 2771 fere
1550 2742 1606 2771 est
1644 2740 1737 2781 quod

1000 2789 1148 2817 novatus
1171 2783 1231 2815 vel
1256 2788 1421 2824 mutatus,
1446 2784 1549 2817 aliter
1572 2785 1739 2817 constitu—

1002 2833 1067 2860 tus.

1046 2873 1078 2902 2.
1129 2871 1220 2903 Anni
1244 2875 1355 2903 certus
1382 2871 1503 2902 modus
1529 2871 1625 2914 apud
1650 2873 1739 2904 solos

1002 2925 1131 2958 semper
1155 2914 1347 2959 Aegyptios
1370 2914 1458 2956 suit]
1489 2914 1543 2948 Cf.
1577 2927 1608 2948 c.
1636 2918 1688 2948 14.
1720 2916 1736 2957 §
