1845 3126
231 46 286 87 28
859 43 1109 86 MACROBI
1115 45 1132 84 Ι

162 158 305 200 23D1·e
322 156 493 211 pristine
520 153 659 194 eodem
687 153 807 194 modo
840 155 1056 205 dicebatur,
1081 156 1189 210 quod
1222 156 1466 210 significabat
1492 159 1553 199 die
1575 160 1761 214 pristino,

229 213 266 253 id
294 217 353 252 est
380 211 530 265 priore:
560 209 668 263 quod
698 224 804 250 nunc
822 212 960 266 pridie
985 212 1129 252 dieitur
1159 227 1349 254 converso
1381 214 1666 268 conpositionis
1697 229 1759 256 or-

161 269 335 316 Quinc,
379 266 491 320 quasi
515 266 689 321 pristino
718 266 791 307 die.
849 268 929 308 Nee
957 268 1100 308 infitias
1129 283 1176 310 eo
1207 269 1351 310 lectum
1383 270 1488 323 apud
1521 275 1671 311 veteres
1700 272 1762 312 die

227 331 386 379 (suarim
424 323 493 363 sed
525 322 724 363 invenitur
754 322 830 363 hoe
859 324 907 364 de
936 329 1152 374 transacto,
1195 340 1276 365 non
1308 326 1357 366 de
1387 325 1541 376 futuro,
1572 327 1758 381 positum.

225 381 323 421 Nam
354 379 424 420 Cn.
454 378 620 419 Mattius
651 378 771 419 homo
805 379 967 434 inpense
999 380 1140 421 doctus
1178 381 1217 420 in
1246 382 1488 423 Mimiambis
1519 396 1590 437 pro
1624 397 1671 424 eo
1701 383 1759 423 di-

227 436 279 476 cit
309 434 416 490 quod
447 435 595 475 medius
622 443 784 490 quartus
814 450 887 476 nos
918 435 1086 476 dicimus
1114 437 1153 476 in
1184 437 1244 477 his
1277 438 1477 479 versibus:

361 492 498 546 Nuper
527 492 589 532 die
619 500 776 546 quarto,
807 500 850 532 ut
876 493 1078 541 recordor,
1116 501 1148 533 et
1174 501 1272 534 certe

365 549 585 603 Aquarium
613 562 773 589 urceum
807 550 967 589 unicum
994 549 1102 589 (lomi
1124 551 1250 604 freye't.

225 605 312 644 Hoe
340 603 461 657 igitur
490 602 683 652 intererit,
714 610 759 644 ut
788 605 851 645 die
882 613 1019 660 quarto
1050 605 1210 658 quidem
1241 605 1289 646 de
1324 605 1535 660 praeterito
1568 605 1758 654 dicamus,

158 663 212 703 25
225 661 287 701 dese
313 668 448 715 quarte
477 665 609 700 autem
640 659 688 700 de
718 659 864 701 futuro.
925 662 1075 701 Verum
1101 675 1149 701 ne
1179 661 1227 702 de
1254 662 1315 702 die
1340 663 1506 702 crastini
1528 660 1623 701 nihil
1650 666 1756 701 retu-

224 716 315 756 lisse
348 716 569 764 videamur,
602 716 776 769 suppetit
808 717 1038 757 Coelianum
1070 717 1165 757 illud
1196 732 1243 758 ex
1271 717 1370 758 libro
1404 716 1669 757 Historiarum
1697 730 1756 757 se-

159 772 399 826 [215JCundot
427 772 477 812 Si
502 774 559 813 vis
586 772 686 812 mihi
712 774 920 827 equitatum
945 774 1041 813 (lare
1067 782 1100 814 et
1130 775 1212 828 ipse
1235 789 1322 815 cum
1352 782 1471 814 celero
1503 775 1673 813 exercitu
1698 787 1758 814 me

225 829 349 883 sequi,
395 829 457 868 a'z'e
492 829 621 883 quinti
644 828 793 869 Romae
824 830 866 869 in
902 830 1089 883 Capitolio
1128 830 1270 870 curabo
1307 831 1379 870 tibi
1410 844 1567 870 coenam
1601 837 1757 870 coctam.

156 884 210 925 ‘2ss
226 885 301 925 Hic
332 883 612 938 Symmachus:
648 883 807 924 Coelius
836 890 946 934 tuus,
974 884 1120 938 inquit,
1152 891 1190 925 et
1218 885 1421 926 historiam
1452 890 1491 926 et
1519 885 1682 926 verbum
1709 899 1756 924 ex

226 940 458 995 Originibus
485 940 540 981 M.
570 940 732 982 Catonis
763 941 924 996 accepit,
949 941 1054 995 apud
1084 955 1203 995 quem
1231 941 1282 982 ita
1310 942 1500 996 seriptum
1530 947 1605 982 est:
1628 942 1757 996 Igitur

313 1053 415 1095 [mss.
444 1052 651 1085 ABGPSM.

221 1109 276 1139 23.
320 1109 383 1139 Die
403 1108 549 1150 pristine
572 1131 579 1138 .
597 1131 604 1138 .
624 1108 771 1150 pristino
797 1107 866 1149 die]
894 1108 939 1139 cf.
962 1107 1056 1139 Gell.
1084 1108 1107 1139 l.
1133 1119 1163 1139 c.
1189 1110 1209 1148 ἓ
1232 1111 1265 1139 8.
1312 1108 1461 1151 pristini
1486 1107 1581 1140 Gell.
1609 1107 1631 1139 l.
1655 1119 1686 1138 c.

220 1154 274 1184 24.
312 1153 355 1184 in
380 1153 515 1194 inficias
539 1152 575 1184 S.
611 1170 656 1175 —-
688 1152 749 1183 hoc
771 1162 839 1183 om.
861 1153 963 1184 s-bP.
1003 1171 1043 1175 —
1086 1153 1175 1184 Nam
1203 1154 1262 1184 Ca.
1290 1178 1297 1184 .
1318 1176 1326 1184 .
1352 1153 1394 1185 tle
1418 1152 1556 1194 futuro]
1584 1152 1630 1184 cf.
1656 1151 1754 1184 Gen.

223 1197 245 1228 l.
271 1207 299 1227 c⁴
325 1198 344 1236 ἓ
371 1200 421 1229 10.
445 1214 485 1220 -
506 1208 619 1239 gneus
643 1196 847 1228 ABGvMR.
868 1215 907 1219 —
927 1198 1081 1229 multius
1108 1197 1295 1228 Ans-bPS
1322 1197 1363 1234 (h
1391 1197 1424 1228 in
1450 1198 1556 1240 mg.)
1610 1197 1753 1229 matius

222 1241 309 1272 BGa
332 1242 376 1282 (g
402 1241 436 1272 in
464 1245 556 1282 mg.)
590 1241 633 1272 R.
680 1241 822 1272 mucius
861 1242 993 1281 „Ms.“.
1049 1242 1212 1273 [Martius
1246 1241 1293 1273 vi.
1344 1243 1478 1274 Marius
1513 1242 1597 1282 elig.
1643 1259 1678 1264 —
1717 1241 1754 1273 in

219 1286 319 1317 mimi
342 1286 471 1317 iambis
498 1288 536 1317 A.
560 1303 603 1309 —
625 1286 786 1317 diximus
813 1285 855 1317 G.
888 1304 929 1308 -
953 1287 986 1317 in
1011 1287 1059 1318 iis
1088 1288 1139 1318 vl.
1167 1304 1207 1308 —
1232 1292 1262 1318 et
1287 1291 1382 1318 certo
1407 1286 1612 1327 „antiquus
1638 1285 1753 1317 codex

221 1330 353 1370 habet,
392 1330 425 1361 id
455 1334 509 1362 est
535 1330 578 1361 de
607 1329 825 1362 industri-ast
850 1329 930 1372 gin
952 1341 1024 1372 mg.
1072 1336 1193 1362 exerte
1218 1330 1475 1372 ..Adscriptuiu
1501 1341 1588 1362 orae
1613 1329 1753 1361 codicis

220 1374 486 1407 Scriveriani.“
512 1375 614 1406 Pont.
639 1392 680 1398 -
705 1375 887 1416 aquarius
910 1375 951 1406 G.
978 1392 1022 1397 ——
1046 1376 1174 1406 arcium
1196 1375 1274 1406 PM.
1304 1393 1347 1397 —-
1381 1376 1519 1407 unicum
1542 1386 1613 1406 οιιι.
1638 1375 1679 1406 Ρ.
1708 1392 1753 1398 —

221 1420 276 1451 die
300 1425 421 1461 quarte
445 1424 557 1451 autem
574 1419 662 1451 Mss.
687 1423 764 1460 spl.
811 1419 866 1450 die
890 1425 1048 1461 quartae
1068 1425 1181 1451 autem
1196 1419 1367 1461 „Angl.“.
1415 1421 1470 1451 «lie
1494 1424 1608 1451 autem
1631 1423 1753 1462 quarte

220 1474 286 1505 v-g
318 1464 374 1502 (M
401 1475 421 1496 a
447 1475 518 1495 sec.
542 1464 619 1504 nr).
670 1464 725 1495 die
751 1464 872 1505 quarti
902 1469 1016 1496 aulem
1048 1464 1150 1505 p‘2-b.
1286 1467 1340 1495 ⁶25.
1381 1464 1487 1495 nichil
1513 1465 1554 1495 ‹Ie
1586 1464 1641 1495 die
1672 1474 1750 1495 cra-

219 1508 303 1540 stini
327 1509 369 1540 G.
418 1509 473 1540 (lie
500 1508 644 1540 crastini
668 1508 756 1539 nihil
778 1510 866 1547 (om.
887 1508 945 1546 cle)
970 1508 1026 1539 cli.
1054 1526 1096 1531 —
1128 1509 1278 1551 suppetit
1302 1532 1309 1539 .
1326 1530 1333 1537 .
1350 1533 1357 1539 .
1382 1514 1478 1540 cocta
1504 1509 1566 1539 erit
1593 1509 1632 1548 (ἓ
1658 1507 1749 1548 26.)]

219 1553 314 1584 Gell.
343 1553 365 1584 1.
393 1564 421 1584 e.
447 1554 490 1593 ἓξ
515 1555 535 1583 6
561 1556 596 1584 et
619 1555 651 1584 7.
677 1571 717 1575 —
748 1552 947 1584 Coelianum
965 1551 1173 1584 ABGMit-a.
1227 1553 1441 1584 Caelianum
1468 1552 1606 1583 h-bPS.
1661 1554 1749 1584 Cae—

216 1598 395 1629 cilianum
421 1608 451 1628 v.
500 1597 566 1635 „In
591 1596 669 1628 cod.
692 1600 816 1628 vetere
843 1601 896 1628 est
915 1597 1159 1628 Caecilianum.
1208 1596 1279 1628 Sed
1306 1597 1396 1628 bene
1419 1607 1460 1627 ex
1474 1596 1620 1638 Agellio
1645 1607 1751 1638 repo-

217 1646 369 1673 suerunt
395 1640 463 1672 viri
491 1641 588 1673 docti
624 1641 897 1673 Caecilianum.“
923 1641 1057 1673 Meurs.
1108 1641 1184 1672 vid.
1205 1644 1279 1672 not.
1309 1658 1350 1664 ——-
1383 1641 1532 1682 quinto
1551 1641 1592 1672 P.
1628 1658 1668 1662 --
1711 1641 1750 1672 Si

218 1687 302 1728 quis
327 1685 539 1717 ABGP12M
567 1685 739 1727 ‚‚Angl.“.
765 1703 808 1708 ——-
835 1685 939 1717 daret
967 1686 1039 1717 GP.
1069 1703 1107 1707 —
1140 1686 1289 1717 exercitu
1314 1696 1385 1715 om.
1412 1685 1450 1716 P.
1485 1703 1527 1708 —
1562 1695 1614 1716 me
1637 1685 1751 1716 velis

216 1731 311 1772 sequi
337 1730 419 1761 Bar.
449 1748 487 1753 —
513 1730 636 1771 quinte
659 1729 736 1760 BG.
763 1746 802 1752 —
835 1730 870 1760 in
901 1730 1123 1771 Capitolium
1150 1728 1236 1760 s-zS
1263 1729 1358 1760 Gell.
1386 1727 1407 1758 1.
1433 1739 1463 1760 c.
1490 1747 1533 1750 ———
1562 1740 1672 1760 coena
1694 1729 1750 1761 sit

216 1780 318 1807 cocta
344 1774 440 1806 Gell.
465 1774 489 1806 l.
517 1785 548 1806 c.
683 1775 740 1805 26.
783 1774 894 1805 Tunc
919 1774 1047 1816 Syram.
1071 1784 1102 1805 v.
1137 1792 1171 1796 —
1211 1774 1344 1806 Coelius
1369 1772 1546 1805 BGMica.
1601 1773 1750 1806 Caelius

217 1872 363 1904 teritum
394 1872 579 1905 fateatur?
633 1873 685 1904 Αιι
717 1872 948 1904 scribendum

217 1918 272 1948 die
296 1918 453 1959 septime²
489 1917 574 1949 item
602 1918 657 1949 edi
690 1928 752 1958 pro
785 1916 871 1959 egi?
913 1921 950 1949 ut

1016 1872 1183 1912 exemplo
1202 1883 1271 1914 qno
1295 1873 1366 1904 hac
1390 1872 1545 1915 probare
1572 1872 1661 1910 vult,
1680 1871 1749 1904 Ca-

1017 1917 1097 1948 tull.
1125 1917 1159 1948 in
1186 1922 1285 1958 nupt.
1313 1917 1381 1948 lul.
1407 1922 1442 1948 et
1461 1916 1570 1948 Manl.
1597 1927 1627 1948 v,
1660 1919 1748 1957 186„

214 1961 417 2002 respexerit
443 1961 588 1994 scilicet
612 1966 719 2002 poeta
744 1961 835 1992 illud
862 1961 949 1992 Var-

216 2006 333 2037 ronis:
371 2006 438 2037 Nec
459 2018 525 2038 non
547 2006 582 2037 id
607 2007 711 2037 etiam
740 2011 788 2037 cst
809 2006 855 2036 ad
880 2007 947 2037 vim

210 2050 469 2092 facultatesque
498 2051 570 2082 eius
596 2050 730 2082 numeri
759 2053 948 2091 (septena-

216 2094 281 2134 rii)
316 2096 519 2137 augendas„
556 2094 646 2136 quod
680 2094 800 2136 quibus
831 2094 947 2126 inedia

213 2139 300 2170 mori
337 2140 515 2171 consilium
552 2143 600 2170 est
635 2139 776 2180 septimo
813 2138 945 2169 demum

214 2184 271 2215 die
312 2189 449 2216 mortem
495 2186 695 2225 oppetmtt.“
745 2183 857 2214 Poiwr.
908 2200 941 2205 —

213 2227 372 2259 Reddidi
399 2228 492 2269 quod
520 2227 640 2259 inveni
672 2228 707 2258 in
733 2227 836 2259 codd.
860 2238 946 2258 mss.

212 2272 282 2303 Sed
308 2272 404 2303 haud
428 2271 601 2314 displicet
624 2271 715 2303 mihi
739 2271 946 2303 coniectura

214 2316 357 2354 Ruthii„
398 2317 458 2358 qui
491 2317 569 2348 vult
600 2316 732 2348 scribi:
776 2317 858 2347 Dies
892 2317 946 2347 hic

212 2360 374 2400 τεν-τέκ’,
410 2373 484 2393 cum
510 2361 597 2393 nihil
622 2361 706 2392 edi.-
746 2361 800 2392 die
822 2361 945 2402 quarti

210 2406 365 2437 emoriar
386 2408 494 2446 fame.
532 2405 593 2437 Sic
613 2416 784 2436 numerus
804 2409 942 2446 septeni

211 2449 370 2488 dierum,
413 2451 456 2481 (le
485 2460 554 2492 quo
586 2449 659 2481 vid.
686 2449 824 2481 Comm.
851 2451 883 2488 1,
910 2453 943 2487 (ἰ,

211 2497 284 2534 78,
315 2495 508 2535 impletur,
535 2494 728 2526 dummodo
755 2498 943 2535 computes

211 2539 300 2570 illud
321 2540 375 2570 dic
393 2540 515 2581 quarti
534 2550 602 2570 non
622 2549 642 2569 a
661 2538 777 2580 primo
799 2538 942 2570 inediae

211 2583 288 2623 dic,
325 2585 388 2615 sed
415 2594 435 2615 a
460 2584 518 2615 die
544 2583 728 2626 praesenti
756 2584 817 2624 qui
844 2584 942 2615 dica-

211 2632 269 2658 tur
294 2639 375 2660 esse
401 2628 542 2661 tertius.
590 2628 724 2660 Versus
758 2632 813 2660 est
842 2632 941 2661 octo-

213 2672 351 2704 narius.

256 2718 309 2746 ⁶24.
356 2722 394 2748 ut
429 2718 483 2749 die
520 2721 642 2759 quarto
681 2717 722 2748 de
755 2717 941 2759 praeterito

211 2760 378 2800 dicamus,
398 2761 452 2793 die
470 2767 591 2803 quarte
612 2766 725 2793 autem
748 2762 788 2793 de
802 2761 942 2803 futuro]

210 2803 361 2835 Praeter
386 2806 546 2837 Gellium
577 2817 682 2838 nemo
707 2806 778 2837 hoc
808 2805 943 2837 discri-

211 2858 291 2897 men
317 2849 480 2889 protulit.
527 2851 711 2883 Pantanus
734 2850 824 2882 dicit
846 2851 944 2882 breve

210 2895 321 2922 etiam
373 2904 454 2923 esse
507 2894 698 2936 praeteriti
754 2894 943 2937 temporis,

210 2935 304 2968 brevi
353 2936 478 2969 futuri.
552 2938 624 2970 Sed
670 2938 706 2971 in
755 2949 825 2971 uno
875 2937 942 2971 illo

1016 1972 1103 1999 non,
1143 1965 1182 1992 ut
1212 1961 1339 2002 affert,
1379 1962 1477 1994 breve
1509 1961 1649 2002 editur,
1683 1962 1747 1994 sed

1016 2006 1109 2037 benc.

1058 2051 1114 2079 25.
1169 2049 1368 2081 Coelianum
1395 2048 1498 2090 illud]
1527 2047 1637 2089 „Fuit
1656 2047 1746 2080 Coe-

1012 2093 1085 2125 lius
1107 2093 1298 2134 Antipater
1323 2092 1523 2125 historicus
1548 2104 1616 2125 non
1642 2093 1748 2135 igno-

1013 2137 1113 2169 bilis.
1162 2137 1303 2169 Laudat
1337 2148 1417 2168 eum
1454 2137 1583 2169 Cicero
1622 2138 1685 2169 lib.
1717 2137 1746 2170 I.

1014 2183 1057 2213 de
1086 2185 1231 2213 oratore
1271 2181 1395 2222 [inimo
1422 2181 1473 2218 11,
1504 2184 1561 2222 13,
1584 2183 1637 2214 54.
1678 2182 1745 2220 ln,

1012 2229 1074 2266 38,
1109 2229 1182 2258 153.
1221 2226 1295 2258 vid.
1333 2226 1449 2257 Orell.
1483 2226 1610 2257 Onom.
1643 2225 1745 2258 Tull.

1013 2271 1060 2311 ll,
1084 2282 1116 2312 p.
1146 2269 1237 2312 112]
1263 2273 1299 2301 et
1322 2270 1396 2302 Vni.
1419 2269 1601 2301 Maximus
1628 2269 1689 2301 lib.
1717 2270 1745 2302 l.

1013 2326 1042 2346 e.
1067 2319 1086 2346 7
1113 2315 1188 2357 [6η]
1238 2314 1397 2355 Scripsit
1420 2313 1579 2345 Annales
1610 2318 1646 2346 et
1678 2314 1745 2345 Hi-

1012 2360 1157 2391 storias.
1204 2360 1295 2391 Illos
1321 2358 1412 2390 citat
1433 2358 1571 2390 Nonius
1595 2369 1662 2390 non
1687 2369 1745 2390 se-

1014 2405 1106 2435 mel:
1134 2405 1201 2435 lias
1221 2404 1351 2435 Festus
1376 2403 1412 2434 in
1435 2403 1568 2445 'I‘opper
1593 2403 1640 2444 [p.
1664 2405 1743 2435 352.

1013 2449 1120 2480 Miill.
1157 2449 1212 2479 Cf.
1236 2459 1268 2489 p.
1293 2447 1393 2490 181.].
1441 2447 1494 2478 De
1520 2452 1640 2479 aetate
1664 2448 1744 2479 eius

1012 2493 1261 2525 Gracchorum
1302 2492 1457 2524 fratrum
1504 2496 1743 2523 coaetaneum

1009 2537 1124 2569 fuisse
1150 2537 1286 2579 colligo
1312 2547 1354 2568 ex
1379 2535 1515 2567 Valerii
1540 2536 1663 2567 verbis
1690 2535 1743 2568 ci-

1010 2582 1135 2614 tatis.“
1185 2582 1324 2613 Menas.
1373 2599 1416 2604 ——
1460 2580 1621 2611 Eandem
1664 2591 1740 2612 rein

1010 2627 1123 2658 tradit
1145 2626 1271 2658 Livius
1292 2624 1404 2664 XXII,
1423 2626 1490 2661 51„
1515 2624 1575 2664 qui
1590 2624 1738 2656 Mahar-

1007 2672 1128 2703 balem
1153 2670 1376 2712 praefectum
1394 2667 1554 2709 equitum
1577 2668 1626 2700 ita
1641 2669 1741 2700 Han-

1008 2715 1125 2747 nibali
1149 2715 1362 2746 suadentem
1388 2712 1545 2744 inducit:
1586 2714 1675 2753 Ιηιο,
1703 2719 1741 2747 ut

1010 2760 1093 2802 quid
1116 2760 1180 2792 hac
1203 2770 1327 2802 pugna
1347 2759 1390 2790 sit
1412 2762 1526 2789 actum
1545 2758 1656 2789 scias.-
1686 2758 1741 2790 die

1011 2805 1148 2846 quinto,
1190 2804 1318 2846 inquit,
1357 2803 1466 2834 victor
1492 2801 1528 2832 in
1569 2802 1739 2844 Capitolio

1010 2849 1219 2891 epulaberis:
1244 2858 1390 2890 sequere.
1437 2846 1520 2878 Cum
1545 2846 1673 2887 equite,
1701 2851 1738 2879 ut

1006 2893 1106 2934 prius
1132 2893 1263 2925 venisse
1286 2903 1389 2935 quam
1413 2894 1589 2924 venturum
1615 2891 1737 2931 sciant,

1007 2938 1223 2980 praecedam.
