1824 3116
210 49 234 87 4
836 40 1112 84 MACROBII

210 157 342 211 perior
371 161 416 197 ut
449 168 517 209 per
544 153 640 194 haec
673 153 755 193 sola
784 166 1020 208 promoveas
1052 153 1198 208 quibus
1232 152 1452 194 ediscendis
1483 151 1635 194 naviter
1662 151 1747 206 ipse

210 213 406 266 invigilas,
442 211 511 251 scd
540 224 612 264 ago
642 214 688 250 ut
716 223 789 263 ego
823 223 986 264 quoque
1017 210 1089 251 tibi
1119 209 1303 263 legerim,
1349 214 1388 250 et
1416 208 1607 263 quicquid
1637 208 1746 259 mihi,

142 283 220 323 [193
234 270 293 310 vel
321 274 360 309 te
387 268 464 308 iam
497 266 536 307 iu
567 267 696 306 lucem
725 265 833 306 edito
859 266 919 306 vel
948 271 1161 320 antequam
1184 265 1415 314 nascereris,
1433 265 1473 305 in
1491 264 1655 306 diversis
1674 277 1746 305 seu

251 337 388 365 saccae
420 337 491 364 seu
518 324 723 363 Romanae
751 321 908 375 linguae
941 321 1209 363 voluminibus
1239 322 1484 362 elaboratum
1515 325 1585 369 est,
1616 321 1654 361 id
1685 326 1745 361 to-

211 387 296 422 tum
345 380 396 421 sit
437 378 507 420 tibi
540 378 726 419 scientiae
762 377 955 431 supellex,
1002 383 1041 418 et
1076 377 1189 432 quasi
1230 378 1278 418 de
1314 377 1487 431 quodam
1526 376 1746 418 litterarum

208 451 325 492 peno,
351 436 382 477 si
413 435 572 490 quando
598 448 694 475 usus
724 433 875 474 venerit
903 440 973 474 aut
998 433 1187 474 historiae
1213 447 1316 487 quae
1345 433 1385 473 in
1416 432 1609 473 librorum
1638 437 1747 473 strue

210 495 336 534 latens
375 492 473 532 clam
512 491 628 544 vulgo
664 495 724 530 est
760 495 829 530 aut
859 489 953 530 dicti
983 489 1124 531 factive
1158 489 1427 530 memorabilis
1454 488 1747 538 reminiscendi,

173 549 323 598 3facile
364 548 402 588 id
441 547 512 588 tibi
550 547 713 587 inventu
744 551 865 600 atque
905 546 1145 600 depromptu
1182 546 1243 586 sit.
1302 546 1384 587 Nec
1420 544 1611 598 indigeste
1645 550 1746 585 tam-

212 619 331 661 quam
364 605 402 644 in
431 618 613 644 acervum
643 603 916 656 congessimus
945 602 1062 656 digna
1091 606 1333 643 memoratu:
1363 601 1431 642 sed
1459 601 1657 642 variarum
1684 614 1745 640 re-

213 677 300 702 rum
339 660 592 714 disparilitas,
646 658 877 699 auctoribus
920 658 1073 700 diversa
1119 657 1283 699 confusa
1322 657 1587 711 temporibus,
1625 656 1679 697 ita
1708 656 1749 696 in

213 717 412 772 quoddam
445 716 596 769 digesta
627 729 773 769 corpus
802 720 883 764 est,
914 720 960 755 ut
989 728 1091 769 quae
1117 714 1344 755 indistincte
1372 719 1493 768 atque
1523 712 1750 768 promiscue

213 776 261 815 ad
296 772 515 814 subsidium
554 771 769 812 memoriae
801 777 1131 813 annotaveramus
1173 771 1212 810 in
1254 769 1432 811 ordinem
1467 769 1591 809 instar
1625 782 1747 809 mem-

176 832 377 877 4brorum
414 828 666 869 cohaerentia
704 827 972 868 convenirent.
1042 828 1123 868 Nec
1158 826 1255 867 mibi
1296 826 1391 867 vitio
1430 831 1578 874 vertas,
1622 825 1654 865 si
1686 838 1750 865 res

215 901 314 941 quas
355 899 401 925 cx
444 884 614 925 lectione
658 883 763 924 varia
809 883 1025 923 mutuabor
1065 882 1160 937 ipsis
1198 896 1315 936 saepe
1351 881 1479 922 verbis
1511 881 1658 935 quibus
1700 881 1749 920 ab

214 943 306 997 ipsis
332 941 563 982 auctoribus
593 945 797 980 enarratae
828 944 921 979 sunt
951 938 1172 992 explicabo,
1201 938 1294 992 quia
1320 951 1506 991 praesens
1537 951 1638 991 opus
1668 950 1750 976 non

213 997 464 1052 eloquentiae
499 996 806 1037 ostentationem
842 995 910 1036 sed
945 994 1238 1035 noseendorum
1272 993 1494 1047 congeriem
1523 993 1750 1047 pollicetur:

214 1062 253 1096 et
286 1053 378 1095 boni
408 1054 591 1093 consulas
622 1058 801 1107 oportet,
834 1052 865 1093 si
896 1051 1077 1092 notitiam
1109 1049 1317 1092 vetustatis
1343 1049 1464 1089 modo
1495 1049 1641 1089 nostris
1669 1062 1750 1088 non

214 1113 383 1153 obscure
411 1110 530 1150 modo
565 1109 658 1163 ipsis
688 1108 943 1162 antiquorum
976 1107 1143 1148 fideliter
1170 1106 1299 1147 verbis
1330 1118 1600 1159 recognoscas,
1632 1108 1752 1158 prout

177 1172 202 1212 5
216 1180 399 1222 quaeque
442 1180 483 1206 se
524 1166 583 1206 vel
625 1165 842 1205 enarranda
883 1164 942 1204 vel
985 1163 1255 1204 transferenda
1295 1161 1574 1215 suggesserint.
1644 1163 1753 1214 Apes

214 1224 318 1265 enim
352 1221 650 1276 qu‹·›da1mnodo
681 1221 871 1261 debemus
902 1220 1067 1269 imitari,
1099 1233 1202 1274 quae
1232 1224 1423 1272 vagantur
1450 1222 1490 1258 et
1517 1217 1635 1258 flores
1666 1229 1750 1256 car-

217 1285 327 1336 punt,
358 1278 500 1319 deinde
530 1277 721 1332 quicquid
749 1277 915 1318 attulere
944 1277 1162 1332 disponunt
1192 1289 1237 1317 ac
1265 1287 1336 1329 per
1363 1273 1472 1316 favos
1501 1273 1683 1315 dividunt
1712 1276 1753 1313 et

305 1403 392 1435 mss.
421 1400 603 1443 mors]

213 1457 476 1503 promovearis
502 1456 544 1488 G.
593 1461 631 1489 te
657 1467 859 1498 promoveas
891 1455 949 1498 i-g
976 1454 1207 1497 improbante
1233 1452 1344 1485 Zeun.
1392 1451 1470 1484 Vid.
1493 1453 1567 1483 not.
1604 1467 1650 1474 —·
1687 1460 1754 1481 na-

213 1506 301 1536 viter
325 1506 424 1542 (sup.
446 1512 516 1532 scr.
542 1503 588 1544 g)
620 1501 657 1531 A.
705 1502 878 1543 gnaviter
904 1501 974 1543 i-g.
1021 1500 1193 1543 graviter
1223 1498 1284 1530 Sv.
1324 1516 1365 1521 --
1403 1498 1476 1539 ipse
1509 1507 1579 1528 om·
1609 1494 1666 1526 ch.
1717 1511 1749 1516 -

218 1560 283 1592 ego
310 1549 372 1589 ‘15¹3
397 1546 457 1578 tibi
482 1545 536 1583 (in
564 1557 626 1587 ung
663 1546 812 1587 quoquc)
833 1546 876 1577 G.
924 1556 989 1588 ego
1016 1543 1224 1586 quicquid
1250 1554 1275 1585 g
1300 1542 1334 1574 in
1361 1553 1435 1583 mg.
1470 1560 1499 1564 -
1523 1551 1620 1583 penu
1646 1538 1751 1581 v-gb.

217 1603 346 1635 promo
366 1591 408 1622 G.
428 1609 472 1614 ——-
496 1601 578 1621 usus
601 1592 753 1622 evenerit
779 1591 816 1621 A.
838 1608 881 1614 —-
908 1591 1047 1621 inventu
1070 1594 1173 1630 atque
1198 1588 1240 1619 in
1264 1592 1401 1630 promtu
1420 1586 1462 1620 G.
1489 1586 1630 1617 inventu
1641 1595 1670 1615 m
1697 1587 1753 1615 at-

220 1648 284 1679 que
310 1637 526 1678 depromtnm
554 1635 614 1665 1³5.
752 1637 785 1664 3.
832 1635 965 1675 Neque
985 1635 1023 1664 A.
1051 1651 1089 1655 —
1116 1633 1165 1663 ab
1195 1632 1372 1663 autoribus
1396 1631 1426 1668 (i
1451 1630 1570 1665 auth.)
1597 1627 1755 1659 diversis

218 1681 320 1722 icbg.
348 1698 381 1702 -
412 1688 534 1720 corpus
561 1679 699 1720 digesta
725 1678 766 1708 G.
792 1696 833 1700 —
864 1679 909 1708 ad
935 1677 1123 1708 subsidium
1148 1676 1331 1707 memoriae
1357 1674 1444 1705 Mss.
1471 1679 1507 1705 et
1530 1673 1627 1704 Gen.
1651 1671 1693 1704 N.
1713 1670 1754 1703 A.

217 1723 338 1756 praef.
366 1724 385 1762 §
403 1724 434 1753 3.
482 1722 528 1752 ad
551 1722 734 1753 memoriae
755 1722 943 1752 subsidium
971 1720 1059 1752 Edd.
1198 1721 1230 1750 4.
1253 1720 1332 1762 ipse
1356 1729 1458 1761 saepe
1483 1728 1583 1760 vc—g.
1606 1734 1649 1739 —
1675 1720 1754 1747 sunt

218 1780 287 1800 um.
318 1768 379 1799 1³5.
405 1785 445 1789 —
471 1766 664 1808 pollicetur.
701 1766 746 1797 id
771 1772 830 1798 est
854 1767 907 1797 ad
932 1766 1177 1797 utilitatem
1202 1764 1425 1806 respicias.
1465 1767 1496 1794 et
1529 1761 1607 1793 boni
1632 1772 1754 1792 consu-

217 1815 270 1844 tas
296 1812 321 1843 A
354 1812 400 1852 „⁴2
425 1811 558 1852 Angl“.
696 1813 729 1840 ὁ.
766 1812 856 1852 Apes
881 1811 970 1841 enim
993 1814 1059 1841 cet.
1087 1819 1200 1849 usque
1226 1809 1270 1839 ud
1297 1808 1495 1849 conspirata
1521 1808 1559 1846 (ὃ
1592 1808 1659 1844 10).
1707 1804 1754 1835 cf.

216 1858 342 1890 Seuec.
367 1855 480 1897 Epist.
505 1856 558 1886 84.
594 1856 637 1895 ἓξ
669 1857 807 1885 2-10.
835 1873 879 1879 -
906 1855 1107 1886 attulerint
1134 1857 1233 1894 (smp-
1259 1856 1313 1890 re)
1340 1852 1383 1883 G.
1409 1870 1449 1875 —
1482 1861 1544 1893 per
1562 1851 1669 1891 favos
1696 1849 1753 1880 di-

1021 1967 1052 1994 te
1080 1963 1180 2005 fugit
1214 1960 1308 2002 apud
1343 1959 1500 1991 comicos
1535 1963 1570 1992 et
1608 1958 1753 2001 quidem

1020 2007 1115 2047 apud
1149 2005 1364 2037 Terentium
1397 2004 1471 2046 legi
1508 2004 1542 2035 in
1581 2014 1650 2035 uua
1682 2003 1755 2034 He-

1022 2061 1109 2093 cyra
1134 2051 1207 2090 (11,
1231 2052 1264 2089 2,
1294 2051 1352 2087 193
1384 2049 1458 2088 Ul,
1484 2048 1694 2090 4‚10;1V,
1724 2050 1756 2087 l,

264 1967 295 1995 2.
344 1964 557 2006 promoveas]
591 1963 683 2001 „Ed.
709 1967 780 1994 vet.
810 1968 848 1995 te
871 1974 953 2005 pro-

221 2020 368 2041 moveas.
431 2008 500 2039 Scd
543 2008 750 2039 adiectione
786 2013 822 2039 te
863 2018 952 2048 opus

222 2065 290 2085 uon
317 2056 392 2093 est,
412 2053 496 2093 quin
519 2063 726 2095 promovere.
754 2052 787 2082 11.
814 2062 844 2082 e.
871 2063 954 2092 pro-

222 2098 350 2135 ficere,
390 2097 496 2128 etiam
531 2096 751 2138 simpliciter
784 2096 954 2134 mteurrit,

222 2141 337 2173 veluti
377 2141 475 2172 Gell.
513 2141 559 2179 V,
597 2144 636 2171 10
667 2140 723 2183 [7]
771 2141 880 2180 Quum
920 2141 952 2171 iu

223 2187 336 2219 studio
356 2186 549 2224 facundiae
568 2187 702 2217 abunde
722 2185 953 2227 promovis-

224 2232 324 2263 sest*
346 2230 457 2261 ΖΜΝ.

268 2275 368 2317 quasi
403 2275 443 2304 de
469 2273 614 2315 quodam
639 2272 830 2304 litterarum
856 2272 956 2315 peno]

226 2319 371 2350 Gellius
397 2317 424 2349 N
455 2319 491 2349 A.
515 2317 634 2349 Pruel'.
661 2319 680 2356 ἓ
704 2320 748 2355 2.,
774 2328 878 2357 quein
905 2317 956 2347 lo-

224 2374 305 2394 cum
333 2362 558 2401 Macrobius,
597 2372 676 2393 cum
705 2362 795 2392 luteo
819 2361 955 2393 scribe-

225 2409 305 2447 bat,
347 2412 430 2439 aute
460 2407 587 2437 oeulos
621 2406 766 2444 halmit,
808 2405 958 2447 scripsit

226 2453 328 2494 quasi
372 2452 556 2493 quoddam
597 2451 791 2483 litterarum
829 2462 955 2493 penus,

225 2501 265 2528 ut
300 2500 396 2527 certe
427 2507 494 2526 uon
528 2495 577 2527 sit
609 2496 701 2536 quod
735 2495 958 2526 editionibus

226 2541 260 2571 iu
295 2541 425 2582 quibus
457 2544 511 2571 cst
548 2551 643 2581 penu
691 2539 811 2581 magis
851 2541 957 2570 obse-

226 2595 379 2625 quamur
405 2595 511 2625 quau)
541 2584 646 2615 libris
670 2584 755 2615 Mss.
789 2584 891 2615 Cous.
914 2585 956 2615 de

226 2630 295 2660 hac
323 2640 410 2660 voce
439 2629 613 2660 Klausmn.
638 2628 722 2660 Aen.
750 2639 785 2659 u.
813 2629 843 2660 d.
871 2629 955 2660 Pen.

226 2673 272 2704 H.
305 2686 335 2714 p.
363 2676 427 2704 636
452 2684 527 2715 sqq.

269 2718 355 2749 clam
382 2718 487 2760 vulgo
512 2716 572 2759 est]
611 2716 632 2749 i.
662 2728 692 2749 e.
728 2717 861 2760 vulgus
899 2717 957 2748 su-

227 2761 293 2803 git.
319 2762 363 2793 ef.
391 2764 417 2801 1,
438 2764 470 2801 4,
499 2764 525 2793 1.
552 2763 642 2804 quod
668 2785 697 2793 ..
722 2762 824 2793 clam
852 2767 955 2794 cete-

226 2806 285 2837 ris
312 2817 400 2837 esse
434 2807 535 2845 velis,
572 2806 635 2847 VI,
661 2809 698 2845 7,
725 2810 758 2838 3.
794 2807 884 2848 qnorl
914 2817 954 2837 ea

226 2850 269 2881 de
304 2851 425 2891 quibus
457 2851 606 2893 ambigis
643 2851 753 2883 clam
789 2857 828 2883 te
862 2861 954 2882 esse

224 2903 290 2924 ‘non
318 2896 459 2935 pateris.
510 2894 677 2926 nandius
704 2895 813 2927 Tur-s.
845 2895 891 2931 ll.
920 2906 953 2937 p.

224 2939 266 2969 93
299 2938 403 2971 (locet
427 2939 621 2971 formulam
647 2941 733 2972 clam
763 2946 794 2973 tc
818 2945 865 2972 cst
889 2950 954 2981 pro

1021 2098 1085 2133 53;
1120 2095 1175 2132 iv,
1201 2097 1234 2132 2,
1263 2094 1322 2134 1.).

1067 2141 1098 2169 3.
1152 2139 1220 2170 Nec
1240 2139 1412 2181 indigeste
1434 2136 1515 2179 cett]
1541 2136 1610 2168 His
1634 2133 1755 2166 verbis

1023 2194 1123 2215 sumn
1159 2183 1337 2214 rationem
1378 2182 1527 2223 opponit
1561 2180 1756 2212 Gellianae

1024 2238 1117 2269 quae
1142 2227 1334 2268 exponitur
1359 2226 1382 2258 l.
1411 2238 1441 2257 c.

1068 2272 1245 2303 variarum
1276 2282 1387 2302 rerum
1419 2270 1637 2312 disparilitas
1661 2291 1668 2298 .
1686 2290 1693 2297 .
1720 2266 1756 2298 in

1025 2317 1196 2359 quoddam
1235 2316 1374 2358 digesta
1412 2325 1533 2356 corpus
1575 2312 1637 2354 cst]
1682 2311 1756 2342 Vox

1024 2361 1243 2402 disparilitas
1267 2361 1419 2391 debetur
1434 2359 1556 2390 Gellio
1579 2358 1600 2389 Ι.
1621 2368 1649 2388 c.
1670 2356 1689 2395 ἓ
1711 2357 1756 2391 3.,

1025 2405 1086 2436 ubi
1127 2404 1198 2436 vid.
1238 2404 1345 2442 bion,
1381 2403 1442 2444 qui
1479 2403 1566 2434 citat
1601 2400 1755 2432 eundem

1026 2449 1109 2486 Vll,
1135 2451 1173 2489 3,
1197 2450 1239 2481 47
1272 2454 1306 2480 et
1332 2448 1479 2479 Varron.
1507 2447 1545 2478 L.
1572 2445 1610 2477 L.
1638 2445 1707 2482 IX,
1734 2447 1756 2475 2

1025 2495 1044 2534 ς
1071 2496 1132 2531 36;
1166 2493 1369 2535 hypallage
1399 2502 1511 2523 rernm
1537 2490 1757 2533 disparilitas

1026 2564 1032 2571 .
1056 2564 1062 2569 .
1087 2539 1224 2581 digesta
1247 2542 1295 2569 est
1320 2547 1387 2567 non
1415 2536 1514 2567 item.

1069 2584 1100 2613 4.
1158 2582 1228 2614 Nec
1267 2581 1352 2612 mihi
1390 2581 1473 2612 vitio
1512 2584 1628 2611 vertas
1669 2576 1754 2618 cet.]

1025 2627 1129 2657 Hanc
1152 2625 1295 2658 veniam
1318 2624 1351 2656 ei
1385 2635 1452 2655 non
1484 2624 1662 2655 dederunt
1689 2622 1756 2655 ho-

1025 2671 1141 2702 mines
1174 2669 1320 2711 quidam
1346 2669 1462 2707 docti,
1497 2679 1650 2710 quorum
1684 2667 1755 2699 ini-

1023 2725 1093 2757 qua
1129 2714 1267 2746 iudicia
1297 2712 1498 2755 conscripsi
1528 2713 1695 2755 prolegg.
1721 2723 1754 2754 p.

1024 2770 1130 2791 nvnl.

1065 2802 1322 2844 noscendorum]
1348 2802 1371 2834 i.
1399 2813 1430 2833 e.
1457 2812 1576 2833 rerum
1603 2800 1754 2843 cognitu

1023 2848 1231 2890 dignarum.

1066 2894 1096 2925 si
1127 2893 1285 2924 notitiam
1318 2892 1497 2923 vetustatis
1525 2914 1560 2921 ..
1587 2899 1754 2933 recogno-

1021 2937 1109 2979 scas]
1141 2937 1340 2979 Exspectes
1370 2940 1431 2969 aut
1457 2936 1486 2968 si
1510 2934 1669 2968 notitiam
1693 2944 1752 2966 ve-
