1845 3131
241 46 324 89 572
867 43 1141 86 MACROBII

243 168 387 209 anceps
415 167 500 194 esse
529 164 647 192 omne
675 156 940 192 scommatum
969 166 1118 206 genus,
1148 154 1297 195 suadeo
1329 156 1369 195 in
1399 156 1588 198 conviviis
1619 157 1659 196 in
1690 156 1777 210 qui-

244 212 318 253 bus
352 208 522 250 lactitiae
550 206 762 247 insidiatur
786 207 863 256 ira,
903 207 951 248 ab
983 207 1212 249 huiusmodi
1242 209 1358 250 dictis
1394 211 1563 252 facessas
1591 218 1630 252 et
1656 211 1779 265 magis

176 268 231 308 24
245 264 498 321 quaestiones
528 262 750 303 convivales
779 262 838 303 vel
870 276 1070 317 proponas
1100 264 1157 305 vel
1188 264 1272 318 ipse
1301 265 1503 308 dissolvas.
1562 267 1682 317 Quod
1713 281 1778 321 ge-

244 335 319 362 nus
343 324 495 361 veteres
525 317 578 358 ita
608 317 804 359 ludicrum
836 332 917 358 non
951 324 1161 372 putarunt,
1209 325 1255 359 ut
1285 325 1323 360 et
1351 321 1586 363 Aristoteles
1613 323 1661 363 de
1685 322 1780 376 ipsis

243 376 376 429 aliqua
414 373 693 427 conscripserit
730 379 769 413 et
803 374 1042 414 Plutarchus
1082 380 1122 414 et
1154 380 1283 415 vester
1314 376 1527 428 Apuleius,
1575 392 1647 419 nec
1686 392 1778 418 con-

174 429 522 485 [2151temnendum
553 429 616 477 sit,
645 428 752 482 quod
779 434 840 469 tot
868 429 1233 483 philosophantium
1263 444 1399 471 curam
1429 432 1586 472 meruit.

355 486 422 525 IV.
480 484 534 525 Et
564 485 864 525 Praetextatus:
897 486 984 525 Hoc
1012 485 1291 538 quaestionum
1321 499 1465 540 genus,
1495 501 1584 527 cum
1612 492 1651 528 et
1678 489 1779 528 seni-

243 542 319 582 lem
347 540 486 581 deceat
507 544 689 589 aetatem,
714 554 786 580 cur
811 540 883 581 soli
915 540 1048 581 iuveni
1076 541 1293 582 suadetur?
1354 542 1464 592 Quin
1494 543 1611 595 agite,
1642 556 1781 584 omnes

243 596 311 651 qui
335 596 481 637 adestis
509 595 597 644 hic,
643 600 735 649 apta
765 596 945 637 convivio
977 596 1220 645 fabulemur,
1262 610 1334 637 nec
1366 597 1415 637 de
1452 597 1587 638 cibatu
1622 603 1779 638 tantum

243 651 313 693 sed
350 657 389 692 et
427 651 458 691 si
500 664 579 703 qua
619 650 667 690 de
705 656 846 691 natura
879 665 1091 705 corporum
1129 652 1186 693 vcl
1225 652 1319 701 alia,
1364 658 1572 706 praesente
1612 653 1782 694 maxime

242 707 402 747 Disario
434 712 586 754 nostro,
614 705 728 745 cuius
756 706 971 759 plurimum
1000 707 1046 747 ad
1073 707 1148 747 hoc
1173 722 1298 760 genus
1325 709 1605 761 quaestionum
1636 708 1784 762 poterit

243 776 306 803 ars
337 767 376 802 et
403 761 585 801 doctrina
617 760 815 801 conferre:
860 762 1177 815 sortiamurque,
1215 763 1247 803 si
1275 763 1450 812 videtur,
1492 770 1539 804 ut
1575 777 1644 817 per
1675 764 1780 804 ordi-

244 831 332 857 nem
369 816 651 870 unusquisque
689 822 887 871 proponat
924 830 1044 871 quam
1087 817 1314 858 solvendam
1354 819 1537 860 aestimet
1578 819 1780 872 quaestio-

330 929 433 972 [Mss.
462 928 642 961 APSH12.

240 995 364 1027 anceps
393 995 463 1016 csse
489 984 572 1026 cet]
608 982 662 1014 cf.
699 982 794 1015 Plut.
822 983 948 1026 Symp.
975 984 1029 1023 11,
1060 987 1095 1023 l,
1120 986 1151 1015 4.
1196 985 1245 1016 Io.
1274 984 1353 1016 Sar.
1381 985 1404 1016 l.
1431 996 1461 1016 c.
1506 1003 1536 1008 —
1582 996 1678 1017 omne
1711 996 1782 1017 esse

239 1028 350 1071 Av-g.
370 1046 412 1051 —
438 1028 679 1060 insidiabitur
709 1038 787 1069 v-g.
812 1045 854 1051 —
882 1029 983 1060 dictis
1012 1029 1054 1060 ab
1078 1029 1276 1061 huiusmodi
1300 1029 1367 1060 Hi.
1415 1030 1457 1060 ab
1485 1029 1657 1062 eiusmodi
1682 1030 1783 1061 dictis

240 1073 309 1104 Hi.
445 1074 501 1103 24.
545 1073 620 1112 „Et
655 1076 764 1103 vester
794 1072 963 1113 Apuleius
1001 1084 1087 1104 cum
1127 1074 1356 1110 Frontone,
1392 1072 1466 1104 loli.
1495 1072 1782 1104 sarisberiensis

239 1116 301 1158 qui
327 1117 446 1148 locum
471 1116 567 1147 huuc
595 1115 808 1156 exscripsit,
845 1116 1078 1157 locupletius.
1129 1117 1217 1148 vide
1244 1117 1307 1148 lib.
1333 1117 1434 1156 vul,
1461 1127 1537 1158 cap.
1567 1119 1644 1149 10.“
1678 1117 1781 1148 I'ont.

239 1163 381 1198 (Vester
407 1171 475 1191 non
504 1159 641 1202 legitur
661 1160 755 1201 apud
784 1160 833 1190 lo.
858 1159 1038 1197 Sara-sb.)
1064 1178 1105 1183 —
1132 1172 1192 1192 nec
1215 1166 1314 1202 puto
1338 1162 1617 1193 contemnendum
1643 1162 1687 1194 sit
1712 1161 1782 1192 H2.

244 1223 277 1228 —
307 1209 526 1237 tantorum
549 1203 864 1245 philosophantium
890 1204 957 1235 112.
982 1223 1024 1228 -—
1051 1216 1140 1236 cura
1166 1205 1246 1236 cali.

328 1248 387 1279 lv.
439 1250 552 1288 Caput
585 1248 644 1279 11⁷.
689 1248 806 1279 Cibum
831 1248 1016 1289 simplicem
1038 1249 1304 1291 praeferendum
1327 1259 1398 1280 esse
1422 1248 1626 1290 multiplici,
1663 1252 1700 1279 ut
1723 1247 1781 1289 qui

240 1293 284 1325 sit
308 1293 447 1335 digestu
467 1292 622 1333 facilior.
657 1291 759 1323 ch-b.
900 1295 926 1322 l.
970 1293 1015 1324 Ec
1046 1304 1114 1324 om.
1139 1293 1201 1325 Ρ6.
1236 1311 1282 1316 -
1323 1293 1417 1324 hinc
1441 1292 1504 1324 Ρ6.
1550 1292 1652 1323 haec
1672 1290 1779 1322 ASvi.

238 1337 316 1369 hoc
351 1337 395 1368 ΙΙ.
435 1353 478 1359 -
526 1336 663 1368 adhuc
694 1335 757 1367 1³5.
791 1353 836 1359 —-
876 1336 956 1377 apti
988 1347 1074 1368 cum
1111 1337 1205 1368 vino
1236 1336 1435 1376 fabulemur
1474 1336 1536 1367 1²5.
1572 1353 1617 1357 —
1651 1340 1782 1367 natura

239 1384 329 1417 (om.
353 1380 412 1417 de)
436 1379 473 1411 S.
506 1396 545 1402 -
586 1379 747 1410 dissario
771 1378 794 1410 S
818 1378 900 1417 (Sic
926 1382 1101 1422 semper).
1149 1381 1301 1421 dysario
1323 1380 1413 1410 H12.
1446 1396 1488 1402 —
1522 1385 1637 1412 nostro
1663 1390 1781 1410 occu-

238 1429 390 1456 rerunt
417 1423 515 1455 cuius
541 1422 591 1454 1³6
618 1423 688 1463 (1²5
713 1423 965 1463 occurrerint).
990 1442 1031 1446 -
1064 1424 1261 1455 sortiamur.
1299 1424 1415 1463 Quae
1441 1423 1469 1454 P
1496 1423 1566 1463 (P5
1590 1424 1711 1465 quod).
1739 1441 1778 1446 —

239 1468 417 1501 aestimat
450 1467 489 1498 A.
537 1466 723 1500 existimet
752 1467 854 1509 v-gl).
904 1468 1109 1500 existimat
1135 1467 1171 1498 S.
1308 1469 1341 1499 2.
1378 1467 1483 1498 Huic
1515 1478 1540 1509 g
1566 1467 1600 1498 in
1627 1478 1701 1508 mg.
1740 1484 1782 1489 —-

278 1566 450 1607 facessas]
493 1565 517 1597 i.
552 1576 582 1597 e.
621 1565 820 1597 abstineas.
875 1566 977 1597 Alias
1046 1564 1209 1596 crobium
1251 1567 1287 1595 et
1324 1565 1490 1595 loannem
1526 1563 1784 1596 Saresbericn-

239 1611 310 1643 hoc
330 1612 481 1643 verbum
501 1609 596 1641 idem
618 1610 717 1641 valet
740 1616 849 1651 atque
869 1611 975 1642 abire·

240 1655 295 1687 Cf.
321 1657 365 1694 ἓξ
389 1658 420 1686 9.
448 1658 484 1685 et
507 1665 537 1684 c.
565 1657 593 1684 1.
615 1653 631 1693 §
656 1657 690 1684 5.

283 1698 412 1741 magis]
449 1697 545 1728 idem
586 1698 684 1728 valet
721 1697 813 1738 quod
850 1698 977 1740 potius.

239 1742 318 1775 vid.
344 1742 513 1783 prolegg.
540 1753 573 1782 p.
603 1751 697 1772 κων.

284 1787 500 1828 quaestiones
525 1785 733 1826 convivales]
761 1784 818 1816 Cf.
847 1796 877 1816 c.
904 1786 934 1823 l,
958 1785 978 1824 §

242 1833 293 1862 14.
319 1830 555 1862 convivalibus
575 1829 726 1870 fabulis.

285 1874 468 1916 dissolvas]
495 1873 517 1905 i.
546 1884 578 1904 e.
604 1873 738 1904 solvas.

283 1920 338 1950 24.
386 1923 423 1950 ut
455 1922 486 1950 et
508 1918 710 1949 Aristoteles
734 1916 775 1947 de
802 1915 885 1957 ipsis
910 1915 979 1946 ali—

240 1974 310 2005 qua
334 1961 588 2003 conscripserit]
617 1960 655 1992 A.
681 1959 853 1991 Stahrius
880 1958 981 1996 (Ari-

240 2011 325 2038 stot.
351 2006 384 2037 b.
411 2006 443 2036 d.
473 2005 597 2036 Romu.
625 2016 657 2045 p.
687 2007 779 2041 190.)
807 2002 896 2034 (licit
922 2003 981 2034 his

240 2049 441 2091 deperditis
469 2048 576 2080 libris
601 2049 645 2079 ab
669 2048 754 2080 aliis
780 2047 893 2078 alium
916 2046 981 2077 tri—

241 2094 304 2125 bui
350 2092 521 2130 titulum„
574 2102 729 2133 namque
775 2100 977 2122 memorare

241 2138 468 2178 Auonymum
488 2135 653 2177 Menagii
680 2140 754 2167 tres
777 2134 890 2165 libros
915 2133 977 2174 qui

241 2180 408 2221 inscripti
444 2179 518 2211 sint
545 2175 740 2211 Συσσιτικὰ
771 2173 979 2218 τιτροβλ.ήμα·”ζ

240 2235 299 2264 τοι,
325 2224 478 2255 eundem
505 2226 540 2254 et
568 2223 767 2264 Diogenem
795 2221 917 2251 baert.
938 2220 978 2259 V,

240 2270 294 2299 22.
322 2279 430 2299 unum
460 2266 594 2298 librum
619 2265 680 2306 qui
709 2264 906 2305 inscriptus
930 2264 979 2295 sit

245 2308 457 2352 Συμπόσιον
496 2310 553 2342 vel
593 2308 673 2350 mol
714 2307 918 2349 συμποσίων
956 2302 979 2349 ἢ

242 2354 447 2395 συσσιτίων,
488 2354 712 2385 Athenaeum
753 2352 832 2390 XV„
860 2355 909 2382 16.
946 2363 978 2392 p.

241 2400 307 2430 674
337 2399 362 2430 f.
399 2397 539 2430 dicere:
581 2393 816 2437 Ἀριστοτέλης
855 2392 893 2427 ἐν
929 2394 978 2438 τῷ

245 2440 457 2485 Συμποσίῳ.

291 2484 510 2526 Plutarchus]
577 2482 681 2515 cuius
736 2479 979 2523 Συμποσιακὰ

241 2526 479 2572 προβλήματα
503 2527 718 2569 compilavit
741 2526 962 2558 Macrobius.

288 2579 319 2605 et
356 2578 465 2604 vester
496 2571 676 2613 Apuleius]
716 2569 771 2601 Cf.
798 2569 842 2609 V,
866 2572 905 2609 2,
929 2572 979 2602 17.

243 2619 279 2648 et
304 2617 409 2657 Apul.
432 2616 572 2648 Florid.
600 2615 663 2655 IV,
688 2617 741 2646 20.
771 2625 802 2655 p.
826 2616 880 2646 98.
911 2615 979 2646 Ca-

242 2660 295 2692 nit
319 2660 407 2692 enim
434 2660 659 2702 Empedocles
680 2658 847 2698 carmina,
879 2658 981 2690 Plato

246 2703 430 2747 dialogos,
590 2702 801 2743 Apuleius
842 2706 981 2734 vester

246 2748 372 2779 omnia.
420 2746 570 2788 Apuleii
611 2744 859 2787 Quaestiones
895 2756 981 2776 con-

245 2789 387 2822 vivales
427 2791 473 2823 ad
510 2801 574 2822 nos
616 2800 685 2821 non
726 2792 981 2830 pervenerunt.

246 2832 521 2867 Hildebrandus
552 2834 590 2866 iu
620 2833 789 2875 prolegg.
815 2833 861 2864 ad
887 2833 983 2873 Apu-

247 2875 360 2910 leium
396 2889 425 2910 c.
453 2878 501 2910 11.
538 2889 573 2920 p.
608 2887 683 2910 nvr.
720 2880 866 2918 praeter
901 2875 982 2908 Ma-

1046 1620 1122 1641 sem
1151 1607 1279 1639 citavit
1304 1607 1493 1639 Sidonium
1519 1608 1783 1650 Apollinarem,

1047 1653 1150 1685 cuius
1177 1653 1287 1683 verba
1314 1663 1355 1683 ex
1383 1652 1446 1683 lib.
1471 1651 1534 1683 IX.
1559 1663 1615 1693 ep.
1641 1655 1694 1683 13.
1721 1662 1782 1683 ex-

1046 1696 1197 1738 scripsit
1222 1696 1377 1727 haecce:
1405 1697 1544 1736 Quoties
1567 1697 1665 1738 epulo
1687 1708 1782 1728 men-

1047 1753 1105 1773 sae
1149 1741 1308 1772 lautioris
1347 1740 1559 1778 hilarabere,
1609 1740 1784 1782 religiosis

1046 1785 1306 1817 narrationibus
1338 1795 1437 1815 vaca.
1488 1785 1534 1815 Iis
1567 1785 1784 1826 proferendis

1049 1829 1288 1868 confabulatio
1307 1830 1495 1869 fremitum,
1522 1829 1565 1859 iis
1591 1829 1784 1860 redicendis

1048 1874 1215 1905 sollicitus
1241 1873 1383 1903 auditus
1409 1872 1585 1903 inserviat.
1639 1873 1735 1904 Certe
1755 1872 1786 1902 si

1049 1917 1285 1949 saluberrimis
1335 1917 1582 1954 avocamentis,
1633 1921 1669 1947 ut
1725 1917 1784 1958 qui

1049 1961 1162 1992 adhuc
1185 1961 1337 1997 iuvenis,
1359 1960 1509 2001 tepidius
1535 1960 1734 2000 inflecteris,
1761 1971 1782 1991 a

1054 2004 1287 2036 Platonico
1317 2004 1603 2035 Madaurensi
1629 2004 1781 2036 saltem

1042 2049 1264 2089 formulas
1285 2052 1448 2078 mutare
1467 2046 1675 2088 [mutuare?]
1691 2058 1782 2078 con-

1047 2091 1266 2123 vivalium
1291 2091 1612 2131 quaestionum.-
1651 2100 1784 2131 quoquc

1044 2135 1204 2166 reddaris
1235 2134 1449 2172 instructior,
1479 2134 1543 2164 lias
1578 2133 1671 2164 solue
1698 2144 1781 2176 pro-

1043 2179 1197 2221 positas,
1227 2178 1290 2208 has
1313 2188 1463 2218 propone
1491 2177 1690 2216 solvendas,
1719 2178 1782 2208 iis-

1047 2233 1110 2264 que
1133 2227 1164 2253 tc
1191 2221 1316 2252 studiis
1340 2226 1371 2252 et
1398 2221 1478 2252 dum
1504 2221 1625 2252 otiaris
1654 2231 1781 2259 exerce,

1047 2270 1082 2297 et
1106 2264 1263 2296 subiecit
1286 2274 1376 2304 quae
1400 2264 1607 2296 Scriverius
1633 2264 1783 2296 adnota-

1047 2310 1101 2341 vit
1137 2310 1180 2340 ad
1207 2308 1312 2349 Apul.
1346 2319 1379 2349 p.
1408 2310 1504 2346 376.‚
1547 2307 1606 2349 qui
1642 2307 1784 2340 censuit

1047 2354 1092 2385 ad
1118 2353 1185 2385 lias
1209 2352 1418 2383 convivales
1443 2352 1677 2393 quaestiones
1703 2363 1785 2394 per-

1047 2397 1164 2429 tinere
1199 2396 1360 2439 griphos,
1399 2406 1488 2436 quos
1524 2401 1784 2427 commemorat

1046 2440 1224 2483 Apuleius
1250 2440 1389 2471 Florid.
1414 2440 1442 2479 l,
1468 2442 1499 2471 9.
1526 2451 1557 2481 p.
1584 2442 1638 2471 37.

1091 2500 1140 2528 tot
1160 2493 1490 2537 philosophantium]
1524 2492 1578 2524 Cf.
1603 2492 1642 2532 V,
1672 2495 1724 2535 17,
1748 2495 1781 2523 5.

1044 2550 1108 2582 per
1134 2544 1194 2571 tot
1220 2539 1345 2570 secula.

1093 2592 1153 2634 IV,
1178 2595 1208 2623 1.
1253 2596 1433 2635 praesente
1454 2590 1602 2622 maxime
1627 2589 1781 2630 Disario]

1049 2636 1072 2669 i.
1102 2648 1133 2668 e.
1170 2635 1386 2678 praesertim
1413 2645 1520 2675 quum
1555 2632 1651 2665 adsit
1677 2632 1783 2665 Disa-

1048 2680 1125 2712 rius
1149 2679 1324 2712 medicus.
1373 2677 1427 2709 Cf.
1448 2678 1464 2718 ζ)
1489 2679 1520 2709 3.
1546 2680 1582 2708 et
1604 2676 1677 2708 vid.
1701 2687 1783 2719 pro-

1048 2725 1151 2766 lcgg.
1179 2735 1211 2764 p.
1233 2734 1323 2762 xxx,
1348 2721 1385 2752 k.

1093 2779 1123 2810 si
1146 2776 1293 2817 videtur]
1318 2774 1396 2806 Vid.
1420 2776 1492 2805 not.
1519 2773 1563 2805 ad
1590 2773 1630 2814 V,
1659 2776 1713 2814 13,
1733 2777 1767 2806 7.

1092 2836 1131 2864 ut
1159 2841 1220 2873 per
1256 2829 1408 2862 ordinem
1437 2828 1668 2870 unusquisque
1697 2838 1781 2869 pro-

1046 2879 1155 2918 ponat
1180 2899 1187 2907 .
1203 2897 1211 2906 .
1235 2872 1480 2916 quaestionem]
1507 2871 1677 2905 Imitatur
1697 2871 1782 2904 Pla-
