1871 3126
143 196 280 236 thur.

143 476 400 517 l3st1atuum
435 479 598 528 augeret
630 472 812 514 adiectio.

146 811 420 866 l4ineipiente
453 811 749 852 intercalabant.

150 1149 274 1190 ladio
304 1149 534 1191 intercalato
565 1150 861 1191 devorarentur.

208 27 284 68 120

843 24 1119 67 MACROBII

204 151 326 187 mum,
358 137 389 176 si
414 148 532 184 unus,
562 148 595 175 -ι,
622 134 659 175 d.
685 140 870 176 octavum
902 136 1115 199 decimum,
1143 138 1174 178 si
1204 137 1284 179 duo
1317 143 1410 180 sunt
1433 138 1569 188 additi,
1596 138 1742 179 dicere-

345 193 444 233 Nun
477 190 566 231 ideo
606 204 731 232 novos
769 190 854 232 dies
883 191 987 233 eirea
1019 194 1136 235 linem
1168 193 1362 248 cuiusque
1394 195 1540 236 mensis
1568 194 1744 243 inseruit,

203 249 271 291 ubi
300 249 416 288 linem
444 247 623 288 omnium
656 260 760 301 quae
789 247 828 287 in
861 262 996 289 mense
1026 255 1139 291 erant
1168 250 1343 305 repperit
1370 250 1577 299 feriarum,
1613 250 1743 291 adiec-

203 311 348 358 tosque
373 318 512 345 omnes
544 318 565 345 a
596 318 638 345 se
669 303 752 344 dies
781 303 904 345 fastos
936 306 1105 355 notavit,
1144 312 1190 347 ut
1218 307 1407 348 maiorem
1439 307 1551 348 daret
1575 306 1743 348 actioni-

203 362 278 401 bus
315 360 557 401 libertatem.

601 365 641 401 et
673 375 753 401 non
784 360 913 401 solum
945 361 1097 403 nullum
1129 362 1322 403 nefastum
1357 363 1425 404 sed
1463 377 1536 404 nec
1567 362 1744 404 comitia-

204 418 280 457 lem
314 430 556 471 quemquam
586 417 636 458 de
667 416 831 457 adiectis
862 417 1002 459 diebus
1032 418 1224 467 instituit,
1254 433 1303 459 ne
1335 419 1590 460 ambitionem
1621 418 1744 472 magi—

880 474 945 515 Sic
979 488 1127 516 annum
1167 451 1319 516 ciiiilem
1352 476 1498 517 Caesar
1527 474 1668 516 habitis
1696 473 1746 515 ad

205 531 339 571 lunam
378 529 693 571 dimensionibus
733 529 994 571 constitutum
1031 531 1162 573 edicto
1201 531 1327 586 palam
1360 531 1490 587 posito
1520 530 1746 586 publicavit.

205 587 259 628 Et
288 599 399 627 error
432 586 643 640 hucusque
671 591 775 627 stare
806 587 1014 640 potuisset,
1044 588 1084 628 ni
1118 587 1344 629 sacerdotes
1371 588 1445 629 sibi
1471 601 1644 629 errorem
1675 601 1746 628 no-

206 657 297 684 vum
342 656 389 684 ex
432 642 516 697 ipsa
561 642 839 683 emendatione
883 642 1079 686 fecissent.

140 712 226 753 l2⁷¹
232 698 300 753 qui
332 713 379 740 ex
408 699 695 762 quadrantibus
727 698 849 740 confit
878 705 1022 754 quarto
1059 714 1222 755 quoque
1254 714 1359 742 anno
1394 700 1591 749 confecto,
1638 704 1747 740 ante-

1138 645 1238 686 Nam
1277 658 1367 685 cum
1404 649 1606 699 oporteret
1642 643 1748 684 diem

207 769 327 809 quam
359 756 523 810 quintus
554 755 762 809 inciperet,
803 755 1054 797 intercalare:
1097 757 1149 797 illi
1185 762 1328 820 quarto
1367 771 1447 798 non
1482 761 1643 812 peracto
1680 755 1750 796 sed

819 811 893 853 Hic
921 826 1032 853 error
1060 826 1125 854 sex
1155 818 1194 854 et
1223 812 1384 867 triginta
1416 813 1529 854 annis
1567 825 1750 866 perman-

207 868 274 909 sit:
318 867 465 922 quibus
496 867 609 909 annis
642 867 860 908 intercalati
897 874 990 909 sunt
1025 868 1108 910 dies
1138 868 1370 919 duodecim,
1416 882 1505 910 cum
1541 867 1753 909 debuerint

208 924 431 965 intercalari
462 938 616 966 novem.
676 923 754 965 Sed
786 923 892 964 hunc
927 938 1091 979 quoque
1131 938 1305 966 errorem
1340 938 1428 966 sero
1459 924 1751 987 deprehensum

208 980 380 1022 correxit
398 983 618 1034 Augustus,
645 980 754 1034 qui
742 994 867 1021 annos
895 980 1105 1022 duodecim
1136 981 1220 1022 sine
1252 981 1473 1023 intercalari
1502 981 1565 1021 die
1588 979 1752 1034 transigi

209 1037 334 1085 iussit,
357 1042 403 1077 ut
430 1037 484 1077 illi
509 1043 590 1078 tres
621 1036 704 1077 dies
736 1036 803 1091 qui
836 1051 905 1091 per
936 1052 1061 1079 annos
1090 1037 1251 1092 triginta
1280 1043 1319 1078 et
1348 1051 1416 1079 sex
1445 1037 1540 1079 vitio
1571 1036 1751 1078 sacerdo-

208 1093 298 1134 talis
331 1091 594 1135 festinationis
637 1099 892 1134 excreverant
932 1094 1191 1148 sequentibus
1233 1094 1347 1135 annis
1389 1092 1600 1135 duodecim
1642 1092 1752 1134 nullo

919 1150 1019 1192 Post
1046 1150 1121 1192 hoc
1151 1164 1277 1191 unum
1307 1150 1410 1191 diem
1443 1149 1663 1191 secundum
1687 1162 1752 1190 or-

210 1205 453 1247 dinationem
504 1206 687 1248 Caesaris
726 1206 867 1260 quinto
909 1220 1072 1262 quoque
1116 1206 1329 1262 incipiente
1371 1220 1476 1247 anno
1528 1205 1752 1248 intercalari

300 1354 403 1398 [Mss-
430 1354 597 1388 ABGPS.

211 1421 298 1442 uuus
322 1415 397 1443 aut
425 1410 558 1442 ABGv.
606 1429 647 1434 —
688 1410 741 1442 ad
773 1416 929 1443 octavum
962 1411 1128 1443 decimum
1158 1412 1244 1444 Mss.
1272 1423 1313 1454 sp
1338 1410 1394 1450 (vi
1420 1412 1467 1443 ad
1497 1410 1655 1448 XVIII).
1702 1409 1755 1441 ad

209 1455 377 1487 decimum
402 1460 561 1487 octavum
585 1454 670 1497 cing.
691 1472 731 1478 -
765 1455 879 1488 additi
902 1461 980 1488 suut
1006 1456 1110 1488 s-bP.
1136 1475 1176 1479 —
1209 1457 1378 1489 dicentur
1403 1458 1456 1487 vl.
1597 1457 1648 1486 12.
1688 1465 1753 1486 no-

210 1511 271 1531 nos
292 1502 346 1532 vl.
373 1517 415 1522 —
437 1500 621 1541 feriatum
648 1499 685 1531 S.
710 1517 752 1523 —-
778 1511 893 1532 omnes
919 1511 990 1532 (im.
1014 1501 1117 1533 s-bP.
1166 1501 1286 1533 omnis
1313 1500 1384 1532 via.
1434 1500 1582 1533 omneis
1605 1499 1690 1541 chg.
1716 1516 1751 1521 —

207 1546 342 1581 tactos
363 1543 402 1576 S
542 1546 592 1576 13.
631 1544 679 1576 ad
705 1545 831 1577 limen
854 1544 894 1576 Α.
914 1563 956 1569 —-
978 1546 1152 1588 hucusque
1173 1556 1267 1578 error
1291 1556 1368 1587 v—g.
1394 1563 1435 1568 —
1460 1556 1482 1576 a
1506 1543 1759 1587 quadrantibus

211 1589 253 1620 G
279 1606 321 1613 —
344 1589 482 1630 cumfit
502 1588 542 1620 A.
683 1591 734 1622 14.
768 1593 805 1622 ut
829 1590 884 1621 illi
909 1595 976 1623 tres
1000 1591 1073 1623 dies
1099 1611 1130 1621 ..
1146 1613 1154 1622 .
1182 1590 1385 1624 intercalari
1408 1590 1507 1623 iussit
1529 1591 1567 1630 (ἓ
1593 1588 1662 1631 15.)
1684 1599 1757 1621 om.

211 1633 248 1666 S.
386 1635 438 1665 15.
482 1644 577 1666 anno
603 1632 787 1677 incipiente
807 1633 885 1666 BG.

608 1774 662 1806 Cf.
703 1774 821 1807 fland.
857 1774 951 1807 an-

213 1774 261 1805 sit
303 1773 551 1815 pleonasmus.

213 1818 297 1850 soll.
323 1818 388 1858 ΙΙΙ,
416 1830 446 1859 p.
474 1820 548 1850 130.

260 1865 310 1894 12.
360 1863 453 1895 circa
480 1864 591 1905 finem
631 1887 662 1896 ..
696 1864 855 1907 inseruit]
897 1864 954 1897 Cf.

214 1907 402 1939 Censorin.
437 1908 460 1940 Ι.
487 1918 517 1939 c.
555 1919 677 1952 eosque
709 1909 783 1942 dies
819 1914 954 1942 extre—

216 1953 289 1984 mis
313 1953 513 1994 partibus
533 1964 685 1984 mensum
704 1955 867 1996 adposuit
883 1959 952 1986 cet.

254 1998 371 2036 fastos
390 1997 524 2028 notavit
543 1997 626 2039 cet.]
659 1998 715 2030 Cf.
741 2009 768 2030 c.
790 2002 839 2031 16.
861 2001 880 2039 ἓ
901 2002 950 2031 14.

258 2040 330 2083 nec]
357 2040 436 2072 Vid.
464 2043 484 2081 §
509 2044 538 2072 9.

261 2097 303 2117 ne
330 2086 546 2117 ambitionem
581 2087 853 2129 magistratuum
885 2099 950 2119 au-

214 2129 328 2173 geret]
355 2129 378 2160 i.
404 2141 434 2161 e.
461 2134 498 2162 ut
525 2130 642 2162 maior
666 2131 819 2173 privatis
847 2132 951 2163 ‹lare-

216 2180 274 2206 tnr
301 2174 454 2206 libertas
483 2174 636 2217 agendi,
678 2187 767 2207 neve
795 2180 866 2208 tani
898 2177 951 2208 fn-

216 2219 287 2250 eile
314 2218 348 2250 in
374 2218 538 2261 iniquum
565 2223 707 2261 tenipus
730 2220 810 2262 quis
831 2225 954 2263 posset

216 2263 362 2296 detrudi
417 2265 814 2306 comperendinatione.
896 2266 951 2298 Cf.

216 2308 292 2340 Cic.
317 2308 352 2340 in
382 2308 483 2340 Verr.
514 2308 591 2341 Aet.
616 2309 644 2349 Ι,
673 2313 724 2348 10,
747 2313 803 2342 31.

263 2366 313 2396 13.
347 2364 475 2396 habitis
489 2364 537 2396 ad
552 2365 669 2397 lunam
687 2366 955 2397 dimensionibus

216 2408 453 2451 constitutum]
491 2409 542 2441 An
581 2410 676 2442 forte
713 2411 760 2442 ad
801 2409 954 2443 solem?

216 2453 272 2485 Cf.
292 2454 312 2493 §
333 2455 364 2484 3.
387 2453 434 2485 ad
459 2465 674 2486 numerum
698 2455 808 2487 solis
834 2479 841 2487 .
859 2467 948 2487 .an-

215 2509 297 2530 num
333 2497 487 2541 dirigere
525 2499 711 2531 contendit.
759 2499 814 2531 Cf.
855 2478 950 2532 Lan-

215 2524 425 2585 rent.Lyd.
464 2542 602 2583 111‚4.
639 2539 758 2576 Av'tov
792 2542 829 2576 δὲ
869 2540 950 2582 (τὸν

216 2585 406 2639 Καίσαρα)
426 2583 512 2620 δέκα
532 2588 593 2619 καὶ
607 2587 695 2629 μίαν
712 2584 952 2631 ἐπεμβαλόμε-

214 2642 279 2663 νον
312 2626 451 2673 ἡμέραν
483 2633 560 2686 1τοῖς
593 2632 649 2664 σελ
652 2635 814 2686 ηνιακοῖς
842 2632 950 2686 μησὶν

215 2672 414 2727 ἐπιδοῦναι,
435 2687 496 2708 και
513 2673 628 2730 τάύτῃ
647 2675 829 2729 ηλιακὸν
847 2674 952 2710 ἄπο-

218 2717 390 2752 τελέσαι
414 2717 492 2752 τὸν
518 2717 736 2754 ἐνιαυτόν.
784 2723 829 2754 At
853 2722 949 2754 idem

218 2764 282 2803 111,
299 2768 316 2795 7
338 2770 427 2797 extr.
450 2761 574 2817 ᾝρεσε
602 2761 674 2798 δὲ
662 2761 757 2807 ὅμως
782 2766 831 2811 τῷ
861 2765 952 2799 Καί-

219 2816 301 2848 σαρι
324 2820 384 2840 και
407 2806 495 2849 μετὰ
522 2807 587 2853 τὴν
614 2805 766 2862 ἡλιακὴν
789 2811 861 2844 τῶν
884 2822 952 2863 μη-

218 2850 291 2883 νῶν
322 2850 541 2887 διατύπωσιν
577 2851 654 2893 τὰς
687 2852 952 2898 σεληνιακὰς

219 2892 377 2933 ἑορτὰς
412 2899 485 2935 τοῖς
520 2897 605 2939 μησὶ
642 2900 877 2941 καταλεῖψαις
918 2905 955 2933 et

1022 1775 1214 1808 Plutarch.
1218 1775 1374 1827 Qnaest
1384 1774 1489 1806 Rom.
1503 1775 1559 1806 24.
1564 1769 1644 1807 Ότι
1661 1774 1759 1811 ταῖς

1022 1820 1094 1863 τῆς
1127 1816 1310 1873 σελήνης
1340 1819 1477 1872 διαφο
1516 1819 1590 1857 αῖς
1619 1814 1756 1873 ὁρίζον-

1022 1875 1078 1903 τες
1098 1862 1162 1897 τὸν
1189 1860 1320 1906 χρόνον
1343 1859 1464 1915 ἑώρων
1505 1874 1525 1895 ν
1548 1861 1640 1914 τρισὶ
1660 1873 1758 1915 γινο-

1021 1906 1130 1951 μένην
1159 1909 1357 1962 διαφοραῖς
1386 1904 1452 1950 τὴν
1484 1903 1631 1950 σελήνην
1664 1904 1756 1939 κατὰ

1021 1954 1118 1996 μῆνα
1142 1954 1222 1991 ταῖς
1247 1952 1438 1996 μεγίσταις.

1065 2009 1158 2031 error
1175 1998 1349 2040 hucusque
1370 2003 1464 2030 stare
1479 1996 1662 2039 potuisset]
1687 1995 1708 2028 i.
1726 2007 1757 2028 e.

1020 2042 1100 2074 fieri
1121 2041 1313 2084 potuisset,
1329 2045 1368 2074 ut
1385 2042 1509 2073 nullus
1528 2040 1612 2073 inde
1631 2051 1757 2073 nasce-

1021 2092 1121 2119 retur
1143 2098 1257 2124 error,
1282 2091 1320 2118 ut
1339 2086 1502 2126 Solinus,
1522 2086 1583 2128 qui
1607 2086 1630 2119 Ι.
1654 2097 1685 2117 c.
1703 2089 1757 2128 (p.

1020 2134 1052 2164 4.
1078 2131 1140 2172 Β.)
1169 2131 1295 2163 eadem
1320 2132 1398 2163 fere
1424 2131 1554 2162 refert:
1600 2132 1647 2163 Et
1677 2135 1758 2163 tunc

1022 2187 1166 2219 quoque,
1198 2176 1327 2217 inquit,
1350 2176 1471 2208 vitium
1496 2175 1684 2207 admissum
1709 2180 1759 2209 est

1019 2232 1081 2264 per
1106 2221 1310 2253 sacerdotes

1066 2264 1180 2307 confit]
1209 2265 1265 2299 Cf.
1297 2265 1460 2304 c.15‚§
1488 2265 1517 2295 l.
1551 2267 1588 2297 et
1618 2263 1756 2296 Comm.

1067 2359 1190 2397 quarto
1210 2364 1342 2396 quoque
1360 2364 1452 2385 anno
1470 2352 1634 2391 confecto,
1658 2356 1759 2384 ante-

1022 2411 1123 2442 quam
1147 2399 1288 2442 quintus
1309 2396 1486 2440 inciperet]
1511 2395 1567 2427 Cf.
1592 2395 1609 2438 §
1630 2398 1662 2428 6.
1691 2395 1760 2429 So-

1019 2445 1117 2477 linus
1153 2444 1177 2475 l.
1210 2454 1239 2476 c.
1280 2444 1327 2475 Et
1353 2445 1520 2484 oporteret
1556 2442 1759 2481 confecto

1017 2493 1181 2532 quarto
1206 2499 1320 2520 anno
1348 2487 1385 2519 id
1419 2485 1609 2524 observari,
1639 2489 1757 2517 ante-

1018 2544 1145 2575 quam
1195 2533 1380 2582 quintus
1425 2529 1756 2572 auspicaretur.

1017 2578 1169 2610 Poterat
1207 2580 1306 2609 cente
1345 2573 1418 2607 dici
1462 2574 1580 2617 quinto
1625 2584 1759 2616 quoque

1018 2634 1123 2656 anno.
1170 2622 1255 2655 Vid.
1283 2623 1356 2653 not.
1381 2618 1427 2651 ad
1455 2629 1485 2650 c.
1511 2619 1565 2649 13.
1588 2618 1609 2657 ἓ
1634 2620 1666 2649 9.

1066 2679 1116 2710 14.
1167 2677 1269 2709 annis
1289 2673 1494 2718 permansit]
1523 2671 1574 2704 De
1597 2672 1669 2704 hoc
1694 2673 1760 2705 ab·

1020 2721 1129 2754 lativi
1155 2732 1223 2753 usu
1248 2717 1713 2760 vid.1(rueger.G1-amm
1742 2718 1759 2759 §

1019 2766 1158 2807 374‚1›.
1195 2766 1247 2797 De
1269 2776 1308 2796 re
1335 2763 1408 2796 vid.
1425 2762 1574 2795 Sueton-
1593 2761 1686 2804 Aug
1704 2765 1759 2795 31.

1066 2808 1326 2851 devorarentur]
1360 2808 1382 2840 i.
1415 2819 1445 2839 e.
1477 2817 1761 2849 compensaren-

1021 2858 1101 2895 tur‚
1134 2854 1182 2887 cf.
1207 2865 1236 2886 c.
1266 2856 1318 2885 13.
1346 2853 1361 2893 §
1391 2854 1465 2891 13..
1495 2851 1555 2883 vel
1585 2861 1759 2894 repensa-

1024 2904 1160 2940 rentur,
1184 2903 1223 2931 nt
1250 2898 1303 2931 ait
1324 2897 1474 2931 Solinus
1501 2896 1524 2928 1.
1549 2907 1578 2928 c.
