1830 3126
225 20 309 60 264
854 18 1129 62 MACROBII

401 129 471 175 Tu,
501 128 665 182 qem'tor,
695 142 789 183 cape
817 143 931 171 sacra
958 145 1081 172 manu
1101 133 1336 187 patriosque
1367 134 1540 178 Penates.

392 184 456 226 Me
486 183 577 224 bello
608 199 627 225 e
656 191 761 225 canto
792 185 1008 239 dz‘qressum
1038 196 1071 228 et
1101 187 1216 228 caede
1243 192 1389 231 recenti

392 240 605 336 fiztlrectare
636 241 765 294 nefas,
804 241 924 283 donec
950 257 1010 284 me
1037 243 1200 297 flumine
1225 245 1312 285 vivo

468 310 573 336 nero.

185 352 324 394 2P0st
360 350 520 392 Caietae
555 364 719 405 quoque
760 352 926 392 nutricis
959 354 1224 407 sepulturam,
1268 368 1349 408 quo
1381 356 1632 410 potissimum
1664 358 1770 400 navi-

225 421 321 461 gans
351 407 563 462 adpellitur
594 421 712 461 quain
745 408 793 448 ad
825 422 909 449 eam
943 415 1094 462 partem
1128 424 1197 464 per
1227 424 1347 463 quam

619 488 668 492 —
695 465 815 518 flzeee'o
848 466 1051 506 Ill'berinns
1080 481 1239 507 cunoeno

392 518 442 559 In
470 533 579 560 mare
606 522 845 575 prorwnpel,

224 578 270 613 ut
308 573 515 615 confestim
556 575 596 615 in
636 575 722 629 ipso
760 576 896 617 Italiae
935 576 1070 617 limine
1109 576 1256 617 fluviali
1295 575 1401 617 unda
1447 577 1606 618 ablutus
1648 578 1774 632 possit

227 643 347 683 quam
379 631 591 685 purissime

396 711 445 715 —-
478 688 608 727 Iovem
636 687 923 743 Plzryqz'amque
963 703 1012 728 eac
1050 688 1189 728 ordine
1222 688 1388 730 Matrem

188 740 436 783 3invocare?
506 743 613 792 Quid
651 744 760 796 quod
797 743 1027 784 Evandrum
1064 744 1244 784 aditurus
1284 757 1353 797 per
1390 743 1562 783 Tiberim
1602 743 1771 797 navigat,

227 798 336 850 quod
365 812 453 838 eum
483 804 586 839 esset
615 803 846 851 reperturus
875 799 1037 839 Herculi
1064 812 1173 839 saera
1204 800 1482 848 celebrantem,
1506 804 1551 839 ut
1579 799 1634 839 sie
1663 799 1770 854 puri-

188 853 368 894 4licatus
406 854 526 894 sacris
565 854 691 908 possit
728 854 990 909 hospitalibus
1031 854 1247 895 interesse?
1321 855 1425 895 Hinc
1469 860 1507 895 et
1546 856 1647 895 Iuno
1687 856 1771 909 ipsa

227 910 488 963 conqueritur
534 925 613 951 non
659 910 782 964 magis
828 910 937 964 quod
976 912 1151 951 Aeneam
1199 911 1429 964 contigisset
1468 915 1605 951 eontra
1653 925 1770 952 suum

227 965 326 1005 velle
357 965 395 1005 in
425 966 580 1007 Italiam
606 966 813 1021 pervenire
844 980 963 1020 quam
994 966 1102 1020 quod
1129 973 1257 1021 optato
1291 966 1487 1020 potiretur
1518 966 1689 1008 Tz'hrz'dis
1717 968 1772 1007 al-

226 1036 306 1071 veo,
338 1021 431 1075 quia
456 1022 575 1063 sciret
605 1036 696 1063 eum
728 1022 803 1064 hoc
835 1036 950 1063 amne
981 1022 1232 1076 purificatum
1264 1035 1382 1076 posse
1410 1035 1520 1062 sacra
1550 1022 1668 1063 etiam
1700 1022 1773 1063 sibi

318 1153 424 1196 [Mss.
451 1155 617 1187 ABGPS.

226 1209 412 1250 tendum,
432 1222 509 1253 quo
532 1210 679 1242 adhoc
698 1209 791 1252 quis
815 1210 898 1241 ‹liis
922 1211 1090 1253 superis
1113 1221 1198 1241 rem
1221 1220 1381 1242 sacram
1407 1214 1522 1241 recte
1544 1210 1770 1251 perficiat,

228 1255 266 1294 ⁴)
301 1256 425 1296 prius
458 1266 545 1286 eum
583 1255 666 1286 rite
706 1255 956 1297 purificari
994 1259 1209 1296 oportere.
1274 1254 1326 1286 Et
1362 1254 1435 1285 hoc
1469 1257 1504 1292 ⁵)
1542 1255 1770 1297 Vergilius

225 1298 351 1339 prius
379 1300 511 1341 plane
546 1299 830 1337 ‹lemonstrat‚
865 1310 986 1340 quum
1016 1299 1196 1330 Aeneam
1225 1298 1484 1336 Pontificem
1519 1299 1770 1331 introducit

229 1344 264 1382 ὓ)
280 1343 401 1383 patri
426 1354 498 1375 suo
523 1345 584 1375 sic
609 1344 870 1385 loquentem:
899 1344 955 1374 Ἰἰι
980 1345 1048 1374 cet.
1077 1343 1154 1384 p-b.
1183 1342 1219 1373 ln
1242 1354 1261 1383 p
1284 1342 1509 1384 adscriptum
1531 1347 1586 1374 est
1610 1342 1644 1374 in
1672 1354 1765 1385 mg&

225 1387 442 1422 „Hactenus
475 1397 518 1418 ex
558 1388 625 1418 Ms.
679 1387 766 1418 Side
797 1386 947 1418 Notas.“
999 1386 1262 1418 Adnotationes
1304 1387 1450 1418 additae
1489 1391 1573 1418 sunt
1612 1387 1769 1419 haecce:

228 1432 265 1471 ¹)
289 1431 446 1470 „Omnia
472 1431 564 1463 haec
588 1432 769 1472 adusqum
800 1432 851 1462 'I'u
876 1432 1031 1474 genitor,
1060 1442 1102 1463 ex
1128 1431 1241 1463 veteri
1269 1431 1393 1462 eodem
1421 1431 1583 1462 eruimus
1608 1431 1770 1473 genuina

225 1485 402 1517 germana
427 1476 606 1507 Macrobii
632 1475 786 1507 nostri.“
808 1476 911 1507 l'ont.
940 1493 981 1498 —
1009 1478 1045 1515 2)
1074 1477 1189 1515 „Ante
1211 1475 1441 1516 caenandum]
1468 1476 1523 1507 Ita
1549 1475 1694 1507 omnino
1719 1477 1772 1507 le-

225 1520 398 1562 gendum,
419 1532 486 1552 non
513 1521 600 1553 inter
619 1520 847 1552 caenandum.
895 1519 983 1551 Nam
1009 1531 1088 1551 cum
1113 1523 1170 1557 (ut
1194 1519 1310 1560 liquet
1337 1530 1379 1550 ex
1405 1518 1476 1551 fine
1503 1519 1587 1552 libri
1609 1523 1641 1551 2.
1669 1524 1771 1552 ante--

228 1564 410 1602 cedentis)
442 1569 568 1597 exorto
596 1566 675 1596 sole
702 1569 740 1595 ut
766 1569 1080 1606 congregarentur
1105 1564 1342 1595 constitutum
1370 1568 1487 1603 esset,
1529 1564 1563 1595 id
1596 1564 1773 1606 temporis

229 1608 394 1650 adusque
424 1620 572 1641 caenam
600 1608 751 1641 silentio
776 1609 1053 1648 transmissum,
1093 1607 1295 1640 verisimile
1319 1607 1417 1639 haud
1444 1612 1509 1640 est.
1556 1608 1684 1650 Itaque
1707 1620 1772 1650 pro

225 1653 333 1693 inter,
353 1659 434 1686 ante
456 1654 701 1695 reponendum
724 1653 971 1684 curaviums.“
996 1653 1107 1684 Idem.
1133 1671 1175 1676 --
1204 1655 1238 1690 3]
1272 1651 1418 1692 „Supra
1442 1652 1494 1691 (Ι,
1521 1653 1577 1692 24,
1602 1654 1695 1693 16.):
1727 1654 1772 1686 Et

227 1698 257 1729 si
279 1702 416 1739 tantae,
442 1698 574 1739 inquit,
601 1698 838 1730 dissertationi
860 1708 968 1730 sermo
994 1697 1215 1735 concesserit,
1238 1696 1402 1738 promitto
1421 1698 1501 1737 fore
1529 1701 1566 1728 ut
1598 1697 1773 1739 Virgilius

227 1746 343 1773 noster
365 1744 523 1784 pontifex
547 1743 717 1774 maximus
742 1744 956 1774 asserat11r.“
981 1742 1094 1773 Idem.
1120 1759 1161 1764 —
1190 1742 1225 1778 ⁴)
1254 1739 1438 1772 Martialis
1461 1740 1504 1772 ad
1526 1740 1773 1773 Domitianum

227 1785 366 1826 [Praef.
394 1787 439 1819 ad
468 1786 533 1818 lib.
561 1786 691 1827 v1114]2
726 1787 920 1818 Meminerit
943 1798 1010 1818 non
1035 1786 1103 1817 nisi
1127 1785 1309 1828 religionis
1333 1785 1577 1827 purificatione
1603 1786 1773 1818 lustratus

227 1831 390 1862 accedere
415 1832 461 1863 ad
484 1831 611 1874 templa
638 1831 765 1862 debere.
803 1830 1055 1862 Glossarium:
1081 1826 1220 1871 (ἱγνίζω,
1239 1840 1367 1872 purgo,
1386 1829 1575 1871 purifico.“
1593 1829 1706 1861 Idem.
1731 1846 1774 1853 —

230 1877 265 1911 ⁵)
300 1876 506 1918 „Virgilius
540 1876 639 1918 prius
671 1875 777 1917 plane
814 1874 1039 1916 demonstrat]
1077 1873 1258 1905 Existimo
1293 1873 1328 1904 in
1367 1884 1408 1904 eo
1445 1873 1558 1904 latere
1594 1870 1774 1915 ἐπίθετον,

226 1919 333 1959 quale
362 1922 458 1951 solet
480 1918 637 1962 Virgilio
664 1920 751 1951 dare
778 1920 989 1951 Macrobius
1013 1929 1076 1960 pro
1103 1917 1261 1950 artificio
1288 1917 1382 1958 quod
1407 1916 1442 1948 in
1471 1928 1512 1949 eo
1537 1917 1774 1949 demonstrat.

227 1962 337 1994 Forte
366 1964 536 2006 Virgilius
558 1965 666 2006 pius.
718 1963 819 1995 Infra
845 1974 921 2005 cap.
949 1966 981 1995 5.
1009 1963 1042 2004 [ἓ
1069 1963 1115 2004 9.]
1142 1962 1236 1994 Adeo
1261 1972 1389 1994 omnem
1416 1962 1580 2002 pietatem
1606 1962 1641 1993 in
1665 1962 1775 1992 sacri-
1829 1979 1830 1985 κ

218 2008 316 2048 ficiis
346 2019 434 2048 qnae
468 2008 535 2039 diis
572 2007 761 2039 exhibenda
792 2013 871 2039 sunt
904 2008 1055 2048 posuit.“
1092 2007 1203 2036 Gron.
1236 2022 1277 2027 --
1316 2005 1351 2044 ὓ)
1378 2005 1508 2045 „Quod
1544 2004 1580 2035 in
1617 2004 1773 2036 vetustis

226 2050 317 2082 licet
342 2051 448 2082 libris
475 2054 547 2082 est:
581 2052 755 2082 I‘iolatum
780 2075 809 2081 .,
831 2051 1015 2092 pollutum,
1038 2050 1101 2088 ait,
1126 2047 1250 2079 sensui
1275 2047 1393 2078 solum
1421 2048 1598 2079 turbando
1621 2051 1686 2079 est.
1733 2048 1772 2080 In

229 2094 368 2135 scripto
399 2094 665 2136 quodammodo
695 2104 838 2135 quoque
865 2093 1044 2134 comperi,
1076 2092 1139 2124 sed
1166 2092 1357 2123 confusum
1385 2097 1420 2122 et
1446 2092 1645 2123 lacernmf‘
1668 2092 1773 2125 Pont.

228 2157 273 2163 —-
317 2139 367 2170 Ἰἰι
401 2138 554 2179 genitor]
591 2138 691 2179 Yirg.
718 2138 803 2169 Aen.
828 2137 883 2178 ΙΙ,
908 2141 985 2168 717.
1027 2154 1059 2160 —
1104 2147 1151 2168 ex
1183 2140 1279 2168 tanto
1303 2134 1339 2166 S.
1388 2140 1425 2166 et
1459 2141 1545 2168 (inte
1567 2135 1595 2167 B
1621 2147 1640 2167 a
1666 2147 1699 2177 p.
1723 2147 1772 2168 m.

230 2194 247 2214 e
270 2188 362 2215 autc
385 2183 424 2214 P.
472 2183 567 2215 tanti
593 2182 634 2214 G.
658 2200 701 2205 ·-—
726 2187 927 2214 attractare
952 2181 1028 2213 BG.
1126 2183 1157 2211 2.
1195 2190 1256 2221 per
1284 2179 1378 2221 quod
1403 2179 1444 2210 P.
1471 2198 1510 2202 —
1529 2180 1657 2221 fluvio]
1685 2181 1773 2212 Aen.
1822 2196 1824 2214 τ

228 2227 307 2266 ΥΠ,
333 2228 386 2258 30.
412 2246 454 2249 ——
480 2232 606 2269 posset
633 2226 724 2257 Edd.
748 2226 815 2257 PS.
840 2245 878 2249 —
919 2225 1046 2266 Iovem]
1073 2224 1160 2256 Aen.
1186 2224 1264 2263 vn,
1295 2226 1369 2255 139.
1506 2226 1540 2255 3.
1579 2235 1640 2265 per
1665 2235 1773 2256 evan-

229 2272 329 2304 drum
361 2271 495 2303 tiberim
521 2271 683 2303 aditurus
709 2269 746 2301 S.
782 2288 825 2293 -—-
862 2270 909 2301 sic
933 2281 1003 2302 om.
1030 2269 1059 2300 B
1084 2279 1105 2301 a
1132 2280 1166 2310 p.
1194 2279 1239 2299 m.
1266 2270 1365 2309 p‘2-z.
1502 2269 1534 2299 4.
1574 2268 1645 2299 Hic
1669 2267 1775 2301 Bs-z.

229 2316 320 2355 „Ed.
343 2319 414 2349 vet.
442 2319 539 2348 recte
563 2315 674 2347 habet
704 2314 833 2347 Hinc.“
863 2314 975 2346 Zeun.
1004 2332 1048 2337 —
1080 2318 1117 2346 et
1142 2318 1260 2345 contra
1287 2323 1319 2344 v.
1349 2329 1391 2334 —
1428 2311 1560 2355 optato]
1582 2312 1669 2344 Aen.
1696 2312 1772 2352 vll,

279 2437 330 2468 Tu
346 2436 484 2479 genitor
505 2446 589 2479 cape
612 2446 713 2467 sacra
729 2435 849 2477 manu]
868 2435 967 2476 „Re-
1035 2437 1110 2467 tum
1141 2433 1246 2470 (Aen.
1270 2431 1374 2471 VIII,
1399 2431 1494 2472 57.):
1534 2432 1611 2474 Ipse
1644 2442 1710 2475 ego
1740 2436 1775 2465 te

230 2480 351 2522 spexit
375 2481 516 2512 Seneca
548 2480 643 2512 libro
671 2480 714 2511 de
743 2481 863 2512 benef.
898 2480 966 2512 III.
1034 2478 1120 2520 ripis
1145 2483 1176 2510 et
1199 2481 1289 2509 recto
1306 2476 1455 2517 flumine
1479 2476 1614 2508 ducam.
1648 2477 1774 2517 ltaque

230 2525 304 2567 [37‚
338 2525 401 2566 l.]:
454 2526 537 2557 Cum
575 2525 759 2567 conplexus
796 2535 896 2556 sacra
936 2528 967 2556 ct
1035 2523 1095 2554 his
1127 2521 1250 2555 verbis
1277 2530 1346 2551 non
1373 2519 1517 2553 Aeneae
1548 2520 1610 2552 sed
1644 2524 1774 2561 poetae

227 2574 370 2611 penates
415 2570 601 2613 religiosus
644 2580 745 2600 senex
785 2569 966 2601 vadentem
1036 2566 1270 2608 significatur
1325 2564 1530 2595 consilium.
1601 2564 1774 2596 Ceterum

229 2625 297 2645 non
315 2614 463 2656 simplici
478 2614 617 2645 sarcina
636 2615 837 2656 premeret.“
855 2613 968 2645 Powr.
1036 2612 1109 2644 vid.
1134 2611 1231 2642 infra
1255 2612 1308 2646 (ν.
1328 2609 1371 2639 69
1385 2611 1455 2648 sq.)
1481 2609 1606 2640 verba:
1629 2609 1695 2640 rite
1714 2619 1774 2639 ca-

274 2661 307 2689 2.
349 2669 414 2700 qno
437 2658 652 2700 potissimum
675 2683 682 2690 .
698 2682 705 2689 .
731 2657 844 2700 quam]
869 2656 970 2689 Scri·
1036 2657 1090 2689 vis
1106 2655 1236 2687 undam
1255 2653 1296 2683 de
1308 2652 1458 2692 flumine
1473 2652 1602 2693 palmis
1617 2651 1772 2684 sustinet.

230 2702 388 2734 bendum
423 2706 501 2736 erat
536 2706 600 2735 aut
634 2702 771 2746 polius,
810 2705 873 2734 aut
902 2701 970 2733 nisi
1081 2700 1113 2731 4.
1138 2695 1768 2745 Aeneam]DicendumeratAcneac.

232 2757 297 2787 pro
325 2758 440 2789 quam.
1082 2747 1200 2774 contra
1235 2751 1333 2773 suum
1367 2739 1470 2781 velle]
1508 2739 1585 2770 hd.
1618 2741 1691 2771 not.
1726 2739 1773 2771 ad
1818 2778 1820 2783 λ

277 2792 310 2821 3·
336 2792 434 2831 'quod
457 2802 532 2823 cnm
553 2794 639 2823 esset
664 2794 862 2833 reperturus
878 2788 970 2821 Her·
1039 2786 1175 2819 Comm.
1202 2785 1230 2825 Ι,
1256 2786 1311 2823 17,
1337 2785 1399 2834 10..
1516 2827 1522 2834 ι
1551 2827 1557 2834 ι
1620 2827 1627 2833 0

234 2834 302 2865 culi
333 2846 434 2866 sacra
459 2835 696 2876 celebrantem]
725 2835 805 2866 Hoc
828 2834 971 2865 Aeneae
1080 2841 1180 2874 posse
1216 2839 1317 2861 sacra
1353 2833 1458 2860 etlam
1492 2827 1556 2859 szbz
1596 2830 1662 2859 rite
1694 2836 1775 2869 per·
1817 2861 1819 2871 ι

234 2888 304 2911 non
322 2877 464 2912 dixerat
480 2879 568 2912 deus
583 2877 797 2920 Tiberinus,
811 2877 873 2911 sed
893 2880 973 2910 tan-
1032 2874 1153 2917 ficere]
1177 2873 1235 2907 Cf.
1261 2872 1348 2906 Aen.
1370 2872 1466 2913 VIII,
1492 2873 1548 2904 60.
1574 2871 1699 2905 Iunoni
1715 2872 1776 2912 fer
1816 2903 1819 2912 ,
