1843 3163
534 22 725 65 RERUM
772 22 841 64 ET
874 20 1194 64 VERBOBUM.

99 137 189 168 Nota
230 133 487 166 ostentationis
517 133 603 174 vn,
635 136 677 174 2,
708 136 739 166 4.
790 152 826 157 —

137 178 305 211 censoria
339 177 385 209 ib.
424 181 473 209 10.
522 196 566 202 —
593 177 832 220 vituperatio-

139 223 194 255 nis
219 223 349 263 1’11,;1,
380 225 428 254 17.

99 267 270 300 Notabilis
306 266 345 297 0.
378 266 412 303 l.
442 269 505 306 21,
532 268 584 297 12.
639 266 833 298 Notabilior

139 311 177 342 c.
203 311 231 350 1,
252 314 286 350 2,
309 313 348 350 3;
378 314 427 347 is,
453 314 494 348 93
524 313 575 349 19,
600 314 619 341 τ
647 315 682 341 et
707 313 761 341 20.

95 354 195 387 Nova
239 355 324 386 luna
367 354 502 385 mensis
547 354 692 385 initium
738 353 832 395 apud

141 400 324 430 Romanos
351 398 386 429 S.
413 399 438 436 Ι,
465 401 513 434 15,
533 401 564 428 5.

101 444 239 475 Βύιάια
273 444 358 475 luna
384 442 422 474 (J.
450 444 474 477 Ι,
503 445 554 482 18,
584 443 634 472 10.

95 487 324 520 Nux-‹enariua
353 497 525 518 nnuwrus
551 485 729 526 quomodo
757 485 835 515 lon-

143 543 229 574 gum
272 533 459 571 latumque
509 541 641 572 corpus
686 528 836 560 efficere

143 576 286 608 «linatur
307 576 344 606 (Β.
374 575 420 612 ΙΙ,
444 577 477 612 2,
509 576 556 604 12.

99 619 250 653 Novitas
275 619 467 652 stellarum
491 617 526 648 C.
555 616 582 655 Ι,
611 618 665 654 16,
690 617 712 646 2
738 627 789 657 sq.

99 664 174 696 Nox
204 669 261 696 est
287 669 406 697 terrae
432 662 559 693 umbra
582 660 609 691 C
647 661 674 699 l,
699 663 755 700 20,
785 662 835 691 18.

143 708 270 740 Noctis
304 706 438 739 divisio
471 706 507 737 S.
543 707 577 743 Ι,
609 706 648 746 3,
686 707 726 735 12
759 715 836 746 sqq.

149 752 259 784 Noctu
280 753 407 793 sutura
431 750 469 782 S.
497 750 532 785 l.
554 752 595 789 3,
624 751 663 780 16
688 753 724 780 et
750 750 789 787 4,
816 751 837 779 2

142 807 218 838 sqq.
255 813 300 820 —
325 795 490 828 concubia
515 793 563 825 ΙΙ).
591 795 718 835 l7sqq.
760 794 836 825 Noa:

144 851 208 882 pro
234 844 334 872 noctu
362 839 411 870 ib.
439 841 490 869 19.

99 883 221 916 Nubes
245 883 330 925 quid
362 883 435 914 sint
461 881 497 912 C
523 881 551 920 Ι,
575 883 632 921 22,
655 884 687 912 9.
740 880 836 913 Nube

146 927 280 970 poetici
310 926 475 969 figmenti
500 925 539 956 C.
560 925 608 965 ΙΙ,
635 927 688 963 10,
719 927 769 956 11.

100 972 239 1004 Nucum
273 981 411 1014 genera
449 949 767 1009 lll‚18.Niices
803 973 838 1001 et

145 1017 243 1048 mala
269 1027 339 1057 quo
364 1016 502 1046 distent
528 1014 592 1052 ΙΙΙ,
619 1016 725 1051 19,1.

106 1061 212 1094 Nuda
238 1071 360 1093 rerum
385 1059 513 1093 talium
540 1063 669 1091 natura
690 1057 728 1089 C.
755 1059 781 1099 Ι,
803 1059 837 1098 2,

107 1149 242 1181 Nudius
264 1153 408 1190 quartus
434 1146 470 1178 S.
490 1146 518 1184 Ι,
539 1146 571 1184 4,
596 1147 651 1177 21.

101 1193 217 1226 Numa
242 1191 469 1234 Pompilius,
492 1190 755 1232 Agonaliorum
783 1200 839 1221 re-

146 1242 270 1279 peitor
307 1236 343 1268 S.
376 1236 410 1274 Ι,
443 1237 484 1274 4,
512 1239 543 1267 7.
598 1234 686 1266 Eius
722 1233 839 1265 ιίηιιε

146 1282 184 1312 C.
218 1281 272 1320 ΙΙ,
302 1283 361 1320 17,
385 1283 418 1311 8.
466 1279 554 1310 Eius
590 1277 771 1310 industria
803 1278 839 1310 iu

147 1325 344 1357 diuidendo
375 1334 468 1356 anno
496 1323 532 1355 S.
560 1323 594 1360 Ι,
620 1326 672 1354 13.
722 1323 838 1354 Grae-

147 1380 208 1401 cos
239 1373 386 1401 secutus
416 1370 473 1400 est
510 1367 558 1398 ib.
590 1369 604 1397 l
641 1371 678 1398 et
709 1370 730 1398 8
761 1378 837 1407 sqq.

145 1412 468 1445 lntercalationem
520 1421 602 1442 eum
654 1410 839 1442 invenisse

145 1457 274 1489 Antias
310 1454 497 1488 contendit
535 1454 583 1487 ib.
620 1457 676 1486 20.
739 1455 838 1496 Quo-

146 1502 252 1533 modo
278 1511 422 1532 meuses
450 1499 486 1531 in
507 1498 586 1532 dies
604 1498 838 1531 distribuerit

146 1545 183 1577 S.
208 1545 235 1584 Ι,
264 1547 315 1584 16,
336 1547 358 1575 2
380 1556 456 1586 sqq.

101 1589 219 1622 Numa
240 1589 333 1630 apud
358 1586 555 1628 Virgilium
581 1587 619 1626 V,
648 1589 699 1626 15,
730 1589 779 1618 11.

100 1633 290 1665 Numanus
322 1632 379 1671 lv,
410 1634 443 1672 3,
469 1635 499 1662 7.

100 1678 331 1710 Nomentana
355 1685 424 1708 uva
443 1675 508 1714 ΙΙΙ,
527 1676 582 1713 20,
604 1678 633 1705 7.

104 1722 344 1754 Numerositas
367 1731 400 1762 p.
425 1730 496 1751 xm.

100 1766 282 1799 Numerus
310 1776 374 1807 p‘u·
398 1769 434 1795 ct
460 1763 584 1805 inpar,
612 1761 778 1803 duplaris
803 1764 837 1792 et

145 1809 312 1851 triplaris
356 1807 706 1847 c.1,6‚1.—
732 1805 839 1847 inpar

147 1865 245 1894 mas,
280 1864 345 1896 par
371 1851 507 1884 femina
539 1850 577 1882 C.
602 1849 638 1890 Ι,
662 1852 700 1889 6,
724 1853 763 1889 7;
790 1849 837 1890 ΙΙ,

144 1900 185 1936 2,
226 1900 276 1928 17.
336 1896 506 1928 Omnium
550 1893 689 1936 primus
732 1893 839 1935 inpar

144 1941 218 1974 tria.
243 1937 838 1981 C.I‚5,16.Inmr1ndiebus

146 1985 327 2017 mensium
355 1995 376 2016 a
405 1984 521 2016 Numa
555 1951 723 2015 slervatus
750 1982 785 2014 S.
809 1982 836 2021 Ι,

148 2032 200 2068 13,
227 2033 258 2061 5.
307 2027 458 2060 Numeri
485 2027 546 2069 qui
570 2026 756 2068 Scipionis
783 2026 835 2058 vi-

146 2074 220 2106 tale
242 2073 401 2114 spatium
424 2071 669 2110 includerent,
689 2082 732 2102 ex
757 2071 836 2112 pari

144 2116 388 2150 constiterunt
413 2121 449 2148 et
470 2115 590 2157 inpari
616 2114 653 2146 C.
681 2115 717 2155 Ι,
743 2118 781 2153 6,
807 2118 835 2146 l.

143 2162 215 2204 Qui
241 2161 382 2193 numeri
407 2159 553 2203 proprie
577 2158 677 2201 pleni
701 2159 775 2191 sint
797 2159 834 2191 C.

143 2206 172 2246 l,
194 2210 227 2245 5,
252 2208 274 2237 3
299 2217 376 2247 sqq.
404 2209 441 2236 et
468 2206 508 2236 14
532 2215 609 2245 sqq.
657 2203 837 2245 Septena-

142 2249 220 2282 rius
263 2260 436 2281 numerus
478 2259 543 2279 cur
585 2248 715 2289 plenus
756 2247 836 2280 iure

143 2293 358 2325 vocitandus
384 2293 432 2324 sit
455 2291 493 2322 C.
521 2292 549 2330 Ι,
574 2295 607 2331 6,
636 2294 755 2334 lsqq.
797 2311 831 2315 —

142 2336 318 2369 Senarius
350 2336 481 2378 plenus
508 2335 694 2376 perfectus
727 2341 835 2377 atque

143 2380 288 2413 divinus
312 2386 368 2412 est
391 2379 467 2417 vll,
495 2381 548 2417 13,
573 2381 624 2411 10.
661 2379 715 2410 Cf.
740 2380 780 2411 C.
804 2380 833 2420 Ι,

143 2428 184 2464 6,
217 2427 259 2456 12
287 2435 363 2465 sqq.
420 2422 601 2455 Numerus
638 2423 834 2464 superficie

142 2473 179 2500 et
219 2467 328 2500 lineis
362 2470 418 2499 est
453 2466 637 2507 antiquior
672 2466 711 2498 C.
737 2467 774 2505 Ι,
801 2470 834 2507 5,

145 2514 197 2544 12.
244 2512 485 2544 Numerorum
523 2515 652 2542 natura
685 2521 833 2552 geome—

144 2555 248 2588 tricis
279 2554 483 2588 rationibus
513 2554 700 2595 adplicata
725 2554 763 2586 C.
785 2555 832 2594 ΙΙ,

142 2603 183 2639 2,
227 2602 259 2630 8.
335 2598 484 2631 Numeri
538 2603 622 2630 ante
674 2598 832 2631 animam

143 2643 268 2676 mundi
298 2643 446 2674 fuerunt
470 2641 508 2674 C.
534 2642 570 2682 Ι,
594 2645 633 2681 6,
654 2643 686 2673 4.
734 2643 832 2683 Quo·

142 2688 249 2720 modo
275 2687 396 2719 anima
423 2686 548 2718 muudi
579 2697 621 2718 ex
648 2686 696 2718 iis
721 2697 833 2728 gene-

143 2737 224 2764 rata
258 2731 307 2763 sit
343 2731 430 2763 ibid.
463 2735 499 2761 et
530 2732 591 2769 463
632 2730 683 2762 ΙΙ.
713 2733 752 2770 2,
781 2733 831 2763 14.

141 2775 346 2808 Intervalla
366 2775 546 2817 quomodo
569 2755 752 2816 s’‘⁷uP1›leta
759 2775 833 2807 sint

142 2819 190 2851 ib.
222 2822 276 2852 20.
323 2820 395 2851 Per
428 2830 518 2861 quos
554 2818 619 2851 fiat
652 2818 831 2860 iugabilis

143 2874 264 2896 rerum
300 2863 460 2896 omnium
505 2863 738 2906 conpetentia
783 2864 829 2896 ib.

1563 21 1640 61 717

951 136 990 164 18
1017 135 1052 164 et
1079 131 1117 163 C.
1148 131 1182 171 Ι,
1213 135 1265 170 19,
1295 133 1348 163 21.
1399 130 1641 164 Nnmerornu·

948 182 1048 209 certa
1074 176 1216 208 ratione
1237 175 1378 208 animas
1399 175 1534 208 sociari
1561 187 1641 208 cor-

948 221 1099 263 poribus
1136 220 1175 252 G.
1212 221 1245 258 Ι,
1287 223 1343 259 13,
1382 222 1433 252 11.
1483 221 1642 262 Quinam

947 265 1089 297 numeri
1125 265 1326 297 necessarii
1362 264 1436 296 sint
1471 266 1515 296 ad
1554 265 1642 296 soli-

949 310 1033 341 dum
1071 320 1203 350 corpus
1246 308 1481 340 efficiendum
1518 308 1556 340 C.
1595 309 1642 347 ΙΙ,

948 356 988 392 2,
1020 356 1068 383 13.
1119 353 1297 384 Nuiueros
1330 364 1457 385 sonum
1494 353 1644 384 efficere

949 397 987 427 (ι’.
1022 397 1071 434 ΙΙ,
1109 400 1145 434 Ι,
1176 400 1214 427 12
1244 409 1319 438 sqq.
1380 396 1540 429 'santum
1581 408 1642 429 nex

949 451 1119 471 nunu-ros
1144 446 1246 481 aptos
1271 452 1351 472 esso
1376 441 1418 473 ad
1447 441 1643 473 conficien-

951 484 1030 515 dam
1058 484 1235 515 musicam
1263 484 1301 516 (ι’.
1329 485 1380 523 ΙΙ,
1409 487 1439 524 1,
1469 489 1519 516 14.
1570 485 1640 517 Nu-

950 527 1039 560 meri
1073 528 1144 560 tria
1179 533 1214 560 et
1248 533 1420 569 ‹piaittuor
1447 529 1644 570 multiplici

950 572 1128 605 societate
1158 572 1342 604 coniuncti
1379 572 1417 603 C.
1456 573 1490 611 l,
1521 576 1560 610 6,
1589 576 1643 604 40.

950 616 1100 649 Numeri
1141 617 1320 658 quoinodo
1359 616 1489 657 digitis
1528 617 1645 658 signi-

950 661 1106 693 ficentur
1141 661 1238 694 Nott.
1267 661 1311 693 ad
1337 660 1373 693 S.
1403 662 1438 702 l,
1462 664 1504 703 9,
1533 664 1584 692 10.
1610 666 1645 694 ct

951 706 994 737 ad
1019 706 1095 746 ΙἸΙ,
1124 708 1176 746 13,
1204 708 1255 737 10.

906 749 1099 782 Numidica
1123 750 1214 782 licus
1237 749 1304 789 ΙΙΙ,
1327 751 1383 788 20,
1414 751 1443 781 l.

905 794 1063 827 Numina
1099 795 1202 827 varia
1235 794 1419 826 habentur
1451 793 1558 826 unius
1587 793 1645 826 dei

951 838 1043 870 varii
1071 839 1227 871 ess'ectus
1260 837 1296 870 S.
1324 838 1359 877 1,
1387 841 1446 877 17,
1470 839 1500 870 4.
1549 838 1644 870 lma-

950 883 1056 925 gines
1097 883 1143 915 iis
1183 881 1396 925 adsignavit
1430 881 1646 923 antiquitas,

952 927 1015 959 sed
1046 938 1115 960 non
1149 927 1287 959 habent
1320 937 1453 968 corpus
1485 925 1523 958 C.
1553 927 1587 968 l,
1610 930 1643 966 2,

912 1017 1107 1057 Numquam
1133 1015 1233 1047 hodie
1256 1014 1404 1057 effugies
1426 1013 1484 1054 vl,
1509 1016 1541 1054 1,
1565 1016 1611 1047 38

907 1061 1074 1093 Nuudina
1099 1060 1166 1092 dea
1191 1059 1229 1091 S.
1252 1059 1280 1098 l,
1312 1061 1362 1098 16,
1389 1060 1444 1090 36.

907 1104 1095 1138 Nundinae
1128 1114 1149 1136 a
1179 1114 1248 1145 quo
1282 1107 1318 1135 et
1353 1113 1418 1134 cur
1454 1101 1646 1134 institutae

952 1148 1073 1181 sintS.
1091 1148 1117 1188 Ι,
1134 1151 1186 1188 16,
1200 1150 1244 1178 32
1257 1158 1333 1189 sqq.
1375 1165 1420 1170 —
1445 1146 1565 1178 sintne
1592 1147 1645 1178 fe-

953 1193 1030 1225 riae
1055 1196 1091 1225 et
1111 1192 1240 1234 quales
1264 1191 1311 1223 ib.
1339 1193 1359 1222 5
1375 1202 1426 1232 sq.
1454 1195 1489 1222 et
1505 1193 1550 1222 28
1567 1202 1644 1232 sqq.

953 1237 1052 1279 Lege
1102 1236 1300 1268 Hortensia
1353 1236 1471 1267 sanstae
1524 1236 1646 1267 saetae

953 1287 1035 1313 sunt
1058 1281 1105 1313 ib.
1131 1283 1185 1312 30.
1233 1279 1483 1311 Nundinarum
1509 1280 1588 1311 dies
1608 1279 1645 1313 S.

954 1326 987 1365 Ι,
1016 1328 1075 1364 13,
1105 1328 1157 1357 18.
1209 1342 1243 1347 —
1280 1324 1385 1366 origo
1421 1324 1469 1355 ib.
1499 1326 1543 1355 32
1567 1335 1643 1365 sqq.

954 1370 991 1400 ln
1028 1369 1109 1401 anni
1145 1368 1348 1410 principem
1383 1366 1478 1399 diem
1512 1368 1571 1399 vel
1608 1368 1645 1400 in

951 1414 1073 1446 Nonas
1095 1414 1266 1445 cadentes
1285 1412 1510 1444 eavebantur
1527 1411 1575 1444 ib.
1592 1415 1645 1445 16.

906 1457 1052 1500 Nuptiis
1093 1456 1309 1499 copulandis
1350 1455 1411 1497 qui
1451 1456 1530 1488 dies
1572 1456 1645 1489 sint

951 1501 1121 1544 religiosi
1145 1501 1182 1533 S.
1208 1501 1236 1541 Ι,
1264 1503 1319 1540 15,
1349 1503 1389 1532 21
1418 1511 1470 1542 sq.

911 1547 1106 1579 Nutricatio
1131 1545 1169 1585 V,
1194 1548 1249 1584 11,
1272 1547 1327 1577 15.

910 1591 1095 1622 Nutricotu
1118 1589 1166 1621 ib.
1190 1592 1243 1621 16.

906 1634 1076 1667 Nutrires
1106 1644 1239 1676 pueros
1267 1632 1334 1664 sub
1367 1633 1450 1664 luna
1484 1634 1645 1664 ferentes

950 1690 1014 1709 cur
1048 1682 1176 1721 tegant
1204 1677 1287 1715 vll,
1326 1678 1385 1716 16,
1418 1678 1472 1707 25.
1521 1676 1644 1708 Nutri-

951 1723 1003 1754 cis
1031 1722 1219 1765 ingenium
1251 1725 1425 1762 quantum
1452 1721 1572 1753 valeat
1598 1721 1643 1753 ad

951 1778 1071 1798 mores
1097 1767 1135 1807 V,
1162 1769 1214 1804 11,
1239 1768 1290 1797 15.

907 1810 1003 1844 Nutu
1040 1822 1105 1842 suo
1137 1810 1258 1841 omnia
1295 1809 1462 1840 seruntur
1498 1808 1534 1840 Ιιι
1571 1812 1645 1841 ter-

950 1865 1027 1887 ram
1053 1854 1112 1887 So.
1137 1857 1170 1892 4,
1193 1858 1235 1893 33
1262 1852 1301 1885 C.
1325 1854 1352 1892 l,
1376 1856 1432 1893 22,
1459 1856 1471 1884 l
1499 1864 1575 1894 sqq.

907 1899 1099 1942 Nymphae
1121 1898 1197 1939 vll,
1224 1900 1254 1930 1.
1282 1900 1320 1929 16

909 1989 947 2021 O
973 1986 1082 2018 finale
1109 1988 1317 2027 correptum
1343 1985 1386 2016 D.
1419 1987 1470 2025 15,
1501 1987 1551 2016 19.

906 2030 1126 2063 Obedientia
1147 2028 1388 2062 interstitium
1406 2028 1501 2063 inter
1521 2040 1643 2062 aerem

949 2080 985 2107 et
1009 2075 1133 2118 ignem
1160 2075 1199 2106 C.
1226 2074 1255 2112 Ι,
1280 2077 1313 2113 6,
1340 2076 1395 2105 39.

911 2120 958 2151 Ob
984 2131 1100 2152 errare
1125 2119 1163 2151 C.
1190 2118 1218 2156 Ι,
1244 2122 1277 2158 9,
1303 2120 1335 2149 5

911 2164 1013 2196 Obitu
1039 2168 1147 2196 morte
1171 2162 1231 2202 xl,
1259 2165 1289 2201 1,
1314 2164 1367 2193 48.

905 2207 1127 2249 Obiurgatio
1151 2207 1263 2239 habet
1287 2206 1418 2249 pathos
1443 2205 1501 2244 ΙΙ,
1528 2207 1562 2245 6,
1586 2206 1640 2236 24.

905 2251 1064 2294 Obliqna
1090 2251 1182 2284 ratio
1207 2255 1290 2294 post
1314 2254 1452 2282 rectam
1475 2248 1511 2282 S.
1536 2249 1566 2288 Ι,
1587 2251 1640 2288 13,

908 2340 1105 2382 obliquatio
1128 2339 1342 2379 111,1‚22.

908 2384 1052 2426 Oblique
1075 2382 1289 2415 denuntiare
1316 2380 1466 2419 c.1‚7‚
1492 2382 1521 2412 l.

903 2427 1055 2469 Obliqui
1079 2427 1227 2469 quinam
1254 2426 1327 2458 sint
1349 2405 1466 2456 nobis
1478 2423 1518 2455 C.
1540 2423 1588 2463 ΙΙ,
1604 2426 1637 2463 6,

907 2515 1022 2546 Oblita
1046 2523 1153 2545 sucos
1179 2511 1321 2554 priores
1345 2511 1567 2553 ροηιιιΙΙ,6,
1585 2514 1637 2544 18.

902 2557 1050 2590 Oblivio
1078 2556 1270 2588 ebrietatis
1299 2566 1422 2588 eomes
1453 2555 1492 2587 C.
1517 2555 1554 2595 Ι,
1583 2557 1637 2595 12,

945 2605 978 2632 8.
1026 2600 1235 2633 Oblivionis
1256 2600 1390 2632 fluvius
1414 2598 1496 2638 (3.1,
1515 2602 1567 2639 10,
1584 2602 1636 2632 10.

907 2645 1068 2687 Obnupta
1097 2645 1254 2676 nubibus
1280 2649 1377 2676 terra
1401 2643 1437 2675 S.
1466 2643 1498 2683 Ι,
1524 2646 1579 2682 21,
1602 2646 1636 2675 5.

902 2689 1080 2721 Obruitur
1115 2689 1236 2721 anima
1272 2689 1316 2721 ad
1355 2693 1499 2730 tenipus
1534 2687 1572 2719 C.
1609 2688 1637 2728 l,

947 2735 1000 2772 12,
1030 2736 1079 2765 17.

906 2777 1057 2809 Obscura
1074 2778 1178 2817 sama
1204 2776 1356 2808 recondit
1381 2775 1439 2814 VI,
1467 2777 1498 2814 1,
1522 2777 1578 2807 61.

900 2820 1116 2854 Obsecratio
1160 2820 1292 2861 quibus
1333 2820 1382 2852 sit
1419 2824 1502 2852 acta
1536 2819 1636 2852 bello

944 2865 1082 2898 Punico
1109 2865 1268 2898 secundo
1292 2864 1328 2897 S.
1356 2865 1384 2904 Ι,
1410 2867 1443 2904 6,
1471 2866 1519 2896 14.
