1871 3126
222 49 300 92 108
853 47 1127 93 MACROBII

149 162 439 219 37pellatione,
468 159 688 201 Octobrem
719 172 812 200 vero
842 174 917 203 suo
946 162 1109 203 nomine
1130 163 1386 205 Domitianus
1416 164 1622 206 invaserat.
1680 164 1757 205 Sed

215 220 284 261 uhi
324 218 537 259 insiustum
574 215 812 257 vocabulum
852 231 899 257 ex
940 219 1048 259 omni
1088 233 1178 261 aere
1213 220 1272 262 vel
1315 235 1409 261 saxo
1451 220 1599 275 placuit
1636 220 1756 269 eradi,

214 289 369 317 menses
404 286 568 328 quoque
610 272 898 327 usurpatione
913 274 1140 328 tyrannicae
1179 277 1453 340 appellationis
1490 276 1597 317 exuti
1643 281 1756 317 sunt:

214 331 344 373 cautio
373 334 511 384 postea
542 328 765 383 principum
800 334 1024 371 ceterorum
1057 331 1131 371 diri
1160 333 1305 374 ominis
1341 333 1510 373 infausta
1545 333 1754 373 vitantium

215 387 419 429 mensibus
448 400 470 425 a
502 386 725 439 Septembri
751 399 880 439 usque
911 386 959 426 ad
987 388 1251 429 Decembrem
1284 390 1412 443 prisea
1442 389 1602 429 nomina
1632 402 1756 429 reser-

146 443 496 489 3Sxa11tHaee
527 442 601 482 suit
629 456 650 482 a
678 442 852 483 Romulo
884 457 1014 484 annua
1045 444 1225 485 ordinata
1262 445 1474 494 dimensio,
1520 445 1606 499 qui,
1653 444 1756 485 sicut

211 514 330 555 supla
361 499 436 540 iam
476 498 670 548 diximus,
717 513 865 539 annum
908 499 1042 540 decem
1089 501 1283 542 mensium
1322 501 1473 542 die1um
1510 515 1603 542 vero
1640 506 1754 554 quat-

209 563 303 598 tuor
341 561 380 597 et
416 560 686 596 trecentorum
735 555 961 596 habendum
1010 570 1097 598 esse
1143 558 1372 607 constituit,
1421 570 1658 620 mensesque
1700 557 1755 598 ita

211 612 430 668 disposuit,
469 617 515 652 ut
540 616 731 666 quattuor
756 625 804 652 ex
831 611 890 652 his
918 612 1091 654 tricenos
1122 614 1317 668 singulos,
1362 628 1429 655 sex
1456 627 1549 655 vero
1581 613 1754 654 tricenos

143 673 197 715 39
211 670 403 711 haberent
427 668 522 709 dies.
584 668 662 709 Sed
692 682 782 708 eum
812 667 844 709 is
873 682 1063 710 numerus
1092 683 1223 725 neque
1254 671 1348 712 solis
1379 670 1512 711 cursui
1541 684 1671 725 neque
1694 669 1753 710 lu-

209 741 284 768 nae
313 725 535 767 rationibus
571 724 821 773 comeniret,
873 739 1175 781 nonnumquam
1212 741 1290 768 usu
1327 727 1511 769 veniebat
1548 732 1593 767 ut
1631 726 1754 780 frigus

208 783 300 824 anni
350 781 507 823 aestivis
554 781 757 821 mensibus
803 786 842 821 et
884 787 1022 822 eontra
1071 783 1179 824 calor
1226 783 1462 825 hiemalibus
1506 782 1752 838 proveniret:

208 839 315 894 quod
341 838 409 879 ubi
441 836 688 890 contigisset,
724 842 879 877 tantum
909 838 1062 878 dierum
1092 839 1177 880 sine
1208 841 1290 881 ullo
1320 840 1465 880 mensis
1496 853 1659 880 nomme
1683 852 1751 892 pa-

208 897 409 937 tiebantui
440 893 593 935 absumi
624 899 817 957 quantum
851 893 898 934 ad
930 893 968 934 id
995 895 1087 935 anni
1118 901 1275 952 tempus
1303 897 1519 938 adduceret.
1546 909 1627 950 quo
1656 894 1753 936 caeli

206 953 366 995 habitus
398 950 559 991 instanti
594 950 719 991 mensi
750 954 866 1004 aptus
896 950 1150 992 inveniretur.

172 1012 189 1051 l
318 1008 435 1049 XIII.
496 1006 575 1047 Sed
608 1012 771 1047 secutus
797 1007 940 1056 Numa,
972 1014 1167 1070 quantum
1192 1008 1266 1049 sub
1294 1007 1402 1049 caelo
1433 1006 1521 1048 rudi
1550 1012 1590 1048 et
1616 1006 1751 1048 seculo

140 1065 363 1121 126313dhuc
400 1063 567 1118 inpolito
603 1063 688 1105 solo
718 1063 876 1118 ingenio
913 1064 1102 1118 magistro
1134 1064 1456 1120 conprehendere
1491 1063 1645 1119 potuit,
1691 1062 1750 1104 vel

294 1192 398 1236 [Mss.
423 1192 590 1225 AnGPS.

205 1252 260 1282 vl.
309 1249 390 1281 sibi
417 1249 540 1281 retinet
570 1250 634 1279 ῐ3-
616 1258 692 1290 -ag
735 1267 776 1272 -—-
815 1258 863 1281 ezr
892 1249 1090 1281 Germanici
1117 1249 1363 1293 appellatione.
1399 1250 1464 1279 v3-
1447 1259 1515 1290 -ng
1546 1247 1602 1287 (in
1626 1258 1646 1278 v
1668 1246 1749 1279 add.

209 1297 294 1337 Cap.
320 1294 423 1326 XIII.
454 1294 614 1331 October,
644 1292 716 1325 ini
750 1294 821 1336 Cap
865 1294 945 1325 ΧΗ.
982 1294 1154 1332 October.)
1183 1312 1229 1318 —-
1255 1305 1315 1326 suo
1344 1274 1512 1334 (neminen
1523 1293 1604 1324 uid.
1629 1293 1674 1324 ab
1700 1292 1749 1323 al.

204 1341 271 1380 m.)
300 1338 339 1370 Α.
474 1340 529 1370 37.
578 1316 756 1378 irisactum
794 1349 867 1369 voc.
908 1338 947 1369 B
987 1356 1027 1361 —
1070 1340 1335 1382 usurpationem
1378 1337 1471 1369 coni.
1508 1338 1621 1369 Gron.
1663 1336 1748 1368 coll.

204 1385 342 1416 Cotum.
369 1382 399 1423 I,
426 1385 458 1421 9,
484 1385 516 1414 3.
543 1387 579 1414 et
611 1385 659 1419 13
686 1385 718 1414 6.
756 1401 800 1406 -
841 1384 1085 1426 appellatione
1109 1389 1208 1426 (sup
1234 1385 1281 1422 ἱ5)
1308 1383 1346 1415 Ρ.
1484 1384 1538 1413 38.
1582 1393 1700 1413 annua
1727 1392 1748 1413 a

202 1429 336 1461 romulo
357 1427 394 1459 S.
426 1445 465 1450 —
498 1428 617 1470 supra]
645 1427 664 1469 ὃ
690 1429 721 1458 3.
753 1446 791 1449 ——
824 1428 892 1459 iam
919 1429 1177 1470 supradiximus
1203 1428 1279 1461 BG.
1306 1446 1348 1451 -—
1379 1428 1539 1459 insti'tmt
1564 1427 1670 1458 s-M'.
1703 1444 1747 1450 —

201 1484 332 1507 menses
354 1483 505 1514 quoque
529 1472 564 1504 S.
587 1490 631 1495 —
654 1477 691 1505 et
715 1472 874 1514 singulos
890 1472 985 1514 Svg-
1006 1473 1090 1505 Bar.
1227 1476 1282 1506 39.
1317 1473 1466 1505 assumi
1488 1483 1556 1514 ¹-g
1582 1471 1748 1512 „Malef‘

203 1519 316 1551 Zeun.
340 1535 383 1540 —-
410 1517 456 1548 ad
481 1517 566 1548 anni
590 1520 677 1554 (0111
703 1517 756 1554 id)
777 1517 812 1548 h.
838 1534 877 1541 —
904 1523 986 1560 apta
999 1529 1030 1549 m
1054 1518 1097 1550 G.

292 1561 392 1594 xlll.
445 1562 558 1604 Caput
590 1562 692 1593 XIII.
734 1562 782 1593 De
814 1563 1032 1594 ordinatione
1066 1562 1150 1594 anni
1179 1571 1241 1603 per
1270 1561 1439 1592 Numam:
1473 1565 1503 1593 et
1527 1571 1615 1602 quae
1638 1570 1745 1592 causa

195 1608 308 1650 fuerit
342 1606 597 1638 intercalandi.-
631 1617 763 1649 quoque
796 1612 945 1649 tempore
966 1608 1114 1649 primum
1141 1606 1382 1638 intercalatum
1409 1606 1463 1637 sit.
1504 1605 1604 1636 eli—l).
1659 1606 1745 1647 Cap.

207 1653 330 1685 XIIII.
361 1652 495 1684 Divisio
520 1651 604 1683 anni
626 1662 689 1694 per
714 1662 899 1683 nummum.
924 1663 945 1683 v
973 1653 1001 1690 (i
1027 1653 1111 1695 Cap.
1140 1651 1275 1689 xlii).
1392 1652 1422 1681 l.
1461 1655 1627 1693 quantum
1651 1660 1744 1681 sae-

1008 1766 1136 1799 modus
1162 1765 1233 1798 sibi
1259 1765 1472 1798 imitandum
1493 1767 1744 1808 proposuerat.

1007 1811 1123 1854 Atque
1170 1811 1403 1853 Lampridius
1449 1816 1486 1843 et
1530 1809 1745 1852 xiphilinus

1008 1857 1079 1888 ista
1111 1856 1256 1888 nomina
1292 1867 1384 1888 nova
1415 1856 1553 1888 diserte
1585 1865 1745 1887 comme-

1007 1905 1189 1933 1nornnt.“
1217 1901 1327 1933 zssuw.
1347 1919 1387 1924 —-
1414 1900 1743 1940 Crcensorin22,

1009 1949 1060 1978 17.
1095 1947 1216 1978 Postea
1249 1957 1328 1978 vero
1359 1947 1459 1978 multi
1481 1946 1655 1988 principes
1677 1956 1742 1976 no-

202 1768 353 1811 vaserat]
374 1766 430 1799 Cl'.
451 1766 599 1799 sueton.
620 1766 754 1799 Domit.
780 1769 831 1798 13.
862 1767 940 1800 Post

201 1820 316 1847 autem
366 1813 452 1845 duos
501 1812 691 1854 triumphos
743 1813 941 1845 Germanici

201 1858 405 1902 cognomine
463 1862 639 1899 assumpto
709 1857 939 1899 Septembrem

201 1914 347 1936 mensem
375 1908 405 1935 et
429 1903 605 1934 Octobrem
628 1912 667 1933 ex
691 1902 938 1943 appellationi-

201 1950 262 1981 bus
296 1948 367 1979 suis
396 1947 695 1978 Germanicum
726 1947 938 1979 Domitia-

201 2003 370 2043 numque
395 1991 705 2023 transnominavit:
738 2003 802 2032 quo
828 1992 937 2023 altero

198 2037 401 2079 suscepisset
440 2036 643 2077 imperium,
689 2036 798 2067 attero
835 2041 939 2068 natus

200 2086 298 2114 esset.
358 2080 547 2112 Pium-munh
590 2079 694 2111 Num.
741 2082 792 2112 19.
842 2077 940 2118 Τοὺς

201 2124 238 2159 δὲ
277 2122 403 2179 ἐφεξῆς
433 2120 713 2178 Δομετιανὸς
742 2123 938 2176 εἰσεποίησε

199 2172 281 2208 ταῖς
324 2166 440 2201 αὑτοῦ
480 2166 696 2220 ἐπωνυμίαις
739 2165 781 2200 οὗ
823 2166 938 2200 πολυν

199 2212 348 2266 χρόνον,
391 2209 479 2244 ἀλλὰ
502 2209 567 2251 τὰς
591 2208 713 2244 αυτῶν
737 2209 937 2265 ἀναλαβόν-

198 2270 255 2296 τες
287 2256 393 2289 πάλιν
424 2255 559 2289 ἐκείνου
592 2254 789 2299 σφαγέντος
822 2253 842 2289 ὁ
873 2254 937 2299 μὲν

198 2300 352 2346 ἕβδομος
377 2297 395 2333 ὁ
422 2300 458 2333 as
484 2298 611 2344 ὅγὸοος
630 2302 837 2334 καλοῦνται.

245 2350 299 2378 37.
350 2347 407 2378 ubi
432 2348 622 2386 infaustum
648 2348 851 2378 vocabulum
878 2368 910 2377 ..
926 2370 933 2378 .

196 2392 331 2434 placuit
371 2391 482 2432 eradi]
525 2391 578 2422 Cf.
616 2390 764 2423 sueton.
803 2390 936 2423 Domit.

197 2439 253 2468 23.
278 2437 428 2468 Senatus
448 2437 534 2468 adeo
560 2437 710 2468 laetatus
732 2442 792 2475 est,
818 2441 854 2468 ut
881 2461 887 2468 .
903 2462 909 2468 .
926 2459 934 2467 .

197 2481 390 2513 eradendos
416 2481 539 2522 ubique
565 2482 683 2513 titulos
710 2482 935 2513 abolendam-

199 2537 262 2568 que
288 2537 419 2557 omnem
446 2526 644 2557 memoriam
671 2526 872 2558 decerneret.

243 2571 357 2602 cautio
386 2575 509 2613 postea
537 2571 732 2612 principum
762 2594 792 2601 ..
817 2571 933 2612 prisca

196 2615 336 2646 noiiiina
360 2615 563 2656 reservavit]
591 2615 662 2655 „At
687 2614 773 2646 huie
791 2615 934 2647 Muci-0-

198 2659 249 2691 bii
275 2659 480 2692 sententiae
505 2664 684 2703 repugnat
708 2660 866 2692 historia
890 2660 933 2691 de

198 2704 394 2736 Commodo
413 2705 649 2746 Imperatore.
699 2705 934 2737 Herodianus

199 2749 294 2780 enim
321 2749 346 2788 l,
376 2752 446 2787 14..
473 2750 633 2791 scriptor
658 2749 729 2781 fide
755 2749 932 2792 dignissi-

199 2804 296 2830 mus,
337 2798 461 2826 narrat
495 2806 515 2827 a
551 2794 749 2827 Commodo
786 2794 932 2826 nomina

198 2837 377 2868 mensium
411 2850 491 2870 esse
530 2840 741 2878 immutata,
779 2850 931 2881 quorum

199 2881 372 2922 pleraque
388 2883 533 2915 nomina
553 2884 846 2916 coniunctionem
866 2884 933 2916 lia-

199 2925 345 2958 bue-rint
369 2937 448 2958 euin
472 2928 655 2970 nercule,
688 2940 796 2970 quem
823 2929 931 2962 Gom-

1005 1992 1101 2023 mina
1121 1992 1290 2033 quaedam
1316 2003 1466 2023 mensum
1488 1991 1744 2022 inmutaverunt

1005 2037 1077 2067 suis
1120 2037 1355 2076 nuncupando
1392 2035 1603 2073 nominibus,
1650 2034 1742 2076 quod

1006 2085 1066 2112 aut
1091 2080 1158 2123 ipsi
1179 2081 1393 2122 postmodum
1421 2084 1653 2117 mutaverunt,
1680 2083 1742 2110 aut

1002 2130 1079 2167 post
1110 2125 1235 2156 obitum
1261 2136 1372 2156 eorum
1404 2126 1464 2156 illa
1496 2125 1636 2156 nomina
1663 2123 1740 2166 pri-

1004 2170 1096 2201 stina
1142 2170 1214 2201 suis
1257 2170 1394 2201 reddita
1437 2169 1609 2200 mensibus
1650 2173 1742 2200 sunt.

1004 2213 1065 2245 Sic
1103 2212 1174 2245 iam
1213 2218 1321 2245 antea
1354 2213 1447 2245 Nero
1479 2212 1639 2255 Aprilem
1675 2223 1739 2254 ap-

1004 2258 1160 2300 pellavit
1202 2258 1412 2297 Neroneum,
1454 2263 1491 2289 ut
1529 2257 1582 2290 ait
1608 2257 1740 2289 Sueto-

1004 2303 1085 2335 nius
1111 2303 1205 2334 nero
1230 2305 1286 2334 55.

1049 2349 1118 2379 diri
1141 2347 1264 2379 ominis
1290 2346 1462 2388 infausta]
1489 2346 1544 2377 Cf.
1571 2346 1598 2386 I,
1625 2349 1657 2385 7,
1687 2348 1737 2379 15.

1002 2392 1183 2435 religionis
1208 2403 1291 2424 suae
1313 2393 1494 2424 observata
1517 2395 1552 2424 et
1570 2391 1738 2435 prolegg.

1004 2449 1037 2479 p.
1065 2447 1189 2468 xxxma.

1047 2484 1101 2513 39.
1142 2480 1288 2513 instanti
1307 2480 1426 2521 mensi]
1448 2479 1469 2511 i.
1490 2490 1519 2511 e.
1540 2480 1738 2520 praesenti.

1003 2526 1082 2557 Yid.
1111 2530 1182 2558 not.
1211 2525 1255 2556 ad
1282 2525 1325 2556 de
1351 2524 1429 2556 diss'.
1456 2526 1509 2561 15,
1538 2526 1566 2555 l.

1045 2571 1152 2607 xm,
1184 2573 1211 2601 1.
1258 2570 1317 2601 sub
1343 2569 1437 2600 eaelo
1461 2568 1555 2609 rudi]
1598 2568 1738 2600 Caelum

1000 2616 1086 2648 rade
1110 2615 1255 2646 videtur
1279 2612 1410 2656 opponi
1438 2618 1625 2655 perpetuae
1650 2613 1739 2645 caeli

1000 2660 1179 2692 serenitati
1227 2659 1320 2701 apud
1369 2657 1590 2699 Aegyptios,
1642 2668 1736 2699 quae

1001 2709 1307 2736 commemoratur
1333 2701 1469 2733 Connn.
1498 2701 1526 2742 I,
1552 2704 1608 2741 21,
1631 2705 1663 2733 9.

1044 2749 1115 2781 solo
1139 2748 1281 2790 ingenio
1303 2747 1474 2789 magistro
1489 2772 1494 2777 .
1512 2772 1517 2778 .
1534 2770 1553 2785 .,
1579 2747 1633 2777 vel
1652 2747 1736 2788 quia

1003 2795 1211 2826 Graecorum
1255 2791 1490 2823 obseruatione
1522 2793 1648 2832 forsan
1681 2791 1737 2823 iu-

999 2843 1146 2871 structus
1170 2835 1229 2878 est]
1267 2836 1323 2867 Cs.
1353 2836 1538 2867 Pl1¹¹31t111h
1570 2834 1674 2867 Num.
1700 2838 1733 2867 1.

999 2878 1201 2932 Λεγομένου
1224 2876 1255 2912 δ’
1259 2879 1343 2922 οὐν,
1370 2892 1418 2917 ως
1446 2879 1586 2932 Νομᾶς
1598 2877 1735 2932 γένοιτο

1006 2921 1234 2967 Πυθαγόρου
1268 2921 1446 2968 συνηθης,
1485 2923 1520 2956 οἱ
1549 2921 1613 2966 μὲν
1647 2920 1736 2962 ὅλως
