1844 3168
263 63 734 107 SATURNALIORUM
773 63 872 104 Lm.
906 63 935 104 1.
975 63 1093 105 CAP.
1125 63 1239 105 xxi.
1271 63 1407 105 XXII.
1522 66 1598 107 201

63 177 288 230 barbaeque
318 176 469 230 prolixa
500 176 686 216 demissio
724 182 903 216 naturam
942 176 1039 216 lueis
1068 175 1307 223 ostendunt,
1357 190 1434 230 qua
1466 178 1522 217 sol
1563 184 1603 220 et

64 233 254 273 amhitum
287 232 383 272 eaeli
421 233 636 285 superioris
673 233 882 273 inluminat
920 238 959 273 et
994 233 1176 272 inferiora
1214 233 1450 274 conlustrat:
1496 235 1602 275 unde

64 291 263 330 llomerns
289 289 337 328 de
366 302 412 327 eo
444 289 516 328 ait:

223 342 409 397 ''SZviff
439 343 491 384 ἵν’
524 341 780 384 ἀθανάτοισι
813 341 930 397 φόως
957 342 1095 396 φέροι,
1126 340 1199 395 ἠὸὲ
1229 344 1459 394 βροτοῖσιν.
1582 358 1670 401 [318]

66 401 174 451 Quid
211 401 339 440 listula
383 401 439 440 w!
484 400 587 451 virga
629 400 852 451 significent
890 400 1071 453 superius
1110 399 1147 438 in
1188 399 1324 439 habitu
1361 401 1508 441 Attinis
1538 416 1602 441 ex-

66 457 294 511 pressimus.
360 456 480 506 Quod
514 457 552 497 in
585 469 725 510 eaprae
758 456 877 510 pedes
906 455 1068 502 desinit,
1110 454 1204 493 haee
1243 457 1464 505 argumenti
1505 459 1644 497 ratio-³3

65 519 143 559 est,
194 513 286 566 quia
323 512 506 561 materia,
550 526 652 565 quae
685 512 722 551 in
752 526 909 551 omnem
943 510 1204 550 substantiam
1239 511 1321 551 sole
1353 512 1606 565 dispensante

67 569 297 622 porrigitur,
343 568 484 608 dixinis
522 568 570 608 de
608 581 649 607 se
680 567 914 620 corporibus
945 566 1094 606 ell'eetis
1127 566 1164 606 in
1198 572 1326 607 terrae
1358 568 1494 608 linitur
1528 570 1604 609 ele-

65 632 256 665 mentum.
322 624 383 664 Ad
423 623 540 663 huius
580 623 700 673 igitur
736 623 996 663 extremitatis
1037 622 1191 674 signum
1226 623 1343 676 pedes
1375 623 1492 664 huius
1523 625 1645 665 ani-(5

65 681 176 720 malis
205 679 317 720 electi
348 685 452 727 sunt,
481 678 589 732 quod
619 684 658 719 et
682 684 884 719 terrenum
916 683 1020 718 esset
1046 684 1085 719 et
1107 685 1239 719 tamen
1267 694 1424 733 semper
1455 687 1608 734 peteret

65 737 142 777 alta
169 735 391 789 pascendo,
433 735 537 775 sieut
566 735 643 784 sol,
684 736 743 776 vel
775 749 865 775 eum
897 735 1027 775 radios
1059 748 1230 788 superne
1257 735 1429 776 demittit
1459 737 1497 776 in
1529 743 1606 777 ter—

65 806 128 832 ras
155 792 214 831 vel
247 805 336 831 eum
372 805 413 831 se
445 791 659 843 recolligit,
700 791 738 831 in
770 791 974 831 montibus
1000 790 1151 831 visitur.
1215 791 1344 832 Huius
1376 793 1464 832 Inui
1496 794 1645 833 amorY

64 853 103 889 et
136 847 301 887 deliciae
328 844 437 898 ἸΙχώ
468 847 643 887 ereditur
673 847 818 887 nullius
858 847 984 887 oeulis
1020 847 1214 887 obnoxia:
1267 848 1375 901 quod
1415 849 1610 900 significat

63 903 310 944 harmoniam
348 902 461 951 caeli,
508 917 612 956 quae
640 904 712 943 soli
745 903 869 944 amica
903 910 962 944 est
993 902 1105 956 quasi
1139 901 1395 956 sphaerarum
1428 905 1607 946 onmium

65 960 114 1000 de
144 959 290 1013 quihus
315 959 492 998 nascitur
523 959 785 1008 moderatori,
815 974 887 1000 nee
919 965 1052 1000 tamen
1078 965 1211 1012 potest
1240 960 1386 1000 nostris
1416 975 1607 1015 umquam

64 1016 245 1056 sensibus
277 1014 533 1068 deprehendi.

180 1072 376 1112 Saturnus
418 1071 520 1125 ipse,
567 1070 634 1123 qui
671 1076 812 1111 auctor
845 1075 905 1110 est
937 1075 1165 1124 temporum
1205 1075 1244 1111 et
1273 1070 1362 1111 ideo
1392 1085 1413 1112 a
1446 1071 1648 1113 Graecis&

65 1127 259 1167 inmutata
291 1127 421 1167 littera
452 1124 622 1179 Κρόνος
654 1126 767 1180 quasi
798 1124 953 1179 χρόνος
983 1132 1159 1175 iocatur,
1189 1127 1283 1180 quid
1314 1127 1419 1169 aliud
1450 1129 1524 1170 nisi
1551 1130 1609 1170 sol

65 1182 353 1236 intellegendus
382 1188 462 1232 est,
492 1196 582 1224 cum
613 1183 793 1223 tradatur
825 1182 924 1224 ordo
960 1182 1249 1224 elementorum
1280 1189 1506 1239 temporum
1536 1200 1609 1226 nu-

1117 1310 1207 1343 Edd.
1235 1311 1518 1355 vimhgspdzh]

64 1371 177 1398 turam
199 1365 292 1397 solis
313 1364 349 1396 S.
372 1382 413 1388 -
449 1365 633 1407 Homerus]
659 1365 702 1397 ll.
727 1363 768 1406 λ’,
790 1368 830 1403 2;
855 1363 896 1406 τ’,
921 1368 962 1404 2;
989 1366 1056 1398 Od.
1083 1365 1110 1407 ἐ,
1131 1368 1166 1398 2.
1191 1384 1231 1390 -
1259 1364 1354 1408 ‹pi—'cog
1376 1370 1428 1400 v3.
1475 1368 1564 1410 φῶς
1588 1368 1611 1402 i.

65 1428 107 1433 ——
141 1420 296 1451 ‹psrnuo
322 1410 361 1441 Ρ.
414 1421 640 1450 φυνιιοιηι
668 1410 708 1442 B.
760 1408 858 1453 φέρη
883 1411 1043 1443 ΞΨίΜΙὲ.
1071 1429 1114 1434 -
1140 1409 1302 1453 βροτοῖσι
1328 1423 1407 1453 v-g.
1434 1430 1476 1436 —
1511 1425 1612 1456 supe-

64 1454 152 1496 rius]
177 1465 207 1485 c.
225 1457 280 1485 21.
306 1454 321 1494 §
346 1457 376 1485 9.
400 1470 441 1476 —
469 1465 675 1496 expressum
701 1461 761 1487 est
789 1455 832 1486 G.
969 1457 1001 1487 5.
1034 1456 1231 1498 porrigitur
1255 1456 1324 1487 sole
1349 1457 1552 1499 dispesantc
1567 1459 1612 1490 G.

200 1501 232 1530 6.
270 1499 324 1530 Ad
347 1498 451 1530 huius
470 1509 572 1542 ergo
594 1511 671 1540 v-g.
696 1517 738 1522 —
762 1500 918 1532 dimittit
942 1499 990 1531 vi.
1128 1503 1159 1530 7.
1194 1501 1330 1531 osculis
1349 1501 1424 1533 BG.
1446 1519 1489 1525 —
1514 1514 1612 1544 quae

65 1543 160 1585 sign.
187 1545 241 1574 vl.
285 1560 317 1565 —
357 1547 467 1584 potest
494 1554 565 1574 om.
591 1546 670 1574 vl2.
707 1544 801 1582 „Me
828 1548 864 1575 et
892 1543 1012 1585 prisea
1039 1543 1152 1575 editio
1181 1544 1315 1576 Veneta
1340 1543 1381 1577 τὸ
1407 1551 1518 1588 potest
1544 1558 1611 1578 non

65 1587 221 1626 hahent,
245 1591 281 1618 et
305 1596 465 1628 agnosco
493 1587 528 1618 in
555 1598 596 1618 eo
625 1587 787 1629 putidam
819 1588 1093 1630 spis-sationem,
1118 1599 1198 1619 cum
1226 1589 1403 1630 respiciat
1428 1591 1546 1622 oratio
1571 1589 1611 1623 τὸ

66 1632 265 1673 significat:
301 1628 416 1672 neque
449 1632 545 1663 enim
574 1631 832 1673 praecedentia
856 1633 935 1664 sola
963 1632 1151 1674 explicant
1173 1639 1355 1665 secretum
1379 1630 1508 1676 ἠχοῦς,
1549 1636 1613 1667 sed

67 1681 104 1706 et
127 1675 217 1706 haec
244 1675 335 1716 ipsa.
386 1675 501 1716 Lege:
525 1677 615 1718 quod
638 1677 816 1719 significat
838 1677 1054 1709 harmoniam
1077 1677 1162 1708 coeli
1183 1679 1248 1710 soli
1266 1679 1417 1710 amicam
1448 1690 1536 1711 esse
1559 1704 1567 1710 .
1583 1705 1589 1711 .
1606 1705 1614 1712 .

68 1731 128 1751 nec
151 1725 265 1751 tamen
291 1720 415 1751 nostris
439 1731 591 1762 unquam
612 1722 766 1752 sensibus
787 1722 1035 1763 depmhmdif‘
1061 1722 1171 1752 Gran.
1307 1726 1340 1753 8.
1385 1724 1468 1765 Cap.
1498 1724 1612 1756 XXX.

76 1765 122 1795 De
149 1766 303 1795 Saturno
330 1775 347 1794 v
384 1764 414 1803 (i
447 1765 719 1807 Cap..xfix'1.x'.).
769 1775 820 1796 DE
851 1775 1030 1798 εᾼτίἰυό
1063 1765 1171 1797 ABG.
1220 1767 1272 1797 De
1305 1768 1469 1799 Saturno.
1514 1769 1613 1808 Quod

72 1810 245 1840 Saturnus
273 1808 320 1840 ad
340 1808 497 1841 eundem.
519 1808 582 1840 1³6.
607 1828 646 1832 —
672 1810 744 1852 ipse
768 1815 829 1843 est
854 1810 890 1843 S.
917 1827 958 1834 —
985 1821 1074 1842 nexu
1099 1813 1199 1852 (sup.
1224 1810 1305 1843 add.
1327 1815 1360 1850 s)
1389 1811 1433 1843 G.
1456 1828 1498 1835 —--
1524 1816 1612 1845 tra-

69 1853 191 1885 ductus
216 1863 297 1895 v-g.

69 1954 126 1982 est
154 1950 233 1982 eius
257 1951 369 1982 barba
394 1954 430 1982 et
452 1951 561 1993 pedes
589 1952 622 1994 (§
647 1952 712 1995 5.).
750 1952 806 1986 Cf.

68 1994 239 2026 Creuzer.
267 1995 325 2035 lv,
350 2007 382 2036 p.
407 1998 463 2027 48.

112 2044 276 2071 naturam
315 2040 400 2070 lueis
438 2040 634 2082 ostendunt]
679 2040 735 2073 Cf.
775 2052 804 2073 c.

72 2085 123 2114 17.
151 2085 171 2123 ἓ
196 2086 249 2114 68.
285 2087 321 2115 et
359 2085 533 2115 Creuzer.
568 2085 619 2127 ll,
647 2097 678 2127 p.
707 2088 806 2125 696.;

68 2127 128 2168 IV,
148 2139 180 2169 p.
207 2131 262 2168 60,
289 2131 344 2167 69,
370 2131 437 2159 212
462 2140 539 2170 sqq.

114 2169 230 2214 φέροι]
261 2172 322 2203 Sic
350 2173 430 2204 sine
455 2174 531 2205 ulla
558 2172 808 2215 discrepantia

68 2215 209 2257 legitur
235 2216 273 2255 Y,
298 2220 331 2255 6,
358 2220 410 2248 15.
437 2222 472 2249 et
494 2220 527 2256 9,
548 2220 598 2249 11.
626 2218 808 2259 Quamob-

71 2271 147 2290 rem
174 2260 268 2291 nibil
293 2262 429 2292 mutavi
456 2261 490 2292 h.
509 2262 545 2299 1.,
563 2263 730 2303 quamvis
751 2274 811 2295 co-

73 2303 174 2335 dices
200 2304 349 2335 faveant
377 2305 582 2346 scripturae
608 2304 711 2349 φέρη.

107 2348 234 2387 fistula
256 2349 309 2379 vel
336 2349 454 2390 virga]
495 2349 549 2381 Cf.
590 2343 810 2383 Arteinidor.

71 2391 111 2422 lt
129 2415 138 2430 9
163 2393 216 2422 72.
254 2390 501 2432 καλαυρόπιον
528 2392 588 2424 καὶ
618 2394 810 2436 συρίγγιον,

73 2439 110 2466 et
134 2434 308 2466 Creuzer.
339 2435 405 2475 lv,
441 2447 473 2474 p.
498 2440 542 2467 68
568 2441 604 2469 et
628 2441 705 2470 214.
749 2438 811 2470 Fi-

72 2479 193 2510 stulae
241 2483 386 2510 cantum
438 2479 624 2512 invenisse
674 2482 811 2514 dicitur

71 2523 147 2555 Pan
170 2524 264 2564 apud
293 2522 432 2565 [hgin.
459 2523 533 2555 fab.
555 2526 632 2557 274.

116 2570 148 2597 5.
196 2567 411 2611 argumenti]
438 2567 516 2600 tid.
542 2573 615 2601 not.
637 2569 681 2601 ad
708 2580 738 2601 c.
758 2572 810 2602 19.

118 2654 213 2697 quia]
234 2654 311 2686 Vid.
336 2658 408 2686 not.
434 2656 478 2688 ad
498 2655 636 2687 Comm.
662 2656 690 2695 Ι,
707 2659 738 2693 6,
757 2659 812 2689 62.

117 2702 152 2730 6.
199 2703 328 2740 peteret
360 2701 435 2732 alta
468 2700 655 2743 pascendo]
694 2700 748 2732 Cf.
782 2713 812 2734 c.

73 2745 129 2774 21.
155 2744 175 2782 ς
193 2745 250 2774 26.

119 2797 194 2818 cum
217 2797 252 2818 se
277 2787 464 2830 recolligit]
490 2787 586 2820 idem
610 2788 734 2820 valere
756 2787 812 2821 vi-

77 2830 183 2861 detur
208 2840 251 2862 ac
275 2842 350 2862 cum
371 2832 463 2863 ortui
484 2833 643 2874 proxima
673 2838 733 2865 est.

120 2877 154 2905 7.
202 2885 298 2906 amor
323 2880 355 2908 et
386 2876 545 2918 deliciae]
574 2877 631 2908 Cf.
659 2877 811 2919 Eutrop.

76 2917 156 2959 Vll,
172 2919 229 2950 21.
248 2920 372 2952 Amor
394 2924 432 2953 et
455 2920 645 2955 deliciae
668 2921 813 2955 humani

873 1953 1022 1997 generis.
1063 1953 1195 1986 Cicero
1223 1953 1356 1996 plurali
1383 1966 1533 1987 numero
1558 1955 1614 1987 di-

875 1999 926 2030 cit
954 2009 1100 2030 amores
1127 2004 1158 2030 et
1191 1999 1337 2031 deliciae
1361 1999 1404 2031 de
1432 1999 1554 2031 Divin.
1584 2001 1613 2040 1,

874 2045 936 2083 36,
962 2046 1024 2081 79ς
1050 2043 1094 2074 ad
1117 2042 1188 2074 Att.
1212 2043 1310 2083 xx'l,
1331 2047 1351 2076 6
1378 2049 1489 2085 extr.;
1515 2045 1614 2077 Phil.

876 2087 934 2119 vl.
961 2089 993 2117 5.
1021 2086 1102 2119 init.

918 2127 1023 2172 Ἠχώ]
1044 2129 1227 2163 Lucianus
1251 2130 1349 2164 Dial.
1374 2132 1471 2164 deor.
1497 2132 1615 2171 xxn,

876 2176 908 2206 4.
953 2176 1053 2207 Pana
1088 2175 1180 2207 facit
1212 2175 1412 2208 dicentem:
1455 2174 1541 2218 Ἐγώ
1577 2175 1615 2209 δὲ

877 2218 929 2260 τῆ
959 2229 1003 2251 τε
1029 2216 1148 2261 Ἠχοῖ
1174 2218 1234 2251 καὶ
1257 2220 1300 2263 τῇ
1329 2220 1440 2252 Πίτυϊ
1469 2218 1614 2262 σύνειμι.

877 2263 917 2295 In
951 2264 1220 2306 epigrammate
1251 2264 1285 2296 in
1311 2265 1423 2296 Panis
1455 2270 1615 2297 statuam

877 2312 961 2349 post
976 2309 1109 2339 Persas
1131 2308 1291 2340 devictos
1316 2319 1336 2340 a
1356 2309 1527 2341 Miltiade
1552 2321 1616 2351 po-

878 2352 987 2384 sitam
1012 2353 1162 2384 Anthol.
1184 2353 1247 2384 Gr.
1274 2353 1349 2395 ΙΙΙ,
1379 2365 1412 2395 p.
1441 2356 1519 2384 215.
1548 2353 1615 2393 (ΙΙ,

878 2398 975 2433 515.)
1009 2396 1074 2427 ΙΙΙ.
1114 2397 1187 2428 Pan
1220 2397 1356 2429 dieitur
1395 2393 1616 2439 ὀρεσσαύλου

878 2436 1004 2477 πόσις
1020 2437 1175 2481 Ἀχοῦς.
1191 2441 1425 2473 Cf.Creuzer.
1444 2442 1617 2483 lv.1›.64.

923 2484 1149 2524 sphaerarum
1195 2509 1203 2516 .
1220 2509 1228 2517 .
1277 2486 1499 2527 moderatori]
1559 2485 1615 2516 Cf.

879 2527 1003 2558 Somn.
1038 2527 1135 2568 Scip.
1172 2531 1208 2568 4,
1236 2531 1276 2569 23
1318 2530 1458 2561 Comm.
1494 2530 1528 2568 1,
1558 2531 1614 2569 20,

878 2574 899 2602 3
922 2582 998 2611 sqq.
1024 2575 1059 2602 et
1082 2572 1129 2611 11,
1156 2574 1188 2611 3,
1215 2575 1248 2603 3.

924 2614 1107 2647 harmonia
1147 2617 1248 2659 caeli]
1290 2616 1344 2649 Cf.
1381 2616 1520 2648 Comm.
1565 2616 1614 2657 11,

924 2713 984 2733 vnec
1019 2706 1131 2734 lamen
1163 2708 1274 2744 potest
1301 2726 1309 2735 .
1326 2727 1333 2735 .
1351 2729 1358 2736 .

881 2744 937 2777 Cf.
966 2746 1104 2778 Comm.
1130 2746 1178 2786 11,
1205 2749 1238 2786 4,
1261 2749 1313 2780 14.

924 2793 956 2821 8.
1007 2790 1066 2831 qui
1091 2795 1211 2822 auctor
1235 2796 1283 2824 est
1311 2796 1499 2834 temporum
1532 2792 1614 2834 ech]

880 2833 936 2865 Cf.
961 2845 990 2865 c.
1016 2837 1046 2865 Β.
1069 2835 1088 2873 §
1113 2837 1134 2865 6
1159 2845 1211 2876 sq.

925 2877 1127 2919 conductus]
1152 2878 1175 2910 i.
1196 2889 1225 2910 e.
1253 2877 1481 2919 coniunctus,
1507 2880 1546 2911 ut
1565 2878 1619 2912 ait

880 2921 929 2963 11,
952 2924 982 2964 1,
1000 2923 1033 2954 2.
1064 2923 1109 2956 Et
1133 2922 1261 2956 heroici
1284 2924 1391 2957 seculi
1408 2924 1617 2967 pudicitiam

1390 2705 1614 2747 deprehendi]
