1845 3131
206 15 290 57 584
833 9 1109 52 MACROBII

142 124 403 181 [2241amplius
437 122 616 176 adpetat,
645 118 868 160 subducitis
896 119 1025 160 adhuc
1051 118 1305 160 desideranti.
1364 119 1460 161 Ideo
1490 120 1603 162 vohis
1635 132 1741 160 com-

146 183 344 224 lssmento
382 178 449 218 tali
482 190 563 217 non
595 175 766 229 qualitas
802 174 869 215 sed
910 175 1053 215 modus
1091 175 1308 228 quaeritur.
1376 176 1498 226 Quod
1530 181 1661 216 autem
1702 175 1741 215 in

208 235 362 279 edendo
394 233 496 273 sicut
529 232 568 272 in
598 230 773 285 potando
804 230 946 270 suades
974 230 1080 271 varia
1105 230 1232 279 vitari,
1260 230 1379 271 habet
1406 232 1561 273 latentis
1592 231 1741 286 captio-

207 293 268 333 nis
299 288 480 338 insidias,
518 286 611 341 quia
639 286 801 327 nomine
831 285 1101 326 similitudinis
1139 286 1351 326 coloratur.
1412 287 1597 328 Ceterum
1629 288 1744 341 longe

208 348 282 389 alia
316 350 435 399 potus
476 343 552 384 alia
588 342 767 383 ciborum
801 342 903 382 ratio
939 347 1009 382 est.
1072 341 1174 391 Quis
1215 341 1319 382 enim
1360 355 1552 395 umquam
1587 343 1743 384 edendo

147 402 425 458 l4plurimum
457 406 588 440 mente
619 398 820 440 sauciatus
849 402 927 445 cst,
958 397 1064 451 quod
1100 397 1138 436 in
1165 396 1338 438 bibendo
1371 398 1589 451 contingit?
1647 400 1742 440 Far-

208 465 273 499 tus
301 457 390 497 cibo
415 455 622 496 stomacho
647 455 706 496 vel
738 458 873 494 ventre
905 458 1109 506 gravatur:
1138 452 1292 493 infusus
1323 452 1413 493 vino
1445 453 1489 493 lit
1519 453 1657 494 similis
1685 454 1743 494 in-

208 528 319 560 sano,
344 512 500 565 opinor,
529 510 622 564 quia
648 509 870 550 crassitudo
901 508 976 549 eibi
1008 523 1088 549 uuo
1117 508 1156 548 in
1187 509 1274 549 loco
1307 522 1542 562 permanens
1567 514 1747 563 expectat

208 567 591 610 administrationem
618 565 862 619 digestionis,
888 571 927 605 et
950 570 1046 605 tunc
1073 565 1231 605 demum
1264 564 1452 604 membris
1481 564 1626 605 sensim
1653 578 1746 605 con-

210 625 335 666 fectus
366 623 578 663 inlabitur:
610 627 749 675 potus,
779 626 825 661 ut
853 625 994 660 natura
1023 621 1162 669 levior,
1193 634 1285 660 mox
1315 620 1437 660 altum
1470 619 1585 674 petit,
1616 625 1656 661 et
1685 634 1746 661 ce-

209 680 385 728 rebrum,
412 677 520 732 quod
548 678 586 717 in
618 676 764 718 vertice
789 676 961 716 locatum
996 681 1066 724 est,
1093 675 1182 716 ferit
1206 675 1303 716 fumi
1332 676 1495 716 calentis
1527 675 1747 729 aspergine.

148 737 264 782 15Et
298 736 388 775 ideo
427 733 532 775 varia
562 732 653 773 vina
678 731 876 778 vitantur,
912 745 961 771 ne
985 745 1066 780 res,
1105 745 1208 784 quae
1237 731 1285 771 ad
1318 731 1602 785 possidendum
1630 737 1750 786 caput

210 790 416 844 repentina
445 793 516 837 est,
542 788 672 828 calore
702 792 783 827 tam
812 787 967 826 diverso
1000 800 1117 840 quam
1152 786 1284 826 subito
1313 787 1467 827 consilii
1495 787 1627 827 sedem
1657 801 1747 828 sau-

210 847 298 887 ciet.
360 844 482 894 Quod
512 857 640 897 aeque
671 842 710 882 in
744 842 821 883 cibi
853 842 1041 882 varietate
1075 842 1332 882 metuendum
1369 842 1476 882 nulla
1515 842 1748 893 similitudo,

148 902 311 947 lfiratio
339 900 447 941 nulla
477 899 701 953 persuadet.
761 899 807 938 In
839 897 902 938 illa
935 912 1028 938 vero
1055 897 1344 951 disputatione,
1373 910 1451 951 qua
1481 896 1746 950 digestionum

210 957 389 998 ordinem
421 969 604 996 sermone
630 954 835 995 luculento
863 959 901 993 et
932 953 1040 994 vario
1067 953 1285 1006 digessisti,
1319 953 1380 993 illa
1409 953 1543 993 omnia
1573 966 1676 1007 quae
1701 953 1750 994 de

209 1018 353 1053 natura
396 1011 560 1052 humani
605 1010 783 1064 corporis
826 1009 930 1049 dicta
975 1014 1068 1049 sunt
1114 1014 1154 1049 et
1193 1008 1289 1049 nibil
1332 1014 1478 1049 nocent
1521 1009 1750 1063 propositae

210 1067 435 1122 quaestioni
464 1072 504 1108 et
529 1067 764 1119 eloquenter
791 1065 895 1105 dicta
920 1079 999 1105 non
1030 1065 1193 1118 abnego.
1255 1064 1313 1104 llli
1339 1064 1411 1104 soli
1440 1078 1521 1105 non
1547 1064 1751 1106 adsentior

209 1124 319 1177 quod
349 1136 467 1163 sucos
498 1122 627 1162 varios
658 1121 706 1160 de
739 1120 919 1160 ciborum
950 1120 1139 1161 varietate
1166 1119 1367 1160 confectos
1400 1120 1497 1160 dicis
1528 1120 1750 1161 contrarios

209 1193 296 1219 esse
330 1177 583 1231 corporibus,
624 1190 713 1216 cum
751 1189 919 1229 corpora
957 1176 1039 1229 ipsa
1078 1174 1127 1215 de
1158 1175 1367 1215 contrariis
1399 1175 1660 1228 qualitatibus
1691 1175 1747 1217 fa-

149 1228 364 1275 171)Γίοᾶῐᾶ
392 1233 482 1274 sint.
540 1233 602 1273 Ex
627 1231 755 1271 calido
787 1231 889 1271 onim
921 1236 960 1271 ct
990 1230 1146 1282 frigido,
1177 1231 1226 1271 de
1255 1231 1361 1271 sicco
1390 1236 1429 1271 et
1457 1231 1624 1272 humido
1655 1245 1749 1272 con-

210 1295 374 1330 stamus.
434 1288 558 1330 Cibus
586 1301 679 1328 vcro
712 1287 879 1341 simplex
911 1287 974 1327 cui
1005 1286 1118 1326 adest
1150 1300 1288 1327 sucum
1317 1286 1366 1326 de
1400 1299 1442 1326 se
1473 1286 1594 1327 unius
1622 1287 1748 1341 quali·

210 1346 304 1386 tatis
350 1343 507 1385 emittit.
590 1342 748 1383 Scimus
796 1347 929 1383 autem
979 1342 1173 1382 similibus
1223 1341 1364 1382 similia
1418 1341 1572 1383 nutriri.
1659 1343 1749 1393 Dic,

149 1400 384 1455 lSquaeso,
425 1399 532 1440 unde
566 1403 647 1439 tres
685 1398 784 1438 aliae
817 1397 1027 1451 qualitates
1057 1397 1235 1450 corporis
1271 1397 1524 1438 nutrientur?
1584 1398 1750 1452 Singula

211 1461 344 1497 autem
373 1454 422 1496 ad
454 1468 495 1495 se
526 1454 821 1495 similitudinem
855 1453 915 1493 sui
947 1466 1086 1507 rapere
1112 1452 1224 1493 testis
1254 1452 1537 1507 Empedocles,
1575 1454 1643 1507 qui
1673 1454 1749 1496 ait:

307 1577 413 1619 [Mss.
440 1575 576 1608 Arsa.

210 1637 325 1669 (corr.
351 1631 387 1663 in
413 1631 615 1668 subducas)
642 1631 688 1661 H.
721 1649 763 1654 ——
805 1630 887 1662 Sed
910 1630 1004 1662 adeo
1029 1630 1123 1662 vobis
1148 1629 1187 1661 P.
1327 1632 1379 1662 13.
1414 1630 1500 1662 sicut
1522 1630 1558 1662 in
1581 1631 1750 1674 potando]

210 1676 267 1707 cf.
293 1687 321 1707 c.
346 1678 379 1714 4,
404 1677 424 1716 ς
450 1678 481 1707 7.
526 1692 561 1699 —
606 1675 680 1706 alia
704 1679 806 1717 potus
832 1685 902 1706 oni.
926 1674 1031 1706 ASH.
1066 1691 1110 1697 —-
1150 1673 1309 1717 contigit
1338 1674 1373 1705 S.
1513 1676 1565 1706 1-1.
1602 1677 1752 1713 farctus

208 1720 354 1751 SMlea.
389 1737 429 1743 —
465 1719 638 1752 stomacho
666 1720 719 1750 vel
749 1723 865 1750 ventre
890 1718 1134 1761 ASv-gw1123.
1183 1718 1406 1751 stomachum
1431 1719 1483 1750 vel
1509 1725 1667 1751 ventrem
1690 1720 1751 1752 s-b

209 1764 288 1796 PH.
429 1766 479 1794 16.
526 1764 564 1794 ln
588 1764 652 1794 illa
676 1774 754 1795 vero
780 1763 1026 1805 disputatione]
1062 1762 1115 1794 Cf.
1143 1774 1173 1794 c.
1198 1765 1231 1802 4,
1260 1764 1280 1802 ἕ
1305 1765 1325 1794 9
1353 1774 1428 1804 sqq.
1473 1781 1507 1785 —
1552 1764 1753 1805 ‹legessisti

208 1808 255 1839 H.
277 1825 318 1830 —
344 1808 407 1839 nil
432 1808 477 1839 Η.
498 1824 540 1830 —-
567 1807 664 1848 dicis]
691 1819 718 1838 c.
746 1810 779 1847 4,
806 1809 824 1845 ,ὃ
848 1809 898 1837 11.
936 1807 990 1839 Cf.
1010 1808 1107 1838 I'lut.
1131 1807 1153 1838 l.
1179 1818 1207 1837 c.
1352 1809 1400 1838 17.
1436 1812 1471 1839 et
1497 1807 1583 1839 sicco
1606 1808 1751 1840 humida

209 1853 300 1890 (om.
326 1852 385 1889 dc)
411 1852 450 1882 Α.
475 1868 516 1874 -
542 1851 685 1893 simplex
707 1863 774 1882 oni.
803 1851 845 1882 H.
870 1869 914 1874 ——-
939 1852 995 1883 eui
1020 1852 1118 1883 adest
1142 1850 1455 1889 ASssv-gmliffi.
1483 1850 1587 1891 „Non
1614 1852 1748 1884 male.“

210 1896 321 1928 Zcun.
368 1906 439 1928 om.
465 1895 567 1927 s-bl‘.
596 1914 635 1919 —
662 1897 755 1928 aliae
780 1901 847 1929 tres
873 1906 950 1937 v-g.
981 1914 1020 1917 —
1047 1896 1244 1938 qualitatis
1271 1894 1308 1926 S.
1338 1913 1371 1918 —
1407 1896 1622 1928 nutriantur
1645 1896 1750 1930 s-bP.

1016 2009 1152 2040 dictum
1177 2013 1244 2048 est,
1264 2019 1373 2049 quum
1401 2008 1460 2040 liic
1488 2009 1610 2041 fumus
1632 2009 1680 2042 sit
1697 2010 1752 2043 ni-

210 2009 313 2042 llaec
348 2008 533 2041 continent
571 2020 612 2041 ea
649 2019 740 2051 quac
784 2009 948 2052 cogitent

1016 2053 1069 2083 liil
1094 2052 1165 2083 nisi
1192 2063 1315 2093 vapor.
1352 2053 1426 2084 Nee
1451 2054 1569 2085 minus
1596 2053 1630 2084 id
1656 2055 1749 2095 quod

209 2052 357 2093 medici,
383 2057 422 2085 ut
448 2053 483 2085 in
509 2054 650 2085 Graeco
677 2064 844 2085 sci-inune
865 2064 945 2095 par-

210 2096 346 2129 ticulae
384 2098 485 2139 quasi
521 2097 739 2139 respondeat
777 2093 825 2134 ὥς
864 2108 945 2128 cnm

210 2140 418 2181 participio.

255 2184 368 2215 adhuc
405 2183 630 2224 desideranti]
671 2183 694 2214 i.
720 2194 751 2214 e.
788 2183 945 2215 nonduin

210 2227 337 2259 sedato
361 2226 555 2259 desiderio.

255 2273 309 2301 13.
358 2272 439 2312 quia
463 2271 599 2302 nominc
624 2270 865 2302 similitudinis
890 2282 946 2302 co-

209 2314 355 2357 loratur]
384 2314 404 2346 i.
430 2325 460 2346 e.
488 2314 573 2355 quia
599 2314 643 2345 ab
671 2318 823 2354 utraque
843 2319 947 2355 parte

208 2357 311 2390 varia
350 2358 520 2390 (licuntur
558 2369 640 2389 esse
682 2358 841 2389 vitanda.
891 2358 947 2389 Cf.

208 2402 329 2434 valer.
358 2403 450 2433 Max.
477 2401 570 2437 wll,
600 2404 632 2439 2,
658 2404 688 2432 2.
728 2403 948 2434 libidinosam

208 2446 452 2478 liberalitatem
490 2446 595 2478 debiti
627 2447 802 2478 nominc
836 2447 945 2478 colo-

208 2491 360 2520 raudo.

253 2533 391 2573 infusus
416 2534 508 2575 vino]
535 2532 589 2564 Cf.
618 2544 634 2563 c
666 2535 698 2570 3,
724 2534 744 2572 ἕ
768 2533 800 2563 4.

252 2578 439 2619 contingit]
479 2579 573 2608 idom
609 2581 664 2607 est
693 2577 785 2616 quod
822 2578 944 2616 evcnit„

209 2620 266 2651 sel
292 2622 453 2661 efficitur.
502 2621 557 2652 Cf.
581 2632 610 2652 c.
630 2624 662 2658 6,
695 2622 713 2660 ᾗ
739 2624 771 2652 9.
797 2625 832 2652 et
858 2632 886 2652 c.
913 2624 945 2660 7,

210 2666 229 2699 Q
263 2666 310 2694 10.

254 2709 303 2738 14.
352 2708 687 2739 administrationem
724 2707 943 2749 digestionis]

207 2749 263 2781 Cf.
292 2762 321 2781 c.
349 2752 380 2789 4,
408 2752 479 2790 §14
520 2763 607 2792 quac
627 2752 940 2783 administran—

208 2794 300 2824 dam
328 2795 582 2826 alimoniam
617 2799 826 2836 receperunt.

244 2838 339 2875 sumi
378 2862 405 2869 ..
451 2839 650 2881 aspergine]
698 2838 791 2870 iuiro
836 2838 942 2870 niodo

1014 2095 1179 2137 sequitur
1203 2096 1218 2136 ξ
1243 2098 1292 2126 15.
1320 2107 1409 2137 quac
1431 2097 1482 2128 acl
1505 2098 1750 2139 possidendum

1015 2145 1119 2181 caput
1153 2140 1386 2180 repentina
1426 2146 1485 2171 est.
1537 2140 1594 2171 Cf.
1622 2141 1661 2183 V,
1698 2144 1749 2181 13,

1014 2186 1068 2214 21.
1098 2186 1133 2214 et
1161 2183 1331 2213 Alexand.
1358 2183 1539 2214 l'mhlom.
1566 2185 1671 2227 phys.
1701 2186 1749 2227 ΙΙ,

1015 2230 1070 2258 71.
1085 2223 1165 2258 ΓΌτι
1187 2222 1224 2257 ἐκ
1247 2226 1313 2258 τοῦ
1338 2227 1470 2259 πολλοῦ
1496 2226 1597 2260 οἴνου
1620 2228 1749 2261 πλείων

1016 2266 1142 2307 αὐτοῖς
1183 2265 1493 2310 ἀναθυμίασις
1532 2269 1672 2313 γέγονεν
1710 2269 1750 2305 ἄ-

1015 2311 1217 2355 τμεόόους
1246 2311 1500 2355 πνεύματος
1534 2313 1625 2358 πρὸς
1659 2313 1750 2359 ἐγκέ-

1016 2358 1145 2399 ‹pa-lton).

1063 2404 1112 2433 15.
1151 2402 1242 2433 ratio
1263 2402 1461 2445 persuadet]
1486 2401 1539 2434 cf.
1567 2414 1596 2436 c.
1622 2404 1654 2443 4,
1679 2406 1700 2444 ἓ
1718 2406 1749 2437 3.

1063 2448 1114 2477 17.
1165 2446 1219 2477 Ex
1252 2446 1365 2477 calido
1390 2470 1419 2477 ..
1447 2448 1655 2488 constamus]
1694 2448 1749 2480 Ct'.

1015 2492 1034 2528 ς
1060 2492 1114 2520 21.
1143 2494 1177 2520 et
1203 2489 1340 2520 comm.
1368 2489 1395 2529 1,
1421 2492 1453 2529 6,
1480 2492 1533 2521 40.
1563 2492 1618 2522 Ex
1644 2497 1747 2532 quat-

1015 2539 1091 2565 tuor
1114 2534 1287 2564 clementis
1312 2538 1342 2564 et
1369 2534 1476 2564 tribus
1500 2544 1612 2565 eorum
1639 2535 1748 2566 inter-

1014 2578 1118 2609 stitiis
1160 2578 1403 2608 absolutionem
1447 2588 1623 2618 corporum
1666 2589 1746 2610 con-

1013 2627 1103 2653 stare
1132 2623 1350 2661 mam'festum
1386 2624 1444 2650 est.
1494 2620 1659 2653 Notanda
1693 2626 1749 2654 cst

1015 2664 1328 2706 praepositionum
1357 2662 1524 2695 variatio.

1060 2709 1114 2739 cui
1157 2709 1267 2749 adest]
1316 2706 1415 2737 [laec
1464 2710 1615 2746 possunt
1661 2719 1747 2740 sane

1015 2751 1133 2783 ouiitti
1154 2762 1260 2781 sensu
1282 2761 1349 2780 non
1374 2749 1528 2781 siolum:
1552 2751 1613 2782 sed
1637 2763 1747 2792 quum

1015 2795 1051 2826 in
1087 2794 1254 2825 omnibus
1291 2793 1367 2824 scre
1400 2794 1587 2826 codicibus
1620 2796 1749 2838 legan-

1015 2842 1084 2876 tur,
1111 2848 1178 2869 uon
1204 2841 1259 2869 cst
1284 2836 1375 2878 quod
1406 2847 1447 2869 ca
1474 2839 1671 2872 doleamus.
1718 2840 1746 2872 E
