1844 3168
316 53 788 96 SA'rrRNALmRUM
824 53 923 94 Llll.
965 55 993 94 Ι.
1035 54 1153 97 CM).
1194 57 1303 97 Vlll.
1344 58 1413 98 lx.
1586 61 1637 101 (57

95 164 203 219 quod
241 170 346 206 certa
390 165 475 219 lege
512 171 677 206 naturae
714 180 864 206 conexa
901 166 979 207 sint
1017 172 1214 222 tempora,
1262 169 1319 209 vel
1358 170 1465 223 quod
1503 184 1642 212 omnes

93 221 224 273 fruges
262 222 500 275 quibusilmn
538 222 701 263 tim-ulis
739 223 936 277 nodisque
974 223 1229 265 alternentur.
1297 226 1395 266 Num
1428 232 1467 267 et
1503 227 1638 268 sulcem
1662 230 1708 269 12

93 278 231 319 volunt
266 279 419 319 fribulae
453 279 492 319 in
525 279 694 320 Siciliam
735 279 947 329 decidisse,
997 281 1105 334 quod
1145 281 1196 321 sit
1229 287 1329 321 terra
1363 282 1434 322 ista
1469 284 1525 324 iel
1558 299 1639 325 mu-

93 334 196 374 xime
226 334 373 375 fertilis.

208 391 277 431 lx.
335 392 386 432 lit
411 390 502 445 quin
539 392 676 430 lunum
707 406 795 432 eum
828 393 1000 431 Saturno
1030 406 1212 443 regnasse
1246 395 1564 443 memoraxinnis,
1592 396 1671 437 ‹lel

91 446 265 487 Saturno
297 454 430 488 nutem
468 447 562 500 quinl
595 448 770 501 mjtlniri,
801 448 893 502 quid
926 447 1073 501 physici
1107 448 1329 496 aestiment,
1362 450 1437 489 inm
1474 451 1637 493 relatum

91 509 170 543 est:
213 503 261 543 (le
292 505 388 543 lano
419 517 582 557 quoque
621 504 716 558 quid
746 505 794 545 nl)
825 504 1005 557 utrisque
1036 504 1204 545 iactetur
1231 505 1269 544 in
1304 506 1477 546 medium
1513 510 1638 560 proli·-

90 572 236 599 remus.
301 560 462 613 Mytliiri
500 560 673 600 referunt
704 567 894 614 regnante
924 561 1021 600 luno
1061 561 1240 601 omnium
1275 561 1416 602 ‹lomos
1452 563 1678 616 religione-2

90 629 134 655 uc
175 616 382 656 sam-tituto
424 616 544 656 fuisse
587 617 776 656 munitus:
818 616 1046 670 idcircoque
1083 617 1116 656 ei
1153 617 1306 658 divinos
1349 617 1521 658 honores
1554 634 1640 661 esse

89 671 289 720 decretos,
320 678 359 712 et
389 673 440 712 ol)
471 672 608 712 merita
641 673 827 713 introitus
858 678 895 713 et
928 673 1056 713 exitus
1087 673 1243 713 aeilium
1273 674 1400 715 eidem
1433 690 1638 716 emiseera-

91 732 165 768 tos.
247 729 390 768 Xenon
429 742 592 782 quoque
629 729 756 782 primo
797 729 959 769 ltnlieon
1001 729 1120 769 tradit
1157 731 1296 770 lanum
1336 730 1374 770 in
1412 731 1523 771 ltalia
1560 733 1678 786 pri-3

89 797 197 824 mum
231 784 290 824 dis
320 785 465 838 templo
498 784 637 825 secisse
666 791 704 825 et
734 785 833 825 ritus
860 785 1080 825 instituisse
1111 800 1332 827 sacrorum:
1364 787 1452 827 ideo
1478 801 1568 828 eum
1600 789 1637 829 in

89 840 293 880 sacrifieiis
336 841 621 894 pruelhtmnem
662 842 855 882 meruisse
895 847 1138 895 perpetuum.
1215 843 1390 893 Quidam
1424 843 1513 884 ideo
1547 849 1677 886 eum-l

90 895 166 936 (liei
198 896 411 937 bifrontem
449 903 610 951 putant,
660 898 767 951 quod
803 905 841 939 et
874 898 1084 952 praeterita
1117 899 1276 939 sciverit
1309 905 1347 939 et
1385 899 1518 940 sutura
1549 915 1638 954 pro-

91 952 243 993 viderit.
316 953 393 994 Sed
427 953 578 1008 phys-ivi
613 968 701 994 eum
738 954 889 1007 magnis
917 960 1152 995 consu-rant
1183 956 1426 1008 argumentis
1457 956 1677 999 divinita-5

90 1008 151 1049 tis.
201 1009 300 1049 Nam
333 1015 427 1049 sunt
458 1010 527 1064 qui
552 1011 693 1050 lanum
724 1011 894 1051 eundem
928 1025 1013 1051 esse
1040 1016 1161 1065 atque
1192 1012 1419 1066 Apollinem
1450 1018 1489 1053 et
1517 1014 1703 1068 Dia-{2371

89 1078 182 1105 nam
217 1065 369 1113 dicant,
421 1072 460 1106 et
492 1066 530 1105 in
564 1066 638 1106 hoe
682 1080 763 1107 uno
795 1074 1015 1121 utrumque
1047 1067 1212 1121 exprimi
1247 1081 1394 1109 numen
1425 1068 1634 1111 affirment.

88 1121 268 1170 Etenim,
306 1121 409 1162 sieut
437 1122 620 1176 Nigidius
647 1136 811 1177 quoque
844 1123 981 1172 resert,
1019 1123 1125 1177 apud
1158 1123 1334 1165 Graecos
1362 1125 1508 1180 Apollo
1541 1127 1677 1168 coli-(5

88 1182 155 1219 tur
188 1177 255 1232 qui
292 1179 480 1232 Θυραῖος
508 1185 692 1229 vocatur,
730 1179 898 1234 eiusque
926 1193 1014 1221 aras
1043 1185 1134 1221 aute
1165 1180 1270 1222 sores
1299 1195 1392 1223 suas
1424 1182 1635 1233 celebrant,

1145 1293 1236 1325 Edd.
1264 1293 1548 1337 vicaligspdzlr]

89 1344 256 1387 demque
278 1345 383 1377 s-bP.
408 1364 451 1369 —-
471 1350 556 1378 nata
581 1352 659 1380 sunt
684 1347 727 1379 G.
753 1365 794 1371 —
821 1359 973 1380 connexa
993 1346 1049 1381 st’
1071 1347 1107 1381 S.
1137 1367 1176 1372 —
1200 1349 1254 1381 vel
1279 1360 1393 1382 omnes
1419 1350 1507 1391 (om.
1528 1352 1638 1393 quod)

90 1388 129 1421 S.
155 1408 200 1414 —
225 1390 461 1423 alternantur
485 1390 530 1423 G.

179 1433 239 1465 lx.
295 1436 407 1479 Caput
433 1436 495 1467 IX.
534 1435 602 1476 Qui
627 1435 712 1467 deus
732 1436 849 1475 lanus.
874 1436 981 1478 deque
1002 1437 1111 1469 variis
1135 1438 1209 1469 eius
1231 1438 1287 1470 dei
1311 1439 1506 1471 nominibus
1524 1445 1553 1472 et
1574 1452 1639 1483 po-

91 1483 215 1511 testate
241 1477 343 1511 cli-l).
485 1483 513 1512 l.
556 1480 834 1522 memoravimus]
864 1492 895 1512 e.
922 1484 953 1512 7.
977 1483 1068 1521 §21-
1118 1485 1472 1516 commemoravimus
1496 1484 1573 1517 BG.
1596 1504 1639 1508 —

89 1524 291 1556 aestimant
316 1524 354 1556 P.
402 1524 612 1557 existiment
637 1535 714 1567 v—g.
738 1541 775 1547 —-
801 1526 870 1556 iam
897 1526 1043 1558 relatum
1067 1527 1130 1569 est]
1157 1538 1186 1559 c.
1212 1530 1242 1558 7.
1267 1529 1287 1567 ἕ
1320 1532 1356 1559 19
1380 1540 1456 1570 sqq.
1486 1535 1520 1561 et
1547 1542 1577 1561 c.
1605 1534 1638 1562 ὅ.

89 1569 110 1608 §
134 1571 156 1599 5
183 1579 260 1610 sqq.
398 1572 429 1600 2.
474 1570 594 1601 iccirco
618 1569 706 1609 (om.
733 1573 814 1610 que)
848 1571 886 1601 A.
913 1588 953 1593 ·—
974 1572 1109 1612 fuisse
1135 1572 1287 1604 decretos
1312 1572 1349 1605 S.
1487 1577 1519 1605 3.
1563 1577 1637 1618 pri-

89 1623 192 1644 mum
220 1618 318 1655 (sup.
350 1614 386 1654 ο)
410 1612 445 1645 S.
470 1632 511 1636 —
538 1614 704 1645 italicum
734 1616 771 1645 vl
801 1614 845 1652 (S
872 1625 950 1655 sup.
978 1617 1028 1655 o).
1076 1617 1303 1648 Italicorum
1329 1627 1362 1649 a.
1413 1618 1639 1652 Italicarum

89 1657 211 1700 v3clig
235 1657 279 1698 (h
305 1657 339 1689 in
366 1669 438 1697 ing.
470 1658 644 1695 Italicon).
674 1676 717 1682 —
746 1659 911 1701 ideoque
937 1659 1020 1691 Bur.
1047 1679 1089 1684 ——
1122 1661 1198 1693 ideo
1225 1661 1259 1692 in
1284 1663 1465 1703 sacrifieiis
1492 1675 1566 1696 eum
1594 1665 1637 1696 G.

222 1703 255 1733 4.
300 1713 375 1733 eum
401 1703 585 1741 bifrontem
616 1703 686 1734 dici
721 1701 762 1733 G.
812 1705 951 1735 (lictum
979 1705 1161 1745 bifrontem
1193 1706 1282 1745 (om.
1309 1710 1403 1744 eum)
1431 1708 1466 1739 S.
1607 1713 1640 1740 5.

90 1745 220 1789 magis
241 1746 346 1789 v-gl).
373 1746 526 1785 Αἰθήρ,
557 1747 649 1788 quod
677 1746 854 1779 orationis
877 1748 987 1780 seriei
1016 1749 1294 1781 convenientius
1318 1752 1518 1793 putandum
1546 1755 1640 1786 est.“

91 1789 201 1822 Zeun.
227 1809 267 1813 —
290 1792 407 1824 dicant
433 1796 464 1824 ct
488 1792 630 1823 (lionam
652 1791 694 1823 G.
720 1809 762 1815 -—
790 1804 909 1824 nomen
935 1797 972 1831 (ο
996 1805 1089 1825 corr.
1117 1793 1151 1825 in
1180 1795 1220 1833 ιι)
1245 1794 1283 1826 S.
1424 1798 1455 1827 6.
1501 1798 1639 1831 Etenim

90 1888 243 1921 Hesiod.
279 1889 425 1933 Tlicog.
462 1892 539 1923 491.
576 1895 612 1923 et
650 1893 716 1923 624
754 1903 829 1934 sqq.

88 1933 299 1977 Apollodor.
319 1935 355 1966 ll.
374 1946 426 1966 cc.
458 1935 606 1968 Homer.
622 1935 666 1968 Il.
690 1933 731 1978 ξ’,
753 1939 828 1969 203.

137 1978 310 2022 Vinctum]
337 1979 392 2011 Cf.
419 1980 439 2019 ἓ
463 1982 496 2011 5.

132 2022 196 2063 lx,
221 2026 254 2055 2.
292 2025 462 2068 religione
485 2036 526 2056 ac
549 2025 746 2067 sanctitate]
773 2025 829 2058 Cf.

88 2078 182 2109 quae
204 2079 233 2099 c.
254 2071 285 2100 8,
309 2071 330 2109 §
346 2073 378 2101 3.
402 2069 573 2101 dicuntur
596 2070 639 2100 de
667 2075 830 2111 tempore

86 2123 157 2154 quo
170 2111 350 2145 Saturnus
372 2114 528 2146 incoluit
550 2114 695 2146 ltaliam
738 2116 828 2147 Cum

88 2161 164 2190 toto
195 2157 266 2189 hoc
298 2158 419 2202 capite
450 2159 545 2191 conf.
571 2158 756 2202 llartnng.
782 2160 827 2192 11.

90 2213 122 2245 p.
145 2204 212 2234 218
235 2214 313 2244 sqq.

134 2248 165 2278 3.
211 2248 361 2289 primum
384 2247 437 2280 dis
459 2249 742 2292 templafeeisse]
772 2248 828 2281 Cf.

90 2289 201 2323 Laur.
234 2291 323 2334 Lyd.
356 2292 422 2330 lv,
451 2296 483 2324 2.
512 2291 629 2330 ’Ἄλλος
669 2290 706 2325 δέ
743 2303 830 2335 φησι

90 2332 165 2367 τὸν
210 2331 356 2368 Ἰανὸν
403 2335 506 2381 ἥρωα
554 2335 723 2378 γενέσθαι
770 2336 830 2369 καὶ

91 2379 267 2420 πρῶτον
303 2379 639 2413 κατασκευάσαι
671 2379 828 2424 τεμένη

91 2420 325 2464 καὶτιμὰς
354 2428 449 2463 τοῖς
479 2427 613 2463 θεοῖς
639 2422 829 2458 ἐπιτελέ-

94 2477 183 2510 σαι,
200 2467 259 2499 καὶ
285 2465 345 2500 διὰ
368 2471 476 2502 τοῦτο
498 2466 640 2511 μνήμην
664 2466 779 2502 αὐτοῦ
796 2467 832 2502 ἐν

91 2514 168 2550 τοῖς
206 2511 317 2554 ἱεροῖς
349 2512 529 2555 γενέσθαι.
584 2514 706 2545 Aurel.
741 2514 830 2546 Vin-ft.

91 2557 136 2588 de
161 2556 252 2599 orig.
276 2564 374 2600 gent.
396 2559 439 2590 R.
466 2570 495 2589 c.
518 2562 548 2591 3.
574 2560 670 2595 Iano,
695 2559 753 2600 qui
776 2560 831 2590 ni-

91 2601 142 2634 hil
178 2602 278 2633 aliud
319 2614 421 2645 quam
464 2604 568 2636 ritum
613 2603 832 2635 colendorum

92 2646 231 2678 deorum
255 2647 510 2690 religionesque
532 2649 728 2680 incluserat.
755 2647 831 2679 Vid.

91 2690 264 2722 Klausen.
292 2691 339 2731 ll,
367 2703 399 2733 p.
425 2696 490 2724 710
515 2704 590 2734 sqq.
638 2692 727 2724 Inde
748 2691 833 2724 Pel-

91 2734 227 2777 legrin.
262 2747 294 2777 p.
334 2738 405 2768 104.
443 2736 633 2769 concludit
659 2737 833 2768 Etruscos

92 2779 230 2822 primos
254 2780 471 2814 aedificasse
494 2782 644 2824 templa,
670 2781 834 2824 Quirites

92 2834 162 2856 non
187 2824 259 2856 nisi
288 2835 371 2858 aras
394 2826 452 2858 vel
476 2826 677 2858 aediculas.

139 2879 215 2900 eum
263 2870 299 2902 in
348 2871 529 2912 sacrificiis
577 2871 835 2913 praefationem

95 2914 259 2946 meruisse
284 2914 500 2957 perpetuam]
542 2915 600 2948 Cf.
628 2916 648 2955 ἓ
679 2917 709 2947 9.
737 2920 773 2947 et
803 2926 832 2946 c.

97 2957 150 2989 16.
191 2959 211 2998 ς
242 2960 298 2991 25.
343 2958 417 2993 Cic.
455 2959 498 2993 Ν.
528 2960 569 2993 1).
605 2959 659 3001 ΙΙ,
685 2962 747 3002 27,
775 2961 831 2992 67.

897 1893 1086 1935 principem
1113 1894 1147 1925 in
1173 1895 1404 1936 sacrificando
1425 1896 1547 1928 lanum
1570 1909 1641 1930 esse

901 1937 1102 1976 coluerunt,·
1137 1938 1269 1971 Festus
1302 1950 1330 1970 s.
1367 1950 1397 1971 v.
1434 1941 1547 1973 Chaos
1581 1953 1640 1984 ap.

899 1981 1002 2013 Paul.
1041 1982 1104 2014 lib.
1137 1982 1203 2014 Ill.
1238 1994 1271 2025 p.
1303 1986 1357 2014 52.
1400 1984 1528 2017 Muell.
1577 1988 1641 2019 Cui

897 2027 1035 2069 primo
1062 2028 1398 2070 supplicabant,
1438 2031 1547 2063 veluti
1570 2043 1638 2074 pa·-

899 2072 989 2103 renti
1014 2077 1044 2104 et
1072 2083 1093 2103 a
1112 2083 1177 2114 quo
1202 2084 1312 2104 rerum
1338 2074 1486 2106 omnium
1500 2078 1638 2115 factum

897 2117 1069 2158 putabunt
1107 2117 1256 2149 initium.
1311 2117 1441 2150 Arnob.
1485 2120 1554 2159 ΙΙΙ,
1583 2123 1638 2153 29.

899 2171 994 2202 quem
1020 2161 1055 2193 in
1079 2162 1209 2194 cunctis
1240 2164 1452 2203 anteponitis
1472 2166 1640 2206 precibus.

898 2205 1000 2237 Serv.
1034 2206 1078 2238 nd
1105 2206 1190 2238 Aen.
1223 2207 1308 2246 Vll,
1339 2210 1416 2240 610.
1455 2210 1531 2242 ideo
1564 2210 1642 2248 (Ia-

899 2251 1003 2290 num)
1033 2251 1183 2293 primum
1213 2252 1247 2283 in
1278 2254 1497 2286 veneratione
1527 2255 1640 2287 nomi-

898 2295 986 2326 nari.
1050 2296 1173 2327 Aurei.
1214 2295 1303 2328 Vici.
1345 2297 1369 2329 l.
1402 2309 1431 2330 c.
1463 2300 1498 2330 in
1533 2300 1642 2332 sacris

898 2339 1053 2372 omnibus
1076 2341 1223 2382 primum
1249 2342 1358 2373 locum
1390 2343 1475 2375 Iano
1505 2344 1641 2376 detule-

898 2389 988 2415 runt.
1039 2384 1144 2417 Ovid.
1171 2385 1270 2417 Fast.
1298 2386 1332 2425 Ι,
1362 2389 1420 2418 171
1446 2399 1523 2429 sqq.
1560 2388 1639 2420 Liv.

902 2428 997 2467 vul.
1019 2432 1051 2467 9,
1079 2432 1110 2461 6.
1154 2430 1319 2462 Martial.
1347 2432 1441 2467 wll,
1468 2436 1500 2471 8,
1526 2434 1565 2472 33
1595 2433 1622 2465 X

899 2474 955 2511 28,
980 2476 1010 2504 2.
1047 2474 1177 2506 Horat.
1202 2474 1275 2507 Sat.
1303 2475 1351 2515 n.
1375 2478 1407 2513 6,
1429 2479 1467 2507 21
1497 2488 1550 2518 sq.

944 2518 976 2548 4.
1023 2519 1116 2559 quod
1142 2543 1172 2551 ..
1198 2520 1404 2562 providerit]
1441 2520 1495 2552 Cf.
1535 2533 1566 2552 c.
1607 2525 1639 2554 7.

901 2561 920 2600 ἓ
945 2563 999 2593 20.

945 2607 977 2635 5.
1023 2617 1098 2637 eum
1128 2608 1269 2649 magnis
1299 2614 1498 2641 consecrant
1529 2620 1641 2652 argn-

901 2650 1023 2681 mentis
1044 2651 1252 2694 divinitati]
1276 2652 1334 2683 Cf.
1362 2651 1436 2683 Cic.
1458 2652 1499 2684 N.
1522 2653 1564 2685 D.
1592 2654 1640 2693 ll,

901 2695 962 2731 24,
981 2695 1037 2725 62.
1061 2705 1154 2736 quem
1181 2697 1290 2728 nostri
1314 2697 1461 2728 maiores
1489 2704 1642 2740 auguste

900 2742 1083 2780 sancteque
1111 2739 1272 2771 Liberum
1298 2763 1332 2770 ..
1361 2752 1639 2775 consecrave-

900 2787 1011 2819 runt,
1037 2782 1060 2814 i.
1079 2793 1111 2816 e.
1137 2788 1177 2815 ut
1208 2784 1313 2815 deum
1342 2785 1547 2818 coluerunt.

948 2831 1129 2868 utrumque
1179 2829 1326 2870 exprimi
1375 2830 1514 2872 numen]
1580 2830 1638 2863 Cf.

902 2870 1106 2913 Boettiger.
1129 2871 1184 2903 Id.
1210 2872 1238 2909 Ι,
1274 2884 1305 2914 p.
1330 2874 1384 2904 22.

945 2918 977 2947 6.
1026 2916 1084 2958 qui
1112 2914 1274 2958 Θυραῖος
1298 2917 1452 2960 vocatur]
1476 2918 1639 2958 „Eodem

902 2970 1011 2993 sensu
1055 2959 1153 2993 idem
1199 2960 1335 2996 dicitur
1379 2959 1641 3005 προστατήριος

1630 2458 1638 2473 9
