1845 3131
243 29 327 71 598
873 30 1149 72 MACROBII

174 139 459 194 123710ptinuit,
500 150 590 178 curn
621 137 793 178 multum
822 137 862 178 in
891 151 938 180 eo
967 139 1226 193 digestionem
1257 141 1428 184 futuram
1464 143 1608 186 iuverit
1635 144 1777 185 tritura

239 200 319 236 tam
352 194 518 246 diligens
562 197 601 233 et
632 192 825 246 quiequid
858 208 976 248 grave
1007 200 1092 236 erat
1123 196 1251 236 carnis
1290 198 1557 253 absumpserit
1591 213 1778 241 consum-

201 250 540 302 21nationemque
574 248 659 289 eius
692 249 814 289 multa
849 264 896 290 ex
927 256 1038 304 parte
1070 251 1297 292 confecerit.
1362 254 1416 294 Et
1440 255 1639 296 Disarius:
1680 255 1780 296 Inde

240 306 315 346 hoc
342 318 465 357 genus
490 303 567 344 cibi
591 303 750 344 difficile
777 304 986 358 digeritur,
1031 307 1138 347 unde
1175 312 1292 361 putas
1327 307 1362 348 ei
1396 308 1656 362 digestionem
1687 316 1780 352 ante

239 360 451 414 provisam.
512 359 670 400 Levitas
710 360 814 400 enim
857 375 976 415 quam
1010 362 1151 402 tritura
1189 363 1385 416 praestitit
1421 363 1512 404 facit
1544 371 1589 406 ut
1626 366 1779 406 innatet

238 416 320 456 udo
354 416 444 456 cibo
480 428 599 469 quem
639 415 678 455 in
721 416 851 456 medio
890 417 1037 458 ventris
1074 417 1289 467 invenerit,
1336 432 1408 459 nec
1445 419 1657 461 adhaereat
1695 420 1778 461 cuti

199 469 385 513 3ventris
414 471 463 511 de
496 471 609 511 cuius
646 471 776 512 calore
806 472 973 525 digestio
1013 479 1282 526 promovetur.
1340 474 1405 515 Sic
1441 480 1480 515 et
1513 489 1607 515 mox
1639 476 1778 516 tritum

238 532 360 580 atque
392 526 606 567 formatum
638 541 728 567 euni
767 527 806 567 in
836 542 980 582 aquam
1012 528 1201 578 coicitur,
1239 534 1360 570 natat.
1419 530 1482 570 Ex
1515 544 1596 584 quo
1631 530 1780 571 intelle-

238 582 344 635 gitur
373 582 481 635 quod
512 581 616 622 idem
648 581 793 623 faciens
818 583 857 623 in
884 584 1031 625 ventris
1064 584 1234 625 humore
1260 585 1449 626 subducit
1479 599 1521 626 se
1549 585 1783 638 digestionis

237 637 464 678 necessitati
500 642 539 677 et
580 642 660 677 tam
700 652 788 679 sero
826 640 903 680 illic
944 640 1133 694 coquitur
1172 654 1290 694 quam
1323 641 1476 681 tardius
1515 641 1784 682 conficiuntur

239 707 344 747 quae
374 705 522 746 vapore
544 705 673 745 aquae
703 707 823 746 quam
854 708 958 748 quae
988 696 1076 748 igne
1106 696 1326 737 solvuntur.
1384 696 1560 745 Deinde,
1592 696 1687 737 dum
1720 696 1780 737 in-

238 748 409 788 stantius
450 748 614 796 teritur,
655 749 804 789 multus
836 751 870 789 ei
909 751 1027 790 ssatus
1061 751 1295 800 involvitur,
1335 752 1402 805 qui
1435 752 1545 805 prius
1575 751 1614 792 in
1644 757 1783 793 ventre

239 803 536 844 consumendus
576 808 658 852 est,
706 810 753 845 ut
790 811 876 845 tum
913 805 1073 846 demum
1111 806 1345 847 conficiatur
1376 808 1484 861 quod
1512 807 1703 848 remansit
1733 807 1783 848 de

239 872 358 900 carne
389 859 465 899 iam
496 858 680 899 liberum.

199 913 224 952 4
349 915 437 955 Hoc
477 927 641 968 quoque
672 914 772 955 seire
804 915 952 963 haveo,
994 915 1142 956 Furius
1178 915 1328 970 inquit,
1372 929 1475 969 quae
1509 915 1627 957 faciat
1664 930 1782 957 eausa

236 970 451 1010 nonnullos
487 983 624 1010 earnes
659 970 869 1012 validiores
911 971 1063 1011 facilius
1095 971 1273 1025 digerere
1307 985 1424 1025 quam
1459 973 1623 1012 tenues?
1680 973 1781 1014 Nam

238 1038 328 1065 cum
360 1025 438 1066 cito
472 1030 650 1079 coquant
682 1027 780 1066 offas
815 1027 1004 1075 bubulas,
1037 1027 1075 1067 in
1106 1027 1255 1081 asperis
1285 1027 1459 1080 piscibus
1488 1027 1784 1081 concoquendis

197 1080 430 1122 Slaborant.
492 1081 539 1120 In
568 1080 652 1131 his,
680 1081 864 1123 Disarius
905 1082 975 1132 ait,
1015 1082 1134 1123 huius
1158 1082 1213 1123 rei
1240 1088 1381 1124 auctor
1405 1087 1464 1123 est
1491 1082 1613 1124 nimia
1641 1082 1681 1123 in
1711 1081 1783 1123 ho-

331 1201 438 1243 [Mss.
462 1201 601 1234 APSH.

239 1257 424 1288 amissione
455 1257 561 1289 enim
590 1257 727 1290 litterae
752 1258 884 1290 xva-111³.
923 1277 966 1282 —
1005 1260 1182 1292 trituravi
1206 1259 1252 1292 11.
1291 1278 1334 1282 —-
1373 1259 1599 1302 absumpserit
1630 1258 1667 1291 S.
1714 1269 1782 1291 as-

239 1301 424 1342 sumpserit
458 1301 550 1332 Edd.
576 1302 684 1333 APH.
821 1305 852 1333 2.
892 1308 1062 1344 praestat
1095 1303 1136 1334 Ρ.
1173 1322 1212 1326 -
1253 1303 1322 1334 udo
1355 1314 1423 1335 om.
1453 1303 1491 1335 P.
1629 1305 1661 1334 3.
1692 1304 1780 1344 sir-

237 1349 366 1376 matum
394 1344 640 1387 ASv-gmllffi.
676 1364 716 1369 —
758 1347 900 1378 coicitur
922 1346 1025 1378 Asu.
1075 1348 1274 1378 coniicitur
1300 1347 1389 1378 Edd.
1413 1347 1452 1378 P.
1489 1364 1528 1370 —
1569 1347 1630 1378 illi
1654 1346 1700 1378 H.
1740 1364 1781 1370 —

241 1389 432 1429 conjicitur
458 1388 496 1420 P:
536 1407 577 1412 -——
617 1395 724 1421 ventu
753 1394 842 1427 (oin.
867 1391 920 1429 iu)
959 1392 998 1421 A.
1042 1407 1080 1413 ——
1119 1392 1160 1422 de
1185 1402 1287 1422 carue
1312 1402 1380 1422 om.
1407 1391 1446 1422 P.
1584 1393 1616 1422 4.
1653 1391 1781 1422 habeo

240 1432 331 1463 Asu
359 1431 423 1472 (cf.
453 1443 482 1463 c.
511 1435 562 1470 12,
590 1434 609 1472 5
635 1436 722 1471 240.
771 1445 860 1465 aveo
884 1434 958 1465 zbl'
985 1440 1028 1473 (g
1055 1434 1088 1465 in
1117 1439 1220 1476 mg.)
1256 1453 1296 1458 —
1333 1446 1407 1466 cum
1434 1435 1499 1466 cito
1525 1440 1671 1477 coquant
1698 1434 1782 1477 cet]

236 1475 291 1507 cf.
317 1476 490 1507 Alexand.
516 1477 640 1509 Probl.
665 1478 772 1520 phys.
797 1478 823 1517 l,
848 1480 901 1508 52,
929 1483 964 1509 et
988 1479 1035 1519 ll,
1067 1482 1113 1509 17.
1140 1496 1184 1501 —
1210 1479 1400 1520 coquendis
1421 1489 1500 1520 v—g.
1636 1481 1669 1510 5.
1701 1490 1780 1510 sus-

279 1592 312 1621 2.
361 1595 398 1623 ut
425 1590 557 1624 innatet
582 1591 650 1622 udo
674 1591 762 1632 cibo]
787 1590 842 1623 Cf.
865 1591 929 1624 lib.
946 1593 974 1634 1,

237 1633 367 1676 praef„
392 1636 412 1673 ἓ
441 1638 474 1665 7.

280 1679 316 1709 in
342 1679 454 1710 medio
478 1677 622 1719 ventris]
650 1677 856 1720 Opponitnr
879 1678 976 1712 infra

235 1723 323 1754 eutis
348 1723 489 1760 ventris,
511 1721 595 1760 „die
621 1723 916 1765 Μαιιζιῑηιιιᾶιι(1ε3.“6

280 1767 322 1798 de
340 1767 438 1798 cuius
460 1766 573 1797 calore
599 1790 606 1797 .
623 1791 629 1797 .
649 1767 883 1808 promovetur]
906 1767 928 1799 i.
943 1779 974 1799 e.

235 1809 340 1841 cuins
372 1811 495 1841 calore
530 1810 689 1841 iuvatur.
737 1811 789 1842 De
822 1823 974 1854 praepo-

235 1853 370 1885 sitione
408 1854 480 1885 vid.
505 1854 624 1885 Hand.
651 1854 814 1886 Tursell.
849 1856 904 1897 ll,
942 1868 975 1897 p.

235 1901 315 1938 217,
341 1900 373 1929 4.

277 1945 309 1972 3.
357 1952 436 1972 mox
459 1941 591 1983 tritum]
614 1940 710 1973 idem
736 1943 836 1974 valet
859 1953 900 1974 ac
926 1944 974 1975 si-

234 1986 306 2016 mul
331 1996 372 2016 ac
397 1985 516 2017 tritum
543 1991 603 2023 est,
631 1991 668 2017 nt
694 1997 723 2017 c.
739 1990 771 2024 5,
793 1988 807 2027 §
827 1990 880 2018 28.
907 1999 975 2019 uon

234 2040 311 2060 mox
340 2028 499 2069 positum
529 2034 585 2060 est
615 2041 678 2070 pro
710 2042 777 2062 non
803 2032 975 2071 continuo,

236 2076 272 2103 ct
298 2083 376 2103 mox
403 2084 505 2113 quum
538 2073 633 2105 alias
657 2076 804 2113 ponitur
831 2086 893 2115 pro
925 2076 974 2107 si-

235 2115 307 2147 mul
331 2127 382 2146 ae.
433 2117 510 2147 vid.
536 2116 623 2148 ibid.
651 2117 716 2155 Ill,
743 2130 775 2159 p.
799 2121 876 2158 659,
897 2123 929 2151 9.

280 2159 385 2200 quod]
401 2159 480 2191 Vid.
499 2167 570 2192 not.
590 2161 633 2191 ad
649 2160 788 2192 Comin-
806 2162 832 2200 1,
852 2164 972 2202 13,18.

280 2203 487 2245 digestionis
522 2205 733 2246 necessitati]
780 2206 858 2237 Vid.
891 2216 973 2248 pro-

235 2246 336 2287 legg.
366 2258 399 2287 p.
424 2256 512 2277 xml.
537 2251 628 2278 extr.

279 2290 480 2331 instantius]
524 2290 620 2322 idem
665 2290 743 2322 fere
784 2294 841 2324 est
878 2293 972 2333 qnod

235 2334 387 2365 maximo
412 2344 522 2375 opere.

281 2377 324 2408 de
366 2377 482 2419 carne]
536 2377 668 2419 iungas
718 2389 798 2410 cnm
850 2379 972 2411 verbis

236 2420 329 2461 quod
352 2422 529 2459 remansit,
556 2433 625 2453 non
652 2432 732 2453 cum
755 2422 878 2454 verbis
904 2424 973 2455 iam

234 2465 396 2505 liberum,
433 2466 478 2497 ad
515 2476 608 2506 qnae
640 2466 882 2508 snpplendum
918 2471 973 2499 cst

234 2509 332 2545 statii.

279 2553 311 2582 4.
353 2552 469 2592 faeiat
495 2577 524 2584 ..
553 2553 740 2585 nonnullos
769 2577 798 2585 ..
826 2554 973 2594 facilius

235 2595 405 2637 digerere]
432 2596 507 2627 x'id.
534 2597 702 2638 prolegg.
728 2608 759 2638 p.
786 2607 842 2628 xi..

279 2649 400 2670 carnes
424 2640 623 2682 validiores]
651 2640 705 2671 Cf.
729 2640 825 2672 Cels.
848 2641 895 2680 ll,
919 2644 974 2673 18.

241 2683 594 2715 I'alentissimum
626 2696 708 2715 voco
734 2685 768 2716 in
801 2695 866 2726 quo
889 2687 973 2727 plu-

233 2726 358 2758 rimum
385 2728 540 2759 alimenti
563 2733 633 2760 est.-
667 2729 746 2760 item
773 2739 870 2760 omne
893 2730 973 2760 ani-

234 2770 305 2800 mal
329 2771 526 2812 quadrupes
555 2772 809 2810 dominatum,
849 2776 885 2804 et
918 2773 974 2804 in—

237 2812 311 2843 fra:
338 2815 429 2846 Inter
449 2815 652 2847 domesticas
673 2826 752 2847 vero
775 2816 973 2858 quadrupe-

237 2855 349 2888 des..
375 2859 653 2899 gravissima
676 2860 847 2892 bubula.
888 2860 969 2892 Ale-

1043 1592 1180 1624 xander
1216 1593 1341 1624 Probi.
1378 1592 1485 1634 phys.
1517 1591 1553 1630 Ι,
1577 1594 1633 1623 52.
1668 1592 1783 1625 habet

1044 1633 1229 1668 δύσπεπτα
1253 1635 1314 1668 καὶ
1337 1634 1546 1678 παχύχυμοι.

1087 1681 1247 1723 coquant]
1287 1680 1575 1722 Intelligendum
1607 1683 1664 1712 est
1698 1692 1780 1712 con-

1042 1730 1208 1766 coquant,
1234 1726 1328 1766 quod
1356 1725 1439 1756 vide
1465 1736 1508 1756 ne
1535 1725 1781 1765 reponendum

1042 1769 1108 1799 sit:
1132 1774 1232 1800 certe
1257 1769 1361 1801 illins
1381 1769 1482 1800 verbi
1502 1769 1669 1810 coquendi
1694 1780 1781 1801 usus

1043 1813 1184 1844 nullum
1211 1813 1302 1845 mihi
1331 1819 1454 1845 notum
1483 1818 1538 1845 est
1561 1814 1782 1854 exemplum.

1088 1858 1176 1898 offas
1196 1857 1355 1900 bubulas]
1379 1858 1480 1889 Alex.
1504 1857 1529 1889 l.
1555 1867 1585 1888 c.
1607 1861 1643 1889 et
1665 1857 1781 1898 ll,17.

1043 1897 1087 1931 τὰ
1115 1898 1230 1943 βόεια.

1087 1945 1123 1976 ia
1158 1946 1289 1987 asperis
1318 1944 1483 1987 piscibus]
1517 1943 1618 1976 Alex.
1642 1944 1678 1984 Ῐ,
1703 1945 1780 1976 52.;

1042 1985 1086 2019 τὰ
1131 1985 1289 2020 εὔπεπτα
1326 1986 1386 2019 καὶ
1427 1984 1586 2029 εὔχυμα,
1628 1984 1677 2025 ὦς
1714 1998 1782 2020 πε-

1042 2031 1229 2073 τραίους
1251 2028 1393 2072 ἰχθύας.
1409 2032 1482 2068 (Cr.
1498 2032 1543 2069 11,
1564 2034 1644 2069 IL).
1670 2032 1709 2064 ln
1729 2032 1782 2064 le-

1044 2076 1185 2106 viorum
1211 2076 1365 2116 piscium
1392 2086 1541 2106 numero
1559 2075 1687 2106 Celsus
1711 2075 1732 2107 l.
1751 2087 1782 2107 e.

1043 2119 1158 2150 refert
1176 2130 1289 2150 omncs
1314 2119 1538 2150 saxatiles.
1562 2118 1618 2150 Cf·
1635 2118 1781 2151 Plinius

1042 2162 1083 2193 N.
1111 2163 1154 2194 H.
1183 2162 1332 2201 xxxlt,
1358 2164 1392 2201 9,
1414 2173 1443 2193 s.
1468 2164 1524 2199 31,
1548 2162 1564 2202 §
1590 2164 1646 2193 94.
1677 2163 1780 2204 Opti-

1042 2217 1133 2237 mum
1164 2205 1259 2245 (ins)
1291 2217 1308 2237 e
1337 2206 1571 2247 scorpionibus
1604 2211 1635 2238 et
1670 2207 1781 2238 iulide

1042 2255 1073 2281 et
1100 2250 1385 2288 saxatilibus,
1406 2260 1466 2281 aee
1491 2250 1586 2281 virus
1610 2251 1778 2292 resipien-

1041 2294 1131 2325 tibus
1154 2304 1214 2324 περ
1236 2294 1438 2336 pinguibus.
1456 2292 1661 2325 Columella
1683 2294 1779 2335 vlu,

1043 2340 1102 2375 16,
1126 2340 1158 2368 8.
1194 2338 1326 2368 Rursus
1351 2340 1475 2379 optime
1499 2348 1659 2369 saxosum
1682 2349 1779 2370 mare

1040 2381 1188 2413 nominis
1213 2382 1268 2412 sui
1293 2382 1403 2423 pisces
1427 2382 1554 2419 nutrit,
1591 2381 1650 2423 qui
1682 2382 1779 2413 seili-

1042 2430 1111 2463 cet,
1134 2425 1223 2466 quod
1249 2426 1285 2456 in
1316 2426 1425 2467 petris
1451 2426 1687 2464 stabulentur,
1712 2436 1778 2458 sa-

1040 2469 1204 2501 xatiles
1230 2469 1314 2501 dicti
1341 2474 1440 2509 suut,
1464 2474 1501 2501 ut
1525 2469 1678 2500 merulae
1701 2474 1778 2501 tur-

1042 2514 1163 2555 dique,
1202 2524 1264 2544 nec
1299 2513 1413 2545 minus
1449 2512 1633 2544 melanuri.
1681 2511 1780 2544 Tur-

1042 2558 1125 2588 dnm
1151 2560 1187 2587 et
1218 2557 1395 2588 merulam
1422 2555 1641 2588 saxatilibus
1665 2555 1780 2597 pisci-

1041 2600 1108 2632 bns
1133 2601 1346 2632 adnumerat
1364 2600 1474 2631 etiam
1499 2599 1644 2631 Plinius
1668 2600 1711 2632 N.
1728 2600 1776 2632 H.

1040 2644 1104 2683 IX,
1132 2646 1184 2684 15,
1207 2655 1236 2675 s.
1260 2645 1317 2683 20,
1342 2647 1363 2681 ς
1393 2646 1447 2674 52.

1085 2690 1118 2719 5.
1176 2688 1284 2719 nimia
1325 2711 1354 2719 ..
1392 2687 1444 2718 vis
1490 2685 1630 2727 caloris]
1676 2685 1701 2718 i.
1745 2697 1777 2719 e.

1041 2742 1195 2771 magnus
1221 2731 1332 2762 calor.
1381 2729 1436 2763 Cf.
1463 2740 1493 2760 e.
1514 2733 1547 2769 7,
1572 2731 1616 2769 §§
1646 2732 1659 2760 1
1686 2733 1722 2763 et
1743 2734 1776 2763 7.

1041 2778 1077 2805 et
1101 2774 1198 2805 infra
1218 2776 1238 2813 5
1260 2776 1291 2804 6.
1317 2779 1416 2806 vento
1440 2773 1557 2805 nimio.
1604 2773 1708 2806 Alex.
1734 2775 1776 2813 ll,

1041 2828 1110 2849 cc.:
1149 2814 1192 2848 δι’
1230 2813 1423 2858 ἄμετρον
1459 2813 1670 2859 θερμότητα
1705 2827 1776 2850 noi·

1040 2859 1127 2898 λίας.
