<?xml version="1.0" encoding="UTF-8"?>
<!DOCTYPE html PUBLIC "-//W3C//DTD XHTML 1.0 Transitional//EN"
    "http://www.w3.org/TR/xhtml1/DTD/xhtml1-transitional.dtd">
<html xmlns="http://www.w3.org/1999/xhtml" xml:lang="en" lang="en">
 <head>
  <title>
</title>
<meta http-equiv="Content-Type" content="text/html;charset=utf-8" />
  <meta name='ocr-system' content='tesseract 3.04.00' />
  <meta name='ocr-capabilities' content='ocr_page ocr_carea ocr_par ocr_line ocrx_word'/>
</head>
<body>
  <div class='ocr_page' id='page_1' title='image "./operaquaesupersu02macruoft_0078.png"; bbox 0 0 1845 3126; ppageno 0'>
   <div class='ocr_carea' id='block_1_1' title="bbox 208 43 1116 92">
    <p class='ocr_par' dir='ltr' id='par_1_1' title="bbox 208 43 1116 92">
     <span class='ocr_line' id='line_1_1' title="bbox 208 43 1116 92; baseline -0.008 -1"><span class='ocrx_word' id='word_1_1' title='bbox 208 51 263 92; x_wconf 80' lang='lat'>54</span> <span class='ocrx_word' id='word_1_2' title='bbox 839 43 1116 86; x_wconf 87' lang='lat' dir='ltr'>MACROBII</span> 
     </span>
    </p>
   </div>
   <div class='ocr_carea' id='block_1_2' title="bbox 142 153 1750 770">
    <p class='ocr_par' dir='ltr' id='par_1_2' title="bbox 142 153 1750 770">
     <span class='ocr_line' id='line_1_2' title="bbox 208 153 1744 211; baseline -0.003 -9"><span class='ocrx_word' id='word_1_3' title='bbox 208 173 289 201; x_wconf 91' lang='lat' dir='ltr'>non</span> <span class='ocrx_word' id='word_1_4' title='bbox 320 155 610 211; x_wconf 89' lang='lat' dir='ltr'>conparuisset‚</span> <span class='ocrx_word' id='word_1_5' title='bbox 654 153 892 207; x_wconf 81' lang='lat' dir='ltr'>excogitavit</span> <span class='ocrx_word' id='word_1_6' title='bbox 919 154 1041 196; x_wconf 89' lang='lat' dir='ltr'>Ianus</span> <span class='ocrx_word' id='word_1_7' title='bbox 1072 154 1270 196; x_wconf 90' lang='lat' dir='ltr'>honorum</span> <span class='ocrx_word' id='word_1_8' title='bbox 1297 154 1382 196; x_wconf 89' lang='lat' dir='ltr'>eius</span> <span class='ocrx_word' id='word_1_9' title='bbox 1410 159 1634 209; x_wconf 83' lang='lat' dir='ltr'>augmenta.</span> <span class='ocrx_word' id='word_1_10' title='bbox 1685 159 1744 198; x_wconf 90' lang='lat' dir='ltr'>Ac</span> 
     </span>
     <span class='ocr_line' id='line_1_3' title="bbox 208 209 1744 271; baseline -0.003 -14"><span class='ocrx_word' id='word_1_11' title='bbox 208 216 380 271; x_wconf 90' lang='lat' dir='ltr'>primum</span> <span class='ocrx_word' id='word_1_12' title='bbox 405 218 549 252; x_wconf 89' lang='lat' dir='ltr'>terram</span> <span class='ocrx_word' id='word_1_13' title='bbox 585 223 743 251; x_wconf 90' lang='lat' dir='ltr'>omnem</span> <span class='ocrx_word' id='word_1_14' title='bbox 776 209 917 250; x_wconf 84' lang='lat' dir='ltr'>ditioni</span> <span class='ocrx_word' id='word_1_15' title='bbox 953 224 1049 252; x_wconf 91' lang='lat' dir='ltr'>suae</span> <span class='ocrx_word' id='word_1_16' title='bbox 1076 216 1280 266; x_wconf 89' lang='lat' dir='ltr'>parentem</span> <span class='ocrx_word' id='word_1_17' title='bbox 1310 211 1536 253; x_wconf 81' lang='lat' dir='ltr'>Saturniam</span> <span class='ocrx_word' id='word_1_18' title='bbox 1565 211 1744 254; x_wconf 88' lang='lat' dir='ltr'>nomina-</span> 
     </span>
     <span class='ocr_line' id='line_1_4' title="bbox 207 265 1745 322; baseline -0.001 -10"><span class='ocrx_word' id='word_1_19' title='bbox 207 272 284 313; x_wconf 89' lang='lat' dir='ltr'>vit:</span> <span class='ocrx_word' id='word_1_20' title='bbox 326 281 433 309; x_wconf 83' lang='lat' dir='ltr'>aram</span> <span class='ocrx_word' id='word_1_21' title='bbox 461 265 603 307; x_wconf 89' lang='lat' dir='ltr'>deinde</span> <span class='ocrx_word' id='word_1_22' title='bbox 633 279 725 307; x_wconf 86' lang='lat' dir='ltr'>cum</span> <span class='ocrx_word' id='word_1_23' title='bbox 757 265 879 306; x_wconf 87' lang='lat' dir='ltr'>sacris</span> <span class='ocrx_word' id='word_1_24' title='bbox 906 271 1112 321; x_wconf 79' lang='lat' dir='ltr'>tamquam</span> <span class='ocrx_word' id='word_1_25' title='bbox 1141 267 1216 308; x_wconf 82' lang='lat' dir='ltr'>(leo</span> <span class='ocrx_word' id='word_1_26' title='bbox 1247 267 1445 317; x_wconf 84' lang='lat' dir='ltr'>condidit,</span> <span class='ocrx_word' id='word_1_27' title='bbox 1474 281 1578 322; x_wconf 89' lang='lat' dir='ltr'>quae</span> <span class='ocrx_word' id='word_1_28' title='bbox 1607 269 1745 310; x_wconf 88' lang='lat' dir='ltr'>Satur-</span> 
     </span>
     <span class='ocr_line' id='line_1_5' title="bbox 207 321 1746 377; baseline -0.001 -10"><span class='ocrx_word' id='word_1_29' title='bbox 207 326 310 367; x_wconf 87' lang='lat' dir='ltr'>nalia</span> <span class='ocrx_word' id='word_1_30' title='bbox 341 322 572 364; x_wconf 87' lang='lat' dir='ltr'>nominavit.</span> <span class='ocrx_word' id='word_1_31' title='bbox 633 323 712 363; x_wconf 87' lang='lat' dir='ltr'>Tot</span> <span class='ocrx_word' id='word_1_32' title='bbox 744 321 888 362; x_wconf 88' lang='lat' dir='ltr'>seculis</span> <span class='ocrx_word' id='word_1_33' title='bbox 917 322 1140 363; x_wconf 83' lang='lat' dir='ltr'>Saturnalia</span> <span class='ocrx_word' id='word_1_34' title='bbox 1173 323 1416 377; x_wconf 88' lang='lat' dir='ltr'>praecedunt</span> <span class='ocrx_word' id='word_1_35' title='bbox 1444 324 1650 365; x_wconf 83' lang='lat' dir='ltr'>Romanae</span> <span class='ocrx_word' id='word_1_36' title='bbox 1678 338 1746 365; x_wconf 91' lang='lat' dir='ltr'>ur-</span> 
     </span>
     <span class='ocr_line' id='line_1_6' title="bbox 209 378 1746 434; baseline -0.001 -12"><span class='ocrx_word' id='word_1_37' title='bbox 209 383 268 422; x_wconf 85' lang='lat' dir='ltr'>his</span> <span class='ocrx_word' id='word_1_38' title='bbox 295 386 479 421; x_wconf 88' lang='lat' dir='ltr'>aetatem.</span> <span class='ocrx_word' id='word_1_39' title='bbox 532 378 745 420; x_wconf 87' lang='lat' dir='ltr'>Observari</span> <span class='ocrx_word' id='word_1_40' title='bbox 772 378 890 432; x_wconf 81' lang='lat' dir='ltr'>igitur</span> <span class='ocrx_word' id='word_1_41' title='bbox 918 392 1009 419; x_wconf 89' lang='lat' dir='ltr'>eum</span> <span class='ocrx_word' id='word_1_42' title='bbox 1039 378 1154 419; x_wconf 91' lang='lat' dir='ltr'>iussit</span> <span class='ocrx_word' id='word_1_43' title='bbox 1180 379 1384 420; x_wconf 89' lang='lat' dir='ltr'>maiestate</span> <span class='ocrx_word' id='word_1_44' title='bbox 1409 379 1609 434; x_wconf 77' lang='lat' dir='ltr'>religionis</span> <span class='ocrx_word' id='word_1_45' title='bbox 1633 379 1746 434; x_wconf 86' lang='lat' dir='ltr'>quasi</span> 
     </span>
     <span class='ocr_line' id='line_1_7' title="bbox 207 434 1747 486; baseline -0.001 -8"><span class='ocrx_word' id='word_1_46' title='bbox 207 438 310 478; x_wconf 69' lang='lat' dir='ltr'>vitae</span> <span class='ocrx_word' id='word_1_47' title='bbox 343 435 518 477; x_wconf 88' lang='lat' dir='ltr'>melioris</span> <span class='ocrx_word' id='word_1_48' title='bbox 542 440 766 475; x_wconf 83' lang='lat' dir='ltr'>auctorem:</span> <span class='ocrx_word' id='word_1_49' title='bbox 808 434 1064 475; x_wconf 86' lang='lat' dir='ltr'>simulacrum</span> <span class='ocrx_word' id='word_1_50' title='bbox 1097 434 1182 475; x_wconf 88' lang='lat' dir='ltr'>eius</span> <span class='ocrx_word' id='word_1_51' title='bbox 1213 434 1360 476; x_wconf 88' lang='lat' dir='ltr'>indicio</span> <span class='ocrx_word' id='word_1_52' title='bbox 1393 440 1471 483; x_wconf 88' lang='lat' dir='ltr'>est,</span> <span class='ocrx_word' id='word_1_53' title='bbox 1506 436 1570 476; x_wconf 92' lang='lat' dir='ltr'>cui</span> <span class='ocrx_word' id='word_1_54' title='bbox 1594 435 1747 486; x_wconf 86' lang='lat' dir='ltr'>falcem,</span> 
     </span>
     <span class='ocr_line' id='line_1_8' title="bbox 142 490 1746 547; baseline 0 -14"><span class='ocrx_word' id='word_1_55' title='bbox 142 493 194 533; x_wconf 68' lang='lat'>25</span> <span class='ocrx_word' id='word_1_56' title='bbox 208 493 360 547; x_wconf 79' lang='lat' dir='ltr'>insigne</span> <span class='ocrx_word' id='word_1_57' title='bbox 395 491 557 539; x_wconf 88' lang='lat' dir='ltr'>messis,</span> <span class='ocrx_word' id='word_1_58' title='bbox 600 491 753 531; x_wconf 82' lang='lat' dir='ltr'>adiecit.</span> <span class='ocrx_word' id='word_1_59' title='bbox 819 490 923 531; x_wconf 85' lang='lat' dir='ltr'>Huic</span> <span class='ocrx_word' id='word_1_60' title='bbox 956 491 1030 532; x_wconf 88' lang='lat' dir='ltr'>deo</span> <span class='ocrx_word' id='word_1_61' title='bbox 1062 490 1297 531; x_wconf 79' lang='lat' dir='ltr'>insertiones</span> <span class='ocrx_word' id='word_1_62' title='bbox 1323 491 1575 532; x_wconf 86' lang='lat' dir='ltr'>surculorum</span> <span class='ocrx_word' id='word_1_63' title='bbox 1606 505 1746 546; x_wconf 93' lang='lat' dir='ltr'>pomo-</span> 
     </span>
     <span class='ocr_line' id='line_1_9' title="bbox 207 546 1748 603; baseline -0.001 -13"><span class='ocrx_word' id='word_1_64' title='bbox 207 562 378 603; x_wconf 79' lang='lat' dir='ltr'>rumque</span> <span class='ocrx_word' id='word_1_65' title='bbox 422 547 677 589; x_wconf 79' lang='lat' dir='ltr'>educationes</span> <span class='ocrx_word' id='word_1_66' title='bbox 724 552 763 588; x_wconf 86' lang='lat' dir='ltr'>et</span> <span class='ocrx_word' id='word_1_67' title='bbox 807 546 988 588; x_wconf 89' lang='lat' dir='ltr'>omnium</span> <span class='ocrx_word' id='word_1_68' title='bbox 1034 546 1309 588; x_wconf 87' lang='lat' dir='ltr'>huiuscemodi</span> <span class='ocrx_word' id='word_1_69' title='bbox 1342 546 1529 588; x_wconf 85' lang='lat' dir='ltr'>fertilium</span> <span class='ocrx_word' id='word_1_70' title='bbox 1566 548 1748 589; x_wconf 87' lang='lat' dir='ltr'>tribuunt</span> 
     </span>
     <span class='ocr_line' id='line_1_10' title="bbox 206 602 1746 659; baseline -0.001 -13"><span class='ocrx_word' id='word_1_71' title='bbox 206 604 443 659; x_wconf 85' lang='lat' dir='ltr'>disciplinas.</span> <span class='ocrx_word' id='word_1_72' title='bbox 501 604 746 657; x_wconf 77' lang='lat' dir='ltr'>Cyrenenses</span> <span class='ocrx_word' id='word_1_73' title='bbox 777 603 914 652; x_wconf 88' lang='lat' dir='ltr'>etiam,</span> <span class='ocrx_word' id='word_1_74' title='bbox 955 617 1045 644; x_wconf 90' lang='lat' dir='ltr'>cum</span> <span class='ocrx_word' id='word_1_75' title='bbox 1075 617 1156 643; x_wconf 89' lang='lat' dir='ltr'>rem</span> <span class='ocrx_word' id='word_1_76' title='bbox 1188 603 1358 644; x_wconf 87' lang='lat' dir='ltr'>divinam</span> <span class='ocrx_word' id='word_1_77' title='bbox 1391 603 1425 644; x_wconf 91' lang='lat' dir='ltr'>ei</span> <span class='ocrx_word' id='word_1_78' title='bbox 1456 602 1623 652; x_wconf 84' lang='lat' dir='ltr'>faciunt,</span> <span class='ocrx_word' id='word_1_79' title='bbox 1661 603 1746 644; x_wconf 87' lang='lat' dir='ltr'>ficis</span> 
     </span>
     <span class='ocr_line' id='line_1_11' title="bbox 205 659 1750 713; baseline -0.001 -11"><span class='ocrx_word' id='word_1_80' title='bbox 205 661 432 702; x_wconf 83' lang='lat' dir='ltr'>recentibus</span> <span class='ocrx_word' id='word_1_81' title='bbox 475 664 718 700; x_wconf 83' lang='lat' dir='ltr'>coronantur</span> <span class='ocrx_word' id='word_1_82' title='bbox 765 659 1047 713; x_wconf 83' lang='lat' dir='ltr'>placentasque</span> <span class='ocrx_word' id='word_1_83' title='bbox 1090 664 1231 700; x_wconf 89' lang='lat' dir='ltr'>mutuo</span> <span class='ocrx_word' id='word_1_84' title='bbox 1278 659 1495 709; x_wconf 87' lang='lat' dir='ltr'>missitant,</span> <span class='ocrx_word' id='word_1_85' title='bbox 1536 659 1662 700; x_wconf 90' lang='lat' dir='ltr'>mellis</span> <span class='ocrx_word' id='word_1_86' title='bbox 1708 664 1750 700; x_wconf 82' lang='lat' dir='ltr'>et</span> 
     </span>
     <span class='ocr_line' id='line_1_12' title="bbox 206 715 1745 770; baseline 0 -13"><span class='ocrx_word' id='word_1_87' title='bbox 206 716 407 759; x_wconf 80' lang='lat' dir='ltr'>fructuum</span> <span class='ocrx_word' id='word_1_88' title='bbox 440 720 683 770; x_wconf 87' lang='lat' dir='ltr'>repertorem</span> <span class='ocrx_word' id='word_1_89' title='bbox 717 715 934 757; x_wconf 85' lang='lat' dir='ltr'>Saturnum</span> <span class='ocrx_word' id='word_1_90' title='bbox 961 715 1228 756; x_wconf 87' lang='lat' dir='ltr'>aestimantes.</span> <span class='ocrx_word' id='word_1_91' title='bbox 1279 716 1398 757; x_wconf 88' lang='lat' dir='ltr'>Hunc</span> <span class='ocrx_word' id='word_1_92' title='bbox 1426 715 1598 757; x_wconf 88' lang='lat' dir='ltr'>Romani</span> <span class='ocrx_word' id='word_1_93' title='bbox 1627 715 1745 757; x_wconf 90' lang='lat' dir='ltr'>etiam</span> 
     </span>
    </p>
   </div>
   <div class='ocr_carea' id='block_1_3' title="bbox 301 847 596 891">
    <p class='ocr_par' dir='ltr' id='par_1_3' title="bbox 301 847 596 891">
     <span class='ocr_line' id='line_1_13' title="bbox 301 847 596 891; baseline -0.007 -10"><span class='ocrx_word' id='word_1_94' title='bbox 301 849 406 891; x_wconf 79' lang='lat' dir='ltr'>[Mss.</span> <span class='ocrx_word' id='word_1_95' title='bbox 433 847 596 880; x_wconf 72' lang='lat' dir='ltr'>Armes,</span> 
     </span>
    </p>
   </div>
   <div class='ocr_carea' id='block_1_4' title="bbox 205 901 1749 1124">
    <p class='ocr_par' dir='ltr' id='par_1_4' title="bbox 205 901 1747 990">
     <span class='ocr_line' id='line_1_14' title="bbox 205 901 1747 946; baseline 0 -10"><span class='ocrx_word' id='word_1_96' title='bbox 205 910 370 937; x_wconf 86' lang='lat' dir='ltr'>mentum</span> <span class='ocrx_word' id='word_1_97' title='bbox 406 903 453 941; x_wconf 88' lang='grc' dir='ltr'>(Β</span> <span class='ocrx_word' id='word_1_98' title='bbox 481 913 501 935; x_wconf 71' lang='lat' dir='ltr'>a</span> <span class='ocrx_word' id='word_1_99' title='bbox 524 914 555 945; x_wconf 85' lang='lat' dir='ltr'>p.</span> <span class='ocrx_word' id='word_1_100' title='bbox 584 913 653 942; x_wconf 88' lang='lat' dir='ltr'>m.;</span> <span class='ocrx_word' id='word_1_101' title='bbox 690 902 722 935; x_wconf 90' lang='lat' dir='ltr'>G</span> <span class='ocrx_word' id='word_1_102' title='bbox 747 912 768 934; x_wconf 80' lang='lat' dir='ltr'>a</span> <span class='ocrx_word' id='word_1_103' title='bbox 793 913 867 934; x_wconf 83' lang='lat' dir='ltr'>sec.</span> <span class='ocrx_word' id='word_1_104' title='bbox 896 902 963 944; x_wconf 85' lang='lat' dir='ltr'>m)</span> <span class='ocrx_word' id='word_1_105' title='bbox 986 901 1082 945; x_wconf 84' lang='lat' dir='ltr'>Sv-g</span> <span class='ocrx_word' id='word_1_106' title='bbox 1106 902 1269 946; x_wconf 78' lang='lat' dir='ltr'>‚‚Angl.“</span> <span class='ocrx_word' id='word_1_107' title='bbox 1317 908 1584 946; x_wconf 80' lang='lat' dir='ltr'>argumentum</span> <span class='ocrx_word' id='word_1_108' title='bbox 1610 902 1642 936; x_wconf 84' lang='lat' dir='ltr'>G</span> <span class='ocrx_word' id='word_1_109' title='bbox 1665 913 1687 936; x_wconf 77' lang='lat' dir='ltr'>a</span> <span class='ocrx_word' id='word_1_110' title='bbox 1712 914 1747 946; x_wconf 80' lang='lat' dir='ltr'>p.</span> 
     </span>
     <span class='ocr_line' id='line_1_15' title="bbox 207 947 1744 990; baseline 0 -10"><span class='ocrx_word' id='word_1_111' title='bbox 207 959 254 980; x_wconf 84' lang='grc' dir='ltr'>ιιι.</span> <span class='ocrx_word' id='word_1_112' title='bbox 292 967 325 972; x_wconf 93' lang='grc'>-</span> <span class='ocrx_word' id='word_1_113' title='bbox 356 949 492 980; x_wconf 84' lang='lat' dir='ltr'>Romae</span> <span class='ocrx_word' id='word_1_114' title='bbox 513 947 606 979; x_wconf 84' lang='lat' dir='ltr'>urbis</span> <span class='ocrx_word' id='word_1_115' title='bbox 631 947 667 978; x_wconf 85' lang='lat' dir='ltr'>h.</span> <span class='ocrx_word' id='word_1_116' title='bbox 690 963 734 971; x_wconf 86' lang='lat'>--</span> <span class='ocrx_word' id='word_1_117' title='bbox 754 951 908 979; x_wconf 86' lang='lat' dir='ltr'>actorem</span> <span class='ocrx_word' id='word_1_118' title='bbox 934 949 1031 989; x_wconf 85' lang='lat' dir='ltr'>(sup.</span> <span class='ocrx_word' id='word_1_119' title='bbox 1055 950 1097 985; x_wconf 87' lang='lat' dir='ltr'>u)</span> <span class='ocrx_word' id='word_1_120' title='bbox 1124 947 1167 979; x_wconf 87' lang='lat' dir='ltr'>G.</span> <span class='ocrx_word' id='word_1_121' title='bbox 1191 965 1234 970; x_wconf 88' lang='grc'>--</span> <span class='ocrx_word' id='word_1_122' title='bbox 1258 948 1418 980; x_wconf 83' lang='lat' dir='ltr'>adiacet</span> <span class='ocrx_word' id='word_1_123' title='bbox 1445 947 1532 986; x_wconf 79' lang='lat' dir='ltr'>(BG</span> <span class='ocrx_word' id='word_1_124' title='bbox 1556 958 1577 980; x_wconf 81' lang='lat' dir='ltr'>a</span> <span class='ocrx_word' id='word_1_125' title='bbox 1604 959 1638 990; x_wconf 87' lang='lat' dir='ltr'>p.</span> <span class='ocrx_word' id='word_1_126' title='bbox 1665 948 1744 990; x_wconf 89' lang='lat' dir='ltr'>m.).</span> 
     </span>
    </p>

    <p class='ocr_par' dir='ltr' id='par_1_5' title="bbox 205 991 1749 1124">
     <span class='ocr_line' id='line_1_16' title="bbox 340 991 1749 1034; baseline 0 -10"><span class='ocrx_word' id='word_1_127' title='bbox 340 995 394 1024; x_wconf 87' lang='lat'>25.</span> <span class='ocrx_word' id='word_1_128' title='bbox 428 992 616 1024; x_wconf 79' lang='lat' dir='ltr'>insitiones</span> <span class='ocrx_word' id='word_1_129' title='bbox 640 1003 664 1034; x_wconf 80' lang='lat' dir='ltr'>g</span> <span class='ocrx_word' id='word_1_130' title='bbox 689 992 724 1023; x_wconf 89' lang='lat' dir='ltr'>in</span> <span class='ocrx_word' id='word_1_131' title='bbox 752 1002 827 1033; x_wconf 81' lang='lat' dir='ltr'>mg.</span> <span class='ocrx_word' id='word_1_132' title='bbox 852 1009 891 1015; x_wconf 91' lang='lat'><em>—</em></span> <span class='ocrx_word' id='word_1_133' title='bbox 912 992 1148 1024; x_wconf 77' lang='lat' dir='ltr'>huiuscemodi</span> <span class='ocrx_word' id='word_1_134' title='bbox 1164 991 1230 1024; x_wconf 86' lang='lat' dir='ltr'>BG</span> <span class='ocrx_word' id='word_1_135' title='bbox 1253 991 1327 1033; x_wconf 82' lang='lat' dir='ltr'>(AS</span> <span class='ocrx_word' id='word_1_136' title='bbox 1352 1002 1372 1024; x_wconf 82' lang='lat' dir='ltr'>a</span> <span class='ocrx_word' id='word_1_137' title='bbox 1398 1002 1472 1024; x_wconf 79' lang='lat' dir='ltr'>sec.</span> <span class='ocrx_word' id='word_1_138' title='bbox 1500 995 1578 1031; x_wconf 60' lang='lat' dir='ltr'>nn).</span> <span class='ocrx_word' id='word_1_139' title='bbox 1627 992 1749 1025; x_wconf 85' lang='lat' dir='ltr'>cuius-</span> 
     </span>
     <span class='ocr_line' id='line_1_17' title="bbox 207 1035 1748 1079; baseline -0.001 -10"><span class='ocrx_word' id='word_1_140' title='bbox 207 1037 338 1069; x_wconf 85' lang='lat' dir='ltr'>cemodi</span> <span class='ocrx_word' id='word_1_141' title='bbox 359 1037 404 1075; x_wconf 84' lang='grc' dir='ltr'>(Α</span> <span class='ocrx_word' id='word_1_142' title='bbox 427 1047 447 1069; x_wconf 81' lang='lat' dir='ltr'>a</span> <span class='ocrx_word' id='word_1_143' title='bbox 474 1048 507 1078; x_wconf 87' lang='lat' dir='ltr'>p.</span> <span class='ocrx_word' id='word_1_144' title='bbox 534 1036 601 1076; x_wconf 89' lang='lat' dir='ltr'>m.)</span> <span class='ocrx_word' id='word_1_145' title='bbox 627 1036 732 1068; x_wconf 81' lang='lat' dir='ltr'>s-bP.</span> <span class='ocrx_word' id='word_1_146' title='bbox 780 1037 989 1069; x_wconf 83' lang='lat' dir='ltr'>eiuscemodi</span> <span class='ocrx_word' id='word_1_147' title='bbox 1020 1047 1097 1079; x_wconf 81' lang='lat' dir='ltr'>v-g.</span> <span class='ocrx_word' id='word_1_148' title='bbox 1148 1036 1330 1068; x_wconf 84' lang='lat' dir='ltr'>eiusmodi</span> <span class='ocrx_word' id='word_1_149' title='bbox 1354 1036 1391 1068; x_wconf 90' lang='lat' dir='ltr'>S.</span> <span class='ocrx_word' id='word_1_150' title='bbox 1429 1053 1472 1060; x_wconf 89' lang='lat'>—-</span> <span class='ocrx_word' id='word_1_151' title='bbox 1510 1042 1550 1070; x_wconf 86' lang='lat' dir='ltr'>et</span> <span class='ocrx_word' id='word_1_152' title='bbox 1574 1037 1687 1069; x_wconf 80' lang='lat' dir='ltr'>mellis</span> <span class='ocrx_word' id='word_1_153' title='bbox 1710 1035 1748 1069; x_wconf 89' lang='lat' dir='ltr'>S.</span> 
     </span>
     <span class='ocr_line' id='line_1_18' title="bbox 205 1080 1747 1124; baseline 0.001 -11"><span class='ocrx_word' id='word_1_154' title='bbox 205 1099 248 1104; x_wconf 89' lang='lat'>-——</span> <span class='ocrx_word' id='word_1_155' title='bbox 287 1082 538 1114; x_wconf 78' lang='lat' dir='ltr'>existimantes</span> <span class='ocrx_word' id='word_1_156' title='bbox 562 1080 599 1113; x_wconf 89' lang='lat' dir='ltr'>S.</span> <span class='ocrx_word' id='word_1_157' title='bbox 647 1081 851 1113; x_wconf 71' lang='lat' dir='ltr'>extimantes</span> <span class='ocrx_word' id='word_1_158' title='bbox 876 1092 954 1124; x_wconf 73' lang='lat' dir='ltr'>v-g.</span> <span class='ocrx_word' id='word_1_159' title='bbox 996 1100 1039 1105; x_wconf 90' lang='lat'><em>-</em></span> <span class='ocrx_word' id='word_1_160' title='bbox 1075 1085 1258 1114; x_wconf 81' lang='lat' dir='ltr'>stercutum</span> <span class='ocrx_word' id='word_1_161' title='bbox 1281 1080 1307 1112; x_wconf 85' lang='lat' dir='ltr'>A</span> <span class='ocrx_word' id='word_1_162' title='bbox 1335 1080 1384 1122; x_wconf 88' lang='grc' dir='ltr'>(Β</span> <span class='ocrx_word' id='word_1_163' title='bbox 1410 1090 1431 1113; x_wconf 82' lang='lat' dir='ltr'>a</span> <span class='ocrx_word' id='word_1_164' title='bbox 1454 1091 1490 1122; x_wconf 82' lang='lat' dir='ltr'>p.</span> <span class='ocrx_word' id='word_1_165' title='bbox 1514 1082 1580 1123; x_wconf 90' lang='lat' dir='ltr'>m.)</span> <span class='ocrx_word' id='word_1_166' title='bbox 1607 1080 1747 1114; x_wconf 83' lang='lat' dir='ltr'>Gs-bP.</span> 
     </span>
    </p>
   </div>
   <div class='ocr_carea' id='block_1_5' title="bbox 202 1200 946 2961">
    <p class='ocr_par' dir='ltr' id='par_1_6' title="bbox 202 1200 946 2961">
     <span class='ocr_line' id='line_1_19' title="bbox 203 1200 945 1243; baseline 0.003 -12"><span class='ocrx_word' id='word_1_167' title='bbox 203 1200 394 1243; x_wconf 83' lang='lat' dir='ltr'>paruisset]</span> <span class='ocrx_word' id='word_1_168' title='bbox 424 1201 478 1233; x_wconf 87' lang='lat' dir='ltr'>Cf.</span> <span class='ocrx_word' id='word_1_169' title='bbox 508 1200 614 1233; x_wconf 73' lang='lat' dir='ltr'>Ovid.</span> <span class='ocrx_word' id='word_1_170' title='bbox 633 1200 733 1233; x_wconf 80' lang='lat' dir='ltr'>Fast.</span> <span class='ocrx_word' id='word_1_171' title='bbox 761 1200 789 1239; x_wconf 82' lang='lat' dir='ltr'>l,</span> <span class='ocrx_word' id='word_1_172' title='bbox 810 1203 877 1232; x_wconf 79' lang='grc'><strong>237</strong></span> <span class='ocrx_word' id='word_1_173' title='bbox 893 1212 945 1243; x_wconf 87' lang='lat' dir='ltr'>sq.</span> 
     </span>
     <span class='ocr_line' id='line_1_20' title="bbox 208 1245 945 1288; baseline 0.003 -12"><span class='ocrx_word' id='word_1_174' title='bbox 208 1245 293 1276; x_wconf 82' lang='lat' dir='ltr'>Inde</span> <span class='ocrx_word' id='word_1_175' title='bbox 326 1246 387 1277; x_wconf 82' lang='lat' dir='ltr'>diu</span> <span class='ocrx_word' id='word_1_176' title='bbox 427 1246 527 1288; x_wconf 76' lang='lat' dir='ltr'>genti</span> <span class='ocrx_word' id='word_1_177' title='bbox 565 1247 693 1278; x_wconf 81' lang='lat' dir='ltr'>mansit</span> <span class='ocrx_word' id='word_1_178' title='bbox 734 1246 945 1278; x_wconf 80' lang='lat' dir='ltr'>Saturnia</span> 
     </span>
     <span class='ocr_line' id='line_1_21' title="bbox 206 1290 945 1332; baseline 0.001 -12"><span class='ocrx_word' id='word_1_179' title='bbox 206 1300 347 1321; x_wconf 79' lang='lat' dir='ltr'>nomen.-</span> <span class='ocrx_word' id='word_1_180' title='bbox 389 1290 489 1322; x_wconf 82' lang='lat' dir='ltr'>Dicta</span> <span class='ocrx_word' id='word_1_181' title='bbox 522 1301 654 1332; x_wconf 85' lang='lat' dir='ltr'>quoque</span> <span class='ocrx_word' id='word_1_182' title='bbox 687 1294 736 1322; x_wconf 86' lang='lat' dir='ltr'>est</span> <span class='ocrx_word' id='word_1_183' title='bbox 773 1290 945 1322; x_wconf 82' lang='lat' dir='ltr'>Latium</span> 
     </span>
     <span class='ocr_line' id='line_1_22' title="bbox 206 1333 944 1373; baseline 0.003 -9"><span class='ocrx_word' id='word_1_184' title='bbox 206 1338 316 1373; x_wconf 83' lang='lat' dir='ltr'>terra,</span> <span class='ocrx_word' id='word_1_185' title='bbox 361 1335 522 1366; x_wconf 80' lang='lat' dir='ltr'>latente</span> <span class='ocrx_word' id='word_1_186' title='bbox 559 1335 643 1366; x_wconf 86' lang='lat' dir='ltr'>deo.</span> <span class='ocrx_word' id='word_1_187' title='bbox 703 1334 764 1366; x_wconf 88' lang='lat' dir='ltr'>Sic</span> <span class='ocrx_word' id='word_1_188' title='bbox 798 1333 944 1366; x_wconf 84' lang='lat' dir='ltr'>Latium</span> 
     </span>
     <span class='ocr_line' id='line_1_23' title="bbox 207 1378 942 1410; baseline 0.003 -2"><span class='ocrx_word' id='word_1_189' title='bbox 207 1383 343 1409; x_wconf 82' lang='lat' dir='ltr'>terram</span> <span class='ocrx_word' id='word_1_190' title='bbox 366 1379 500 1410; x_wconf 70' lang='lat' dir='ltr'>‹licta-n</span> <span class='ocrx_word' id='word_1_191' title='bbox 524 1389 605 1410; x_wconf 83' lang='lat' dir='ltr'>esse</span> <span class='ocrx_word' id='word_1_192' title='bbox 630 1389 650 1410; x_wconf 83' lang='lat' dir='ltr'>a</span> <span class='ocrx_word' id='word_1_193' title='bbox 674 1378 822 1410; x_wconf 84' lang='lat' dir='ltr'>latendo</span> <span class='ocrx_word' id='word_1_194' title='bbox 850 1379 942 1410; x_wconf 88' lang='lat' dir='ltr'>refe-</span> 
     </span>
     <span class='ocr_line' id='line_1_24' title="bbox 208 1422 944 1465; baseline 0.001 -12"><span class='ocrx_word' id='word_1_195' title='bbox 208 1426 290 1453; x_wconf 87' lang='lat' dir='ltr'>runt</span> <span class='ocrx_word' id='word_1_196' title='bbox 310 1422 419 1454; x_wconf 72' lang='lat' dir='ltr'>etiam</span> <span class='ocrx_word' id='word_1_197' title='bbox 437 1424 565 1465; x_wconf 80' lang='lat' dir='ltr'>virgil.</span> <span class='ocrx_word' id='word_1_198' title='bbox 588 1423 672 1454; x_wconf 83' lang='lat' dir='ltr'>Aen.</span> <span class='ocrx_word' id='word_1_199' title='bbox 689 1423 783 1462; x_wconf 70' lang='lat' dir='ltr'>vul,</span> <span class='ocrx_word' id='word_1_200' title='bbox 799 1425 865 1453; x_wconf 81' lang='lat'>322</span> <span class='ocrx_word' id='word_1_201' title='bbox 877 1435 944 1465; x_wconf 85' lang='lat' dir='ltr'>sq.‚</span> 
     </span>
     <span class='ocr_line' id='line_1_25' title="bbox 206 1467 942 1507; baseline 0.003 -10"><span class='ocrx_word' id='word_1_202' title='bbox 206 1468 337 1498; x_wconf 72' lang='lat' dir='ltr'>Amol».</span> <span class='ocrx_word' id='word_1_203' title='bbox 365 1467 430 1505; x_wconf 87' lang='lat' dir='ltr'>lV,</span> <span class='ocrx_word' id='word_1_204' title='bbox 449 1470 521 1505; x_wconf 75' lang='lat'>24.,</span> <span class='ocrx_word' id='word_1_205' title='bbox 545 1467 713 1499; x_wconf 68' lang='lat' dir='ltr'>[metant.</span> <span class='ocrx_word' id='word_1_206' title='bbox 741 1468 769 1505; x_wconf 89' lang='lat' dir='ltr'>l,</span> <span class='ocrx_word' id='word_1_207' title='bbox 799 1468 849 1507; x_wconf 85' lang='grc'>13,</span> <span class='ocrx_word' id='word_1_208' title='bbox 878 1471 942 1505; x_wconf 85' lang='grc'><strong>10.,</strong></span> 
     </span>
     <span class='ocr_line' id='line_1_26' title="bbox 209 1511 942 1552; baseline 0.004 -11"><span class='ocrx_word' id='word_1_209' title='bbox 209 1511 343 1542; x_wconf 79' lang='lat' dir='ltr'>Minue.</span> <span class='ocrx_word' id='word_1_210' title='bbox 374 1511 449 1543; x_wconf 85' lang='lat' dir='ltr'>Fel.</span> <span class='ocrx_word' id='word_1_211' title='bbox 478 1515 542 1552; x_wconf 86' lang='grc'><strong>22,</strong></span> <span class='ocrx_word' id='word_1_212' title='bbox 574 1515 621 1543; x_wconf 86' lang='grc'>10.</span> <span class='ocrx_word' id='word_1_213' title='bbox 664 1513 751 1544; x_wconf 82' lang='lat' dir='ltr'>Late</span> <span class='ocrx_word' id='word_1_214' title='bbox 786 1513 942 1544; x_wconf 83' lang='lat' dir='ltr'>Satur-</span> 
     </span>
     <span class='ocr_line' id='line_1_27' title="bbox 206 1556 945 1597; baseline 0.003 -11"><span class='ocrx_word' id='word_1_215' title='bbox 206 1556 300 1587; x_wconf 88' lang='lat' dir='ltr'>niam</span> <span class='ocrx_word' id='word_1_216' title='bbox 347 1561 492 1597; x_wconf 81' lang='lat' dir='ltr'>terram,</span> <span class='ocrx_word' id='word_1_217' title='bbox 542 1568 583 1588; x_wconf 80' lang='lat' dir='ltr'>ex</span> <span class='ocrx_word' id='word_1_218' title='bbox 625 1556 741 1588; x_wconf 79' lang='lat' dir='ltr'>Ennio</span> <span class='ocrx_word' id='word_1_219' title='bbox 790 1557 945 1597; x_wconf 82' lang='lat' dir='ltr'>protulit</span> 
     </span>
     <span class='ocr_line' id='line_1_28' title="bbox 208 1600 944 1641; baseline 0.003 -11"><span class='ocrx_word' id='word_1_220' title='bbox 208 1600 320 1631; x_wconf 83' lang='lat' dir='ltr'>Varro</span> <span class='ocrx_word' id='word_1_221' title='bbox 353 1600 389 1631; x_wconf 66' lang='grc' dir='ltr'><strong>[ι.</strong></span> <span class='ocrx_word' id='word_1_222' title='bbox 417 1601 453 1631; x_wconf 66' lang='lat'>1..</span> <span class='ocrx_word' id='word_1_223' title='bbox 486 1601 529 1641; x_wconf 79' lang='lat' dir='ltr'>V,</span> <span class='ocrx_word' id='word_1_224' title='bbox 552 1603 596 1632; x_wconf 76' lang='lat'>42</span> <span class='ocrx_word' id='word_1_225' title='bbox 618 1626 627 1638; x_wconf 82' lang='lat'>.,</span> <span class='ocrx_word' id='word_1_226' title='bbox 660 1601 831 1633; x_wconf 78' lang='lat' dir='ltr'>Saturnia</span> <span class='ocrx_word' id='word_1_227' title='bbox 856 1612 944 1632; x_wconf 83' lang='lat' dir='ltr'>arva</span> 
     </span>
     <span class='ocr_line' id='line_1_29' title="bbox 210 1643 944 1686; baseline 0 -11"><span class='ocrx_word' id='word_1_228' title='bbox 210 1644 301 1675; x_wconf 83' lang='lat' dir='ltr'>dicit</span> <span class='ocrx_word' id='word_1_229' title='bbox 332 1643 477 1676; x_wconf 77' lang='lat' dir='ltr'>Latium</span> <span class='ocrx_word' id='word_1_230' title='bbox 514 1645 643 1686; x_wconf 63' lang='lat' dir='ltr'>virgil.</span> <span class='ocrx_word' id='word_1_231' title='bbox 670 1646 754 1677; x_wconf 78' lang='lat' dir='ltr'>Aen.</span> <span class='ocrx_word' id='word_1_232' title='bbox 789 1645 823 1683; x_wconf 91' lang='grc' dir='ltr'>Ι,</span> <span class='ocrx_word' id='word_1_233' title='bbox 850 1647 944 1684; x_wconf 83' lang='grc'><strong>569.,</strong></span> 
     </span>
     <span class='ocr_line' id='line_1_30' title="bbox 214 1689 945 1731; baseline 0.001 -12"><span class='ocrx_word' id='word_1_234' title='bbox 214 1689 383 1720; x_wconf 83' lang='lat' dir='ltr'>Saturnia</span> <span class='ocrx_word' id='word_1_235' title='bbox 424 1690 529 1722; x_wconf 79' lang='lat' dir='ltr'>Italia</span> <span class='ocrx_word' id='word_1_236' title='bbox 566 1689 704 1731; x_wconf 68' lang='lat' dir='ltr'>legitur</span> <span class='ocrx_word' id='word_1_237' title='bbox 741 1689 835 1730; x_wconf 83' lang='lat' dir='ltr'>apud</span> <span class='ocrx_word' id='word_1_238' title='bbox 876 1689 945 1720; x_wconf 76' lang='lat' dir='ltr'>Fe-</span> 
     </span>
     <span class='ocr_line' id='line_1_31' title="bbox 210 1733 946 1776; baseline 0.003 -12"><span class='ocrx_word' id='word_1_239' title='bbox 210 1737 305 1764; x_wconf 79' lang='lat' dir='ltr'>stum</span> <span class='ocrx_word' id='word_1_240' title='bbox 334 1733 357 1764; x_wconf 89' lang='lat' dir='ltr'>l.</span> <span class='ocrx_word' id='word_1_241' title='bbox 384 1733 512 1766; x_wconf 75' lang='lat' dir='ltr'>Xvnl.</span> <span class='ocrx_word' id='word_1_242' title='bbox 546 1746 577 1776; x_wconf 86' lang='lat' dir='ltr'>p.</span> <span class='ocrx_word' id='word_1_243' title='bbox 604 1736 680 1765; x_wconf 85' lang='lat'>322.</span> <span class='ocrx_word' id='word_1_244' title='bbox 714 1734 842 1765; x_wconf 82' lang='lat' dir='ltr'>Muell.</span> <span class='ocrx_word' id='word_1_245' title='bbox 887 1734 946 1767; x_wconf 84' lang='lat' dir='ltr'>Cf.</span> 
     </span>
     <span class='ocr_line' id='line_1_32' title="bbox 209 1777 945 1820; baseline 0.003 -12"><span class='ocrx_word' id='word_1_246' title='bbox 209 1777 340 1809; x_wconf 82' lang='lat' dir='ltr'>lustin.</span> <span class='ocrx_word' id='word_1_247' title='bbox 367 1777 502 1817; x_wconf 73' lang='lat' dir='ltr'>XLlll,</span> <span class='ocrx_word' id='word_1_248' title='bbox 535 1781 560 1810; x_wconf 85' lang='lat'>1.</span> <span class='ocrx_word' id='word_1_249' title='bbox 604 1778 703 1820; x_wconf 62' lang='lat' dir='ltr'>Virg.</span> <span class='ocrx_word' id='word_1_250' title='bbox 734 1778 868 1820; x_wconf 80' lang='lat' dir='ltr'>Geurg.</span> <span class='ocrx_word' id='word_1_251' title='bbox 898 1778 945 1817; x_wconf 82' lang='lat' dir='ltr'>ll,</span> 
     </span>
     <span class='ocr_line' id='line_1_33' title="bbox 211 1821 837 1864; baseline -0.002 -12"><span class='ocrx_word' id='word_1_252' title='bbox 211 1824 283 1853; x_wconf 78' lang='lat'>173.</span> <span class='ocrx_word' id='word_1_253' title='bbox 315 1821 462 1864; x_wconf 37' lang='lat' dir='ltr'>Dionys.</span> <span class='ocrx_word' id='word_1_254' title='bbox 492 1824 574 1854; x_wconf 80' lang='lat' dir='ltr'>Hal.</span> <span class='ocrx_word' id='word_1_255' title='bbox 598 1823 633 1854; x_wconf 88' lang='grc' dir='ltr'>Λ.</span> <span class='ocrx_word' id='word_1_256' title='bbox 660 1823 703 1854; x_wconf 84' lang='lat' dir='ltr'>R.</span> <span class='ocrx_word' id='word_1_257' title='bbox 729 1823 757 1856; x_wconf 84' lang='lat' dir='ltr'>l.</span> <span class='ocrx_word' id='word_1_258' title='bbox 781 1825 837 1854; x_wconf 72' lang='lat'>34.</span> 
     </span>
     <span class='ocr_line' id='line_1_34' title="bbox 251 1865 943 1908; baseline 0.001 -11"><span class='ocrx_word' id='word_1_259' title='bbox 251 1867 352 1907; x_wconf 84' lang='lat' dir='ltr'>quasi</span> <span class='ocrx_word' id='word_1_260' title='bbox 375 1868 469 1898; x_wconf 83' lang='lat' dir='ltr'>vitae</span> <span class='ocrx_word' id='word_1_261' title='bbox 491 1868 643 1899; x_wconf 85' lang='lat' dir='ltr'>melioris</span> <span class='ocrx_word' id='word_1_262' title='bbox 666 1865 854 1908; x_wconf 80' lang='lat' dir='ltr'>auctorem]</span> <span class='ocrx_word' id='word_1_263' title='bbox 886 1867 943 1898; x_wconf 82' lang='lat' dir='ltr'>Cf.</span> 
     </span>
     <span class='ocr_line' id='line_1_35' title="bbox 208 1911 945 1952; baseline 0.004 -13"><span class='ocrx_word' id='word_1_264' title='bbox 208 1920 238 1940; x_wconf 85' lang='lat' dir='ltr'>e.</span> <span class='ocrx_word' id='word_1_265' title='bbox 270 1912 320 1941; x_wconf 80' lang='lat'>10.</span> <span class='ocrx_word' id='word_1_266' title='bbox 350 1911 370 1949; x_wconf 65' lang='grc' dir='ltr'><strong>ς</strong></span> <span class='ocrx_word' id='word_1_267' title='bbox 396 1914 445 1941; x_wconf 88' lang='grc'><strong>19.</strong></span> <span class='ocrx_word' id='word_1_268' title='bbox 472 1912 573 1952; x_wconf 84' lang='lat' dir='ltr'>quasi</span> <span class='ocrx_word' id='word_1_269' title='bbox 598 1912 715 1943; x_wconf 85' lang='lat' dir='ltr'>vitae</span> <span class='ocrx_word' id='word_1_270' title='bbox 738 1912 945 1943; x_wconf 88' lang='lat' dir='ltr'>cultioris</span> 
     </span>
     <span class='ocr_line' id='line_1_36' title="bbox 206 1954 943 1996; baseline 0.004 -12"><span class='ocrx_word' id='word_1_271' title='bbox 206 1959 374 1986; x_wconf 76' lang='lat' dir='ltr'>auctores.</span> <span class='ocrx_word' id='word_1_272' title='bbox 400 1954 510 1986; x_wconf 81' lang='lat' dir='ltr'>Zeun.</span> <span class='ocrx_word' id='word_1_273' title='bbox 534 1956 675 1986; x_wconf 76' lang='lat' dir='ltr'>confert</span> <span class='ocrx_word' id='word_1_274' title='bbox 696 1956 943 1996; x_wconf 73' lang='lat' dir='ltr'>Dionys.llal.</span> 
     </span>
     <span class='ocr_line' id='line_1_37' title="bbox 208 1995 943 2040; baseline 0.003 -12"><span class='ocrx_word' id='word_1_275' title='bbox 208 1998 247 2028; x_wconf 83' lang='grc' dir='ltr'><strong>Α.</strong></span> <span class='ocrx_word' id='word_1_276' title='bbox 277 1998 320 2028; x_wconf 75' lang='lat' dir='ltr'>R.</span> <span class='ocrx_word' id='word_1_277' title='bbox 348 1998 376 2037; x_wconf 86' lang='grc'>1,</span> <span class='ocrx_word' id='word_1_278' title='bbox 401 2001 455 2029; x_wconf 80' lang='grc'><strong>38.</strong></span> <span class='ocrx_word' id='word_1_279' title='bbox 485 1996 629 2040; x_wconf 77' lang='grc' dir='ltr'>πάσης</span> <span class='ocrx_word' id='word_1_280' title='bbox 655 1995 943 2037; x_wconf 79' lang='grc' dir='ltr'>εὐδαιμονίας</span> 
     </span>
     <span class='ocr_line' id='line_1_38' title="bbox 208 2038 887 2084; baseline 0.001 -12"><span class='ocrx_word' id='word_1_281' title='bbox 208 2040 345 2083; x_wconf 75' lang='grc' dir='ltr'><em>δοτῆρα</em></span> <span class='ocrx_word' id='word_1_282' title='bbox 367 2041 427 2073; x_wconf 73' lang='grc' dir='ltr'>καὶ</span> <span class='ocrx_word' id='word_1_283' title='bbox 451 2040 640 2084; x_wconf 77' lang='grc' dir='ltr'><strong><em>πληρωτὴν</em></strong></span> <span class='ocrx_word' id='word_1_284' title='bbox 665 2038 887 2083; x_wconf 68' lang='grc' dir='ltr'>ἀνθρώποις.</span> 
     </span>
     <span class='ocr_line' id='line_1_39' title="bbox 243 2086 942 2129; baseline 0.003 -13"><span class='ocrx_word' id='word_1_285' title='bbox 243 2087 387 2126; x_wconf 77' lang='lat' dir='ltr'>falcem,</span> <span class='ocrx_word' id='word_1_286' title='bbox 410 2087 548 2129; x_wconf 78' lang='lat' dir='ltr'>insigne</span> <span class='ocrx_word' id='word_1_287' title='bbox 571 2086 702 2128; x_wconf 78' lang='lat' dir='ltr'>messis]</span> <span class='ocrx_word' id='word_1_288' title='bbox 729 2087 781 2118; x_wconf 81' lang='lat' dir='ltr'>Cf.</span> <span class='ocrx_word' id='word_1_289' title='bbox 811 2086 942 2118; x_wconf 80' lang='lat' dir='ltr'>Festus</span> 
     </span>
     <span class='ocr_line' id='line_1_40' title="bbox 205 2131 942 2174; baseline 0.003 -14"><span class='ocrx_word' id='word_1_290' title='bbox 205 2141 238 2172; x_wconf 89' lang='lat' dir='ltr'>p.</span> <span class='ocrx_word' id='word_1_291' title='bbox 262 2132 341 2160; x_wconf 80' lang='lat'>325.</span> <span class='ocrx_word' id='word_1_292' title='bbox 370 2132 527 2162; x_wconf 84' lang='lat' dir='ltr'>culturae</span> <span class='ocrx_word' id='word_1_293' title='bbox 552 2142 718 2174; x_wconf 80' lang='lat' dir='ltr'>agrorum</span> <span class='ocrx_word' id='word_1_294' title='bbox 743 2131 942 2172; x_wconf 78' lang='lat' dir='ltr'>praesidere</span> 
     </span>
     <span class='ocr_line' id='line_1_41' title="bbox 204 2174 940 2216; baseline 0.003 -11"><span class='ocrx_word' id='word_1_295' title='bbox 204 2174 359 2213; x_wconf 82' lang='lat' dir='ltr'>videtur,</span> <span class='ocrx_word' id='word_1_296' title='bbox 401 2186 465 2216; x_wconf 84' lang='lat' dir='ltr'>quo</span> <span class='ocrx_word' id='word_1_297' title='bbox 491 2177 594 2206; x_wconf 75' lang='lat' dir='ltr'>eiiam</span> <span class='ocrx_word' id='word_1_298' title='bbox 616 2176 716 2215; x_wconf 63' lang='lat' dir='ltr'>falx</span> <span class='ocrx_word' id='word_1_299' title='bbox 743 2180 791 2207; x_wconf 84' lang='lat' dir='ltr'>cst</span> <span class='ocrx_word' id='word_1_300' title='bbox 818 2176 848 2205; x_wconf 81' lang='lat' dir='ltr'>ei</span> <span class='ocrx_word' id='word_1_301' title='bbox 879 2175 940 2207; x_wconf 89' lang='lat' dir='ltr'>in-</span> 
     </span>
     <span class='ocr_line' id='line_1_42' title="bbox 205 2218 939 2261; baseline 0 -11"><span class='ocrx_word' id='word_1_302' title='bbox 205 2220 353 2261; x_wconf 77' lang='lat' dir='ltr'>signe3</span> <span class='ocrx_word' id='word_1_303' title='bbox 383 2218 537 2261; x_wconf 79' lang='lat' dir='ltr'>August.</span> <span class='ocrx_word' id='word_1_304' title='bbox 562 2220 605 2250; x_wconf 84' lang='lat' dir='ltr'>(le</span> <span class='ocrx_word' id='word_1_305' title='bbox 630 2219 696 2251; x_wconf 84' lang='lat' dir='ltr'>civ.</span> <span class='ocrx_word' id='word_1_306' title='bbox 725 2219 756 2249; x_wconf 84' lang='grc' dir='ltr'>ιΙ.</span> <span class='ocrx_word' id='word_1_307' title='bbox 789 2219 864 2258; x_wconf 74' lang='lat' dir='ltr'>VH,</span> <span class='ocrx_word' id='word_1_308' title='bbox 888 2222 939 2250; x_wconf 87' lang='grc'>19.</span> 
     </span>
     <span class='ocr_line' id='line_1_43' title="bbox 209 2263 939 2305; baseline -0.001 -10"><span class='ocrx_word' id='word_1_309' title='bbox 209 2263 374 2295; x_wconf 85' lang='lat' dir='ltr'>Faleem</span> <span class='ocrx_word' id='word_1_310' title='bbox 396 2264 509 2303; x_wconf 85' lang='lat' dir='ltr'>habet,</span> <span class='ocrx_word' id='word_1_311' title='bbox 527 2264 638 2305; x_wconf 82' lang='lat' dir='ltr'>inquit</span> <span class='ocrx_word' id='word_1_312' title='bbox 652 2263 817 2301; x_wconf 81' lang='lat' dir='ltr'>(Varro),</span> <span class='ocrx_word' id='word_1_313' title='bbox 834 2274 939 2305; x_wconf 87' lang='lat' dir='ltr'>prop-</span> 
     </span>
     <span class='ocr_line' id='line_1_44' title="bbox 206 2307 940 2350; baseline 0 -12"><span class='ocrx_word' id='word_1_314' title='bbox 206 2313 256 2339; x_wconf 83' lang='lat' dir='ltr'>ter</span> <span class='ocrx_word' id='word_1_315' title='bbox 293 2308 570 2350; x_wconf 76' lang='lat' dir='ltr'>agriculturam,·</span> <span class='ocrx_word' id='word_1_316' title='bbox 615 2308 747 2339; x_wconf 79' lang='lat' dir='ltr'>Arnob.</span> <span class='ocrx_word' id='word_1_317' title='bbox 788 2307 850 2345; x_wconf 70' lang='lat' dir='ltr'>Vl,</span> <span class='ocrx_word' id='word_1_318' title='bbox 886 2310 940 2339; x_wconf 89' lang='lat'>25.</span> 
     </span>
     <span class='ocr_line' id='line_1_45' title="bbox 208 2352 942 2394; baseline 0 -10"><span class='ocrx_word' id='word_1_319' title='bbox 208 2352 320 2384; x_wconf 73' lang='lat' dir='ltr'>Falx</span> <span class='ocrx_word' id='word_1_320' title='bbox 345 2353 564 2393; x_wconf 83' lang='lat' dir='ltr'>messoria,</span> <span class='ocrx_word' id='word_1_321' title='bbox 586 2364 674 2394; x_wconf 85' lang='lat' dir='ltr'>quae</span> <span class='ocrx_word' id='word_1_322' title='bbox 698 2357 747 2384; x_wconf 85' lang='lat' dir='ltr'>est</span> <span class='ocrx_word' id='word_1_323' title='bbox 774 2352 942 2384; x_wconf 79' lang='lat' dir='ltr'>attributa</span> 
     </span>
     <span class='ocr_line' id='line_1_46' title="bbox 209 2396 941 2435; baseline 0.001 -8"><span class='ocrx_word' id='word_1_324' title='bbox 209 2396 385 2435; x_wconf 78' lang='lat' dir='ltr'>Saturno3</span> <span class='ocrx_word' id='word_1_325' title='bbox 419 2396 467 2428; x_wconf 87' lang='lat' dir='ltr'>ib.</span> <span class='ocrx_word' id='word_1_326' title='bbox 501 2408 530 2428; x_wconf 87' lang='lat' dir='ltr'>c.</span> <span class='ocrx_word' id='word_1_327' title='bbox 567 2399 618 2428; x_wconf 80' lang='lat'>12.</span> <span class='ocrx_word' id='word_1_328' title='bbox 663 2398 838 2429; x_wconf 84' lang='lat' dir='ltr'>Saturnus</span> <span class='ocrx_word' id='word_1_329' title='bbox 867 2408 941 2428; x_wconf 89' lang='lat' dir='ltr'>cum</span> 
     </span>
     <span class='ocr_line' id='line_1_47' title="bbox 205 2441 941 2481; baseline 0.001 -10"><span class='ocrx_word' id='word_1_330' title='bbox 205 2441 336 2472; x_wconf 84' lang='lat' dir='ltr'>obunca</span> <span class='ocrx_word' id='word_1_331' title='bbox 364 2442 507 2481; x_wconf 74' lang='lat' dir='ltr'>falce,</span> <span class='ocrx_word' id='word_1_332' title='bbox 543 2446 655 2473; x_wconf 86' lang='lat' dir='ltr'>custos</span> <span class='ocrx_word' id='word_1_333' title='bbox 687 2441 778 2473; x_wconf 86' lang='lat' dir='ltr'>ruris</span> <span class='ocrx_word' id='word_1_334' title='bbox 807 2446 844 2473; x_wconf 90' lang='lat' dir='ltr'>ut</span> <span class='ocrx_word' id='word_1_335' title='bbox 872 2441 941 2472; x_wconf 85' lang='lat' dir='ltr'>ali-</span> 
     </span>
     <span class='ocr_line' id='line_1_48' title="bbox 205 2485 942 2526; baseline 0.003 -11"><span class='ocrx_word' id='word_1_336' title='bbox 205 2485 280 2526; x_wconf 80' lang='lat' dir='ltr'>quis</span> <span class='ocrx_word' id='word_1_337' title='bbox 300 2496 473 2517; x_wconf 82' lang='lat' dir='ltr'>ramorum</span> <span class='ocrx_word' id='word_1_338' title='bbox 498 2486 750 2517; x_wconf 65' lang='lat' dir='ltr'>luxuriantium</span> <span class='ocrx_word' id='word_1_339' title='bbox 775 2491 942 2524; x_wconf 88' lang='lat' dir='ltr'>tonsor,·</span> 
     </span>
     <span class='ocr_line' id='line_1_49' title="bbox 205 2524 943 2582; baseline 0.001 -23"><span class='ocrx_word' id='word_1_340' title='bbox 205 2529 300 2560; x_wconf 80' lang='lat' dir='ltr'>l&#39;lut.</span> <span class='ocrx_word' id='word_1_341' title='bbox 327 2530 475 2569; x_wconf 77' lang='lat' dir='ltr'>Quaest.</span> <span class='ocrx_word' id='word_1_342' title='bbox 504 2530 608 2562; x_wconf 77' lang='lat' dir='ltr'>Rom.</span> <span class='ocrx_word' id='word_1_343' title='bbox 632 2532 686 2561; x_wconf 79' lang='lat'>42.</span> <span class='ocrx_word' id='word_1_344' title='bbox 719 2524 741 2571; x_wconf 75' lang='grc' dir='ltr'>ἢ</span> <span class='ocrx_word' id='word_1_345' title='bbox 773 2525 824 2560; x_wconf 82' lang='grc' dir='ltr'>ὅτι</span> <span class='ocrx_word' id='word_1_346' title='bbox 854 2540 943 2582; x_wconf 60' lang='grc' dir='ltr'>καρ-ξ</span> 
     </span>
     <span class='ocr_line' id='line_1_50' title="bbox 204 2568 940 2615; baseline 0.001 -12"><span class='ocrx_word' id='word_1_347' title='bbox 204 2584 281 2603; x_wconf 86' lang='grc' dir='ltr'>πων</span> <span class='ocrx_word' id='word_1_348' title='bbox 325 2572 455 2615; x_wconf 61' lang='grc' dir='ltr'>ἀρετῆς</span> <span class='ocrx_word' id='word_1_349' title='bbox 490 2568 510 2614; x_wconf 78' lang='grc' dir='ltr'>ἢ</span> <span class='ocrx_word' id='word_1_350' title='bbox 542 2573 712 2615; x_wconf 53' lang='grc' dir='ltr'>γθωργίας</span> <span class='ocrx_word' id='word_1_351' title='bbox 744 2569 884 2615; x_wconf 54' lang='grc' dir='ltr'>ῆγιμών</span> <span class='ocrx_word' id='word_1_352' title='bbox 921 2585 940 2605; x_wconf 93' lang='lat'>0</span> 
     </span>
     <span class='ocr_line' id='line_1_51' title="bbox 204 2613 941 2659; baseline 0 -11"><span class='ocrx_word' id='word_1_353' title='bbox 204 2614 308 2654; x_wconf 56' lang='grc' dir='ltr'><em>θὲὸςς</em></span> <span class='ocrx_word' id='word_1_354' title='bbox 329 2614 351 2659; x_wconf 78' lang='grc' dir='ltr'>ἡ</span> <span class='ocrx_word' id='word_1_355' title='bbox 380 2615 446 2659; x_wconf 76' lang='grc' dir='ltr'>γὰρ</span> <span class='ocrx_word' id='word_1_356' title='bbox 471 2613 587 2659; x_wconf 66' lang='grc' dir='ltr'>ἅρπη</span> <span class='ocrx_word' id='word_1_357' title='bbox 622 2618 731 2649; x_wconf 79' lang='grc' dir='ltr'><em>τοῦτο</em></span> <span class='ocrx_word' id='word_1_358' title='bbox 769 2616 941 2659; x_wconf 64' lang='grc' dir='ltr'>σημαίνει.</span> 
     </span>
     <span class='ocr_line' id='line_1_52' title="bbox 204 2661 941 2704; baseline 0.005 -14"><span class='ocrx_word' id='word_1_359' title='bbox 204 2661 335 2693; x_wconf 71' lang='lat' dir='ltr'>isidor.</span> <span class='ocrx_word' id='word_1_360' title='bbox 360 2662 463 2704; x_wconf 79' lang='lat' dir='ltr'>Orig.</span> <span class='ocrx_word' id='word_1_361' title='bbox 490 2662 593 2702; x_wconf 65' lang='lat' dir='ltr'>Ylll,</span> <span class='ocrx_word' id='word_1_362' title='bbox 624 2665 681 2702; x_wconf 84' lang='grc'><strong>11,</strong></span> <span class='ocrx_word' id='word_1_363' title='bbox 703 2665 755 2693; x_wconf 82' lang='lat'>32.</span> <span class='ocrx_word' id='word_1_364' title='bbox 805 2664 941 2694; x_wconf 73' lang='lat' dir='ltr'>Contra</span> 
     </span>
     <span class='ocr_line' id='line_1_53' title="bbox 206 2705 941 2747; baseline 0.005 -13"><span class='ocrx_word' id='word_1_365' title='bbox 206 2705 270 2735; x_wconf 81' lang='lat' dir='ltr'>Cli.</span> <span class='ocrx_word' id='word_1_366' title='bbox 301 2707 464 2738; x_wconf 56' lang='lat' dir='ltr'>tanzius</span> <span class='ocrx_word' id='word_1_367' title='bbox 492 2707 535 2737; x_wconf 83' lang='lat' dir='ltr'>‹le</span> <span class='ocrx_word' id='word_1_368' title='bbox 562 2706 667 2747; x_wconf 75' lang='lat' dir='ltr'>relig.</span> <span class='ocrx_word' id='word_1_369' title='bbox 698 2707 850 2738; x_wconf 77' lang='lat' dir='ltr'>Roman.</span> <span class='ocrx_word' id='word_1_370' title='bbox 877 2717 941 2738; x_wconf 78' lang='lat' dir='ltr'>an-</span> 
     </span>
     <span class='ocr_line' id='line_1_54' title="bbox 205 2749 942 2792; baseline 0.005 -14"><span class='ocrx_word' id='word_1_371' title='bbox 205 2749 411 2788; x_wconf 64' lang='lat' dir='ltr'>tiquissimu</span> <span class='ocrx_word' id='word_1_372' title='bbox 440 2763 471 2791; x_wconf 90' lang='lat' dir='ltr'>p.</span> <span class='ocrx_word' id='word_1_373' title='bbox 502 2754 551 2782; x_wconf 77' lang='grc'>13.</span> <span class='ocrx_word' id='word_1_374' title='bbox 580 2751 818 2792; x_wconf 78' lang='lat' dir='ltr'>reprehendit</span> <span class='ocrx_word' id='word_1_375' title='bbox 835 2751 942 2782; x_wconf 79' lang='lat' dir='ltr'>Butt-</span> 
     </span>
     <span class='ocr_line' id='line_1_55' title="bbox 204 2796 939 2837; baseline 0.004 -15"><span class='ocrx_word' id='word_1_376' title='bbox 204 2804 371 2825; x_wconf 73' lang='lat' dir='ltr'>mannum</span> <span class='ocrx_word' id='word_1_377' title='bbox 400 2796 459 2835; x_wconf 87' lang='lat' dir='ltr'>qui</span> <span class='ocrx_word' id='word_1_378' title='bbox 490 2796 696 2837; x_wconf 71' lang='lat' dir='ltr'>Mytholog.</span> <span class='ocrx_word' id='word_1_379' title='bbox 734 2796 780 2827; x_wconf 89' lang='lat' dir='ltr'>ll.</span> <span class='ocrx_word' id='word_1_380' title='bbox 816 2807 848 2837; x_wconf 84' lang='lat' dir='ltr'>p.</span> <span class='ocrx_word' id='word_1_381' title='bbox 882 2798 939 2827; x_wconf 87' lang='lat'>29.</span> 
     </span>
     <span class='ocr_line' id='line_1_56' title="bbox 202 2836 941 2881; baseline 0.007 -14"><span class='ocrx_word' id='word_1_382' title='bbox 202 2836 399 2870; x_wconf 78' lang='lat' dir='ltr'>Saturnum</span> <span class='ocrx_word' id='word_1_383' title='bbox 425 2839 496 2870; x_wconf 84' lang='lat' dir='ltr'>diis</span> <span class='ocrx_word' id='word_1_384' title='bbox 521 2840 733 2881; x_wconf 80' lang='lat' dir='ltr'>agrestibus</span> <span class='ocrx_word' id='word_1_385' title='bbox 766 2840 941 2872; x_wconf 63' lang='lat' dir='ltr'>adnume-</span> 
     </span>
     <span class='ocr_line' id='line_1_57' title="bbox 202 2884 941 2926; baseline 0.005 -14"><span class='ocrx_word' id='word_1_386' title='bbox 202 2884 323 2913; x_wconf 84' lang='lat' dir='ltr'>ratum</span> <span class='ocrx_word' id='word_1_387' title='bbox 359 2893 440 2914; x_wconf 84' lang='lat' dir='ltr'>esse</span> <span class='ocrx_word' id='word_1_388' title='bbox 472 2887 635 2924; x_wconf 82' lang='lat' dir='ltr'>putaret:</span> <span class='ocrx_word' id='word_1_389' title='bbox 673 2895 756 2917; x_wconf 81' lang='lat' dir='ltr'>nam</span> <span class='ocrx_word' id='word_1_390' title='bbox 791 2884 941 2926; x_wconf 83' lang='lat' dir='ltr'>profun-</span> 
     </span>
     <span class='ocr_line' id='line_1_58' title="bbox 203 2924 940 2961; baseline 0.003 -4"><span class='ocrx_word' id='word_1_391' title='bbox 203 2924 341 2958; x_wconf 84' lang='lat' dir='ltr'>diorem</span> <span class='ocrx_word' id='word_1_392' title='bbox 365 2926 475 2959; x_wconf 76' lang='lat' dir='ltr'>liuius</span> <span class='ocrx_word' id='word_1_393' title='bbox 494 2928 655 2960; x_wconf 86' lang='lat' dir='ltr'>numinis</span> <span class='ocrx_word' id='word_1_394' title='bbox 674 2939 819 2961; x_wconf 81' lang='lat' dir='ltr'>sensum</span> <span class='ocrx_word' id='word_1_395' title='bbox 843 2932 940 2961; x_wconf 84' lang='lat' dir='ltr'>recte</span> 
     </span>
    </p>
   </div>
   <div class='ocr_carea' id='block_1_6' title="bbox 1008 1201 1750 1819">
    <p class='ocr_par' dir='ltr' id='par_1_7' title="bbox 1008 1201 1749 1642">
     <span class='ocr_line' id='line_1_59' title="bbox 1013 1201 1749 1243; baseline 0 -10"><span class='ocrx_word' id='word_1_396' title='bbox 1013 1201 1244 1234; x_wconf 84' lang='lat' dir='ltr'>intellexisse</span> <span class='ocrx_word' id='word_1_397' title='bbox 1258 1212 1319 1233; x_wconf 85' lang='lat' dir='ltr'>eos</span> <span class='ocrx_word' id='word_1_398' title='bbox 1333 1212 1423 1243; x_wconf 81' lang='lat' dir='ltr'>quos</span> <span class='ocrx_word' id='word_1_399' title='bbox 1437 1201 1749 1243; x_wconf 78' lang='lat' dir='ltr'>sequereturl&#39;lu-</span> 
     </span>
     <span class='ocr_line' id='line_1_60' title="bbox 1015 1242 1747 1287; baseline 0 -9"><span class='ocrx_word' id='word_1_400' title='bbox 1015 1247 1166 1278; x_wconf 79' lang='lat' dir='ltr'>tarchns</span> <span class='ocrx_word' id='word_1_401' title='bbox 1199 1246 1350 1287; x_wconf 80' lang='lat' dir='ltr'>Quaest.</span> <span class='ocrx_word' id='word_1_402' title='bbox 1385 1246 1488 1277; x_wconf 82' lang='lat' dir='ltr'>Rom.</span> <span class='ocrx_word' id='word_1_403' title='bbox 1523 1248 1573 1277; x_wconf 79' lang='lat'>17.</span> <span class='ocrx_word' id='word_1_404' title='bbox 1609 1242 1674 1277; x_wconf 84' lang='grc' dir='ltr'>τὸν</span> <span class='ocrx_word' id='word_1_405' title='bbox 1709 1242 1747 1278; x_wconf 73' lang='grc' dir='ltr'>δὲ</span> 
     </span>
     <span class='ocr_line' id='line_1_61' title="bbox 1016 1285 1749 1332; baseline -0.003 -9"><span class='ocrx_word' id='word_1_406' title='bbox 1016 1287 1158 1332; x_wconf 78' lang='grc' dir='ltr'><strong><em>Κρόνον</em></strong></span> <span class='ocrx_word' id='word_1_407' title='bbox 1174 1286 1348 1332; x_wconf 79' lang='grc' dir='ltr'>ἡγοῦνται</span> <span class='ocrx_word' id='word_1_408' title='bbox 1365 1287 1456 1322; x_wconf 77' lang='grc' dir='ltr'><strong><em>θεὸν</em></strong></span> <span class='ocrx_word' id='word_1_409' title='bbox 1468 1285 1675 1322; x_wconf 76' lang='grc' dir='ltr'><strong><em>ὖπουδαῖον</em></strong></span> <span class='ocrx_word' id='word_1_410' title='bbox 1687 1287 1749 1322; x_wconf 80' lang='grc' dir='ltr'>καὶ</span> 
     </span>
     <span class='ocr_line' id='line_1_62' title="bbox 1012 1332 1747 1377; baseline -0.001 -11"><span class='ocrx_word' id='word_1_411' title='bbox 1012 1332 1172 1377; x_wconf 78' lang='grc' dir='ltr'>χθόνιον.</span> <span class='ocrx_word' id='word_1_412' title='bbox 1198 1334 1256 1366; x_wconf 81' lang='lat' dir='ltr'>Cf.</span> <span class='ocrx_word' id='word_1_413' title='bbox 1286 1334 1489 1376; x_wconf 84' lang='lat' dir='ltr'>Boettiger.</span> <span class='ocrx_word' id='word_1_414' title='bbox 1512 1334 1634 1366; x_wconf 88' lang='lat' dir='ltr'>ldeen.</span> <span class='ocrx_word' id='word_1_415' title='bbox 1659 1333 1688 1366; x_wconf 89' lang='grc' dir='ltr'><strong>Ι.</strong></span> <span class='ocrx_word' id='word_1_416' title='bbox 1713 1344 1747 1376; x_wconf 84' lang='lat' dir='ltr'>p.</span> 
     </span>
     <span class='ocr_line' id='line_1_63' title="bbox 1012 1377 1749 1420; baseline 0 -10"><span class='ocrx_word' id='word_1_417' title='bbox 1012 1381 1078 1410; x_wconf 80' lang='grc'><strong>224</strong></span> <span class='ocrx_word' id='word_1_418' title='bbox 1114 1383 1149 1411; x_wconf 87' lang='lat' dir='ltr'>et</span> <span class='ocrx_word' id='word_1_419' title='bbox 1182 1381 1251 1411; x_wconf 79' lang='grc'>228</span> <span class='ocrx_word' id='word_1_420' title='bbox 1280 1390 1332 1420; x_wconf 80' lang='lat' dir='ltr'>sq.</span> <span class='ocrx_word' id='word_1_421' title='bbox 1394 1379 1573 1410; x_wconf 81' lang='lat' dir='ltr'>Saturnus</span> <span class='ocrx_word' id='word_1_422' title='bbox 1612 1377 1749 1410; x_wconf 81' lang='lat' dir='ltr'>dicitur</span> 
     </span>
     <span class='ocr_line' id='line_1_64' title="bbox 1008 1422 1747 1465; baseline 0 -10"><span class='ocrx_word' id='word_1_423' title='bbox 1008 1424 1154 1465; x_wconf 81' lang='lat' dir='ltr'>falcifer</span> <span class='ocrx_word' id='word_1_424' title='bbox 1180 1424 1224 1455; x_wconf 82' lang='lat' dir='ltr'>ab</span> <span class='ocrx_word' id='word_1_425' title='bbox 1250 1423 1384 1455; x_wconf 78' lang='lat' dir='ltr'>ovidio</span> <span class='ocrx_word' id='word_1_426' title='bbox 1408 1423 1508 1455; x_wconf 81' lang='lat' dir='ltr'>Fast.</span> <span class='ocrx_word' id='word_1_427' title='bbox 1532 1423 1560 1461; x_wconf 88' lang='lat' dir='ltr'>l,</span> <span class='ocrx_word' id='word_1_428' title='bbox 1584 1425 1663 1455; x_wconf 79' lang='lat'>234.</span> <span class='ocrx_word' id='word_1_429' title='bbox 1695 1422 1747 1455; x_wconf 90' lang='lat' dir='ltr'>lb.</span> 
     </span>
     <span class='ocr_line' id='line_1_65' title="bbox 1011 1467 1749 1508; baseline 0 -9"><span class='ocrx_word' id='word_1_430' title='bbox 1011 1471 1102 1506; x_wconf 59' lang='lat'>218„</span> <span class='ocrx_word' id='word_1_431' title='bbox 1128 1478 1148 1499; x_wconf 81' lang='lat' dir='ltr'>a</span> <span class='ocrx_word' id='word_1_432' title='bbox 1170 1467 1342 1499; x_wconf 80' lang='lat' dir='ltr'>Martiale</span> <span class='ocrx_word' id='word_1_433' title='bbox 1365 1467 1427 1506; x_wconf 79' lang='lat' dir='ltr'>xl,</span> <span class='ocrx_word' id='word_1_434' title='bbox 1445 1471 1478 1508; x_wconf 80' lang='grc'>6,</span> <span class='ocrx_word' id='word_1_435' title='bbox 1505 1470 1546 1507; x_wconf 89' lang='grc'><strong>1.,</strong></span> <span class='ocrx_word' id='word_1_436' title='bbox 1568 1469 1614 1499; x_wconf 78' lang='lat' dir='ltr'>ab</span> <span class='ocrx_word' id='word_1_437' title='bbox 1634 1468 1749 1499; x_wconf 82' lang='lat' dir='ltr'>Arno-</span> 
     </span>
     <span class='ocr_line' id='line_1_66' title="bbox 1011 1511 1747 1552; baseline 0 -9"><span class='ocrx_word' id='word_1_438' title='bbox 1011 1512 1072 1544; x_wconf 83' lang='lat' dir='ltr'>bio</span> <span class='ocrx_word' id='word_1_439' title='bbox 1098 1511 1169 1549; x_wconf 84' lang='lat' dir='ltr'>lu,</span> <span class='ocrx_word' id='word_1_440' title='bbox 1192 1514 1246 1543; x_wconf 88' lang='lat'>29.</span> <span class='ocrx_word' id='word_1_441' title='bbox 1297 1511 1351 1543; x_wconf 88' lang='lat' dir='ltr'>Cf.</span> <span class='ocrx_word' id='word_1_442' title='bbox 1377 1512 1549 1544; x_wconf 82' lang='lat' dir='ltr'>Creuzer.</span> <span class='ocrx_word' id='word_1_443' title='bbox 1575 1511 1649 1552; x_wconf 77' lang='lat' dir='ltr'>Ill,</span> <span class='ocrx_word' id='word_1_444' title='bbox 1674 1512 1747 1543; x_wconf 76' lang='lat' dir='ltr'>tal».</span> 
     </span>
     <span class='ocr_line' id='line_1_67' title="bbox 1012 1556 1747 1598; baseline 0 -10"><span class='ocrx_word' id='word_1_445' title='bbox 1012 1556 1083 1595; x_wconf 84' lang='grc'><strong>111,</strong></span> <span class='ocrx_word' id='word_1_446' title='bbox 1112 1560 1148 1588; x_wconf 85' lang='lat' dir='ltr'>et</span> <span class='ocrx_word' id='word_1_447' title='bbox 1173 1567 1206 1598; x_wconf 89' lang='lat' dir='ltr'>p.</span> <span class='ocrx_word' id='word_1_448' title='bbox 1231 1559 1329 1595; x_wconf 82' lang='grc'><strong>201.;</strong></span> <span class='ocrx_word' id='word_1_449' title='bbox 1368 1556 1524 1589; x_wconf 85' lang='lat' dir='ltr'>Merkel.</span> <span class='ocrx_word' id='word_1_450' title='bbox 1557 1567 1591 1598; x_wconf 84' lang='lat' dir='ltr'>p.</span> <span class='ocrx_word' id='word_1_451' title='bbox 1622 1566 1747 1588; x_wconf 81' lang='lat' dir='ltr'>ccxxx.</span> 
     </span>
     <span class='ocr_line' id='line_1_68' title="bbox 1011 1601 1345 1642; baseline -0.003 -10"><span class='ocrx_word' id='word_1_452' title='bbox 1011 1601 1186 1632; x_wconf 70' lang='lat' dir='ltr'>Knauson.</span> <span class='ocrx_word' id='word_1_453' title='bbox 1212 1612 1246 1642; x_wconf 87' lang='lat' dir='ltr'>p.</span> <span class='ocrx_word' id='word_1_454' title='bbox 1267 1602 1345 1632; x_wconf 83' lang='lat'>862.</span> 
     </span>
    </p>

    <p class='ocr_par' dir='ltr' id='par_1_8' title="bbox 1012 1643 1750 1819">
     <span class='ocr_line' id='line_1_69' title="bbox 1055 1643 1750 1685; baseline 0.001 -10"><span class='ocrx_word' id='word_1_455' title='bbox 1055 1647 1111 1683; x_wconf 77' lang='grc'>25,</span> <span class='ocrx_word' id='word_1_456' title='bbox 1158 1645 1361 1677; x_wconf 84' lang='lat' dir='ltr'>insertiones</span> <span class='ocrx_word' id='word_1_457' title='bbox 1408 1643 1637 1685; x_wconf 81' lang='lat' dir='ltr'>surculorum]</span> <span class='ocrx_word' id='word_1_458' title='bbox 1691 1643 1750 1676; x_wconf 83' lang='lat' dir='ltr'>Cf.</span> 
     </span>
     <span class='ocr_line' id='line_1_70' title="bbox 1012 1688 1748 1731; baseline 0.001 -11"><span class='ocrx_word' id='word_1_459' title='bbox 1012 1690 1165 1731; x_wconf 73' lang='lat' dir='ltr'>August.</span> <span class='ocrx_word' id='word_1_460' title='bbox 1193 1700 1249 1730; x_wconf 84' lang='lat' dir='ltr'>ep.</span> <span class='ocrx_word' id='word_1_461' title='bbox 1273 1692 1334 1729; x_wconf 87' lang='lat'>20,</span> <span class='ocrx_word' id='word_1_462' title='bbox 1359 1691 1414 1719; x_wconf 84' lang='lat'>20.</span> <span class='ocrx_word' id='word_1_463' title='bbox 1439 1688 1626 1721; x_wconf 84' lang='lat' dir='ltr'>insertio</span> <span class='ocrx_word' id='word_1_464' title='bbox 1652 1688 1748 1721; x_wconf 81' lang='lat' dir='ltr'>olea-</span> 
     </span>
     <span class='ocr_line' id='line_1_71' title="bbox 1012 1733 1747 1772; baseline -0.001 -7"><span class='ocrx_word' id='word_1_465' title='bbox 1012 1735 1092 1772; x_wconf 82' lang='lat' dir='ltr'>stri,</span> <span class='ocrx_word' id='word_1_466' title='bbox 1120 1733 1261 1765; x_wconf 87' lang='lat' dir='ltr'>Colum.</span> <span class='ocrx_word' id='word_1_467' title='bbox 1288 1733 1416 1765; x_wconf 81' lang='lat' dir='ltr'>Arbor.</span> <span class='ocrx_word' id='word_1_468' title='bbox 1440 1736 1479 1771; x_wconf 79' lang='lat'>8,</span> <span class='ocrx_word' id='word_1_469' title='bbox 1505 1734 1527 1764; x_wconf 86' lang='lat'>2</span> <span class='ocrx_word' id='word_1_470' title='bbox 1551 1736 1587 1764; x_wconf 84' lang='lat' dir='ltr'>et</span> <span class='ocrx_word' id='word_1_471' title='bbox 1606 1734 1638 1763; x_wconf 90' lang='lat'>3.</span> <span class='ocrx_word' id='word_1_472' title='bbox 1668 1743 1747 1765; x_wconf 87' lang='lat' dir='ltr'>sur-</span> 
     </span>
     <span class='ocr_line' id='line_1_72' title="bbox 1013 1776 1749 1819; baseline 0 -10"><span class='ocrx_word' id='word_1_473' title='bbox 1013 1779 1110 1809; x_wconf 86' lang='lat' dir='ltr'>culus</span> <span class='ocrx_word' id='word_1_474' title='bbox 1132 1778 1330 1810; x_wconf 85' lang='lat' dir='ltr'>insertus.</span> <span class='ocrx_word' id='word_1_475' title='bbox 1358 1776 1515 1819; x_wconf 82' lang='lat' dir='ltr'>Saepius</span> <span class='ocrx_word' id='word_1_476' title='bbox 1537 1776 1674 1808; x_wconf 83' lang='lat' dir='ltr'>dicitur</span> <span class='ocrx_word' id='word_1_477' title='bbox 1689 1787 1749 1809; x_wconf 80' lang='lat' dir='ltr'>ar-</span> 
     </span>
    </p>
   </div>
   <div class='ocr_carea' id='block_1_7' title="bbox 1005 1820 1748 2481">
    <p class='ocr_par' dir='ltr' id='par_1_9' title="bbox 1011 1820 1748 1951">
     <span class='ocr_line' id='line_1_73' title="bbox 1012 1820 1746 1863; baseline -0.001 -9"><span class='ocrx_word' id='word_1_478' title='bbox 1012 1823 1128 1854; x_wconf 87' lang='lat' dir='ltr'>borum</span> <span class='ocrx_word' id='word_1_479' title='bbox 1159 1823 1363 1859; x_wconf 53' lang='lat' dir='ltr'>insitionem</span> <span class='ocrx_word' id='word_1_480' title='bbox 1397 1822 1445 1853; x_wconf 80' lang='lat' dir='ltr'>cf.</span> <span class='ocrx_word' id='word_1_481' title='bbox 1472 1821 1549 1853; x_wconf 80' lang='lat' dir='ltr'>Cic.</span> <span class='ocrx_word' id='word_1_482' title='bbox 1576 1820 1663 1853; x_wconf 89' lang='lat' dir='ltr'>Sen.</span> <span class='ocrx_word' id='word_1_483' title='bbox 1691 1823 1746 1863; x_wconf 86' lang='lat'>15,</span> 
     </span>
     <span class='ocr_line' id='line_1_74' title="bbox 1011 1865 1748 1907; baseline 0 -10"><span class='ocrx_word' id='word_1_484' title='bbox 1011 1869 1088 1907; x_wconf 56' lang='lat'>54„</span> <span class='ocrx_word' id='word_1_485' title='bbox 1120 1866 1215 1898; x_wconf 88' lang='lat' dir='ltr'>Plin.</span> <span class='ocrx_word' id='word_1_486' title='bbox 1246 1866 1287 1898; x_wconf 92' lang='lat' dir='ltr'>N.</span> <span class='ocrx_word' id='word_1_487' title='bbox 1315 1866 1361 1897; x_wconf 88' lang='lat' dir='ltr'>H.</span> <span class='ocrx_word' id='word_1_488' title='bbox 1397 1865 1515 1906; x_wconf 83' lang='lat' dir='ltr'>xvn,</span> <span class='ocrx_word' id='word_1_489' title='bbox 1543 1866 1595 1897; x_wconf 80' lang='lat'>14.</span> <span class='ocrx_word' id='word_1_490' title='bbox 1625 1876 1655 1897; x_wconf 76' lang='grc' dir='ltr'><strong>ε.</strong></span> <span class='ocrx_word' id='word_1_491' title='bbox 1678 1867 1748 1907; x_wconf 80' lang='grc'><strong>24.,</strong></span> 
     </span>
     <span class='ocr_line' id='line_1_75' title="bbox 1012 1908 1690 1951; baseline -0.001 -8"><span class='ocrx_word' id='word_1_492' title='bbox 1012 1911 1157 1943; x_wconf 85' lang='lat' dir='ltr'>Colum.</span> <span class='ocrx_word' id='word_1_493' title='bbox 1184 1911 1223 1951; x_wconf 82' lang='lat' dir='ltr'>V,</span> <span class='ocrx_word' id='word_1_494' title='bbox 1252 1913 1317 1951; x_wconf 88' lang='grc'><strong>11.,</strong></span> <span class='ocrx_word' id='word_1_495' title='bbox 1343 1909 1486 1942; x_wconf 71' lang='lat' dir='ltr'>Panae.</span> <span class='ocrx_word' id='word_1_496' title='bbox 1510 1908 1574 1941; x_wconf 84' lang='lat' dir='ltr'>lib.</span> <span class='ocrx_word' id='word_1_497' title='bbox 1598 1909 1690 1942; x_wconf 82' lang='lat' dir='ltr'>XIV.</span> 
     </span>
    </p>

    <p class='ocr_par' dir='ltr' id='par_1_10' title="bbox 1005 1953 1747 2087">
     <span class='ocr_line' id='line_1_76' title="bbox 1052 1953 1747 1998; baseline 0 -11"><span class='ocrx_word' id='word_1_498' title='bbox 1052 1966 1296 1998; x_wconf 82' lang='lat' dir='ltr'>pomorumque</span> <span class='ocrx_word' id='word_1_499' title='bbox 1317 1953 1550 1997; x_wconf 76' lang='lat' dir='ltr'>educationes]</span> <span class='ocrx_word' id='word_1_500' title='bbox 1574 1953 1630 1986; x_wconf 84' lang='lat' dir='ltr'>Cf.</span> <span class='ocrx_word' id='word_1_501' title='bbox 1649 1953 1747 1987; x_wconf 72' lang='lat' dir='ltr'>Ptin.</span> 
     </span>
     <span class='ocr_line' id='line_1_77' title="bbox 1010 1999 1746 2039; baseline 0 -8"><span class='ocrx_word' id='word_1_502' title='bbox 1010 2000 1051 2032; x_wconf 80' lang='lat' dir='ltr'>N.</span> <span class='ocrx_word' id='word_1_503' title='bbox 1079 2000 1122 2030; x_wconf 86' lang='grc' dir='ltr'><strong>Η.</strong></span> <span class='ocrx_word' id='word_1_504' title='bbox 1151 1999 1242 2039; x_wconf 75' lang='grc' dir='ltr'>ΧΠ,</span> <span class='ocrx_word' id='word_1_505' title='bbox 1267 2002 1323 2031; x_wconf 86' lang='grc'>25.</span> <span class='ocrx_word' id='word_1_506' title='bbox 1349 2010 1378 2031; x_wconf 84' lang='lat' dir='ltr'>s.</span> <span class='ocrx_word' id='word_1_507' title='bbox 1403 2001 1458 2031; x_wconf 86' lang='lat'>39.</span> <span class='ocrx_word' id='word_1_508' title='bbox 1484 1999 1685 2031; x_wconf 82' lang='lat' dir='ltr'>educatio</span> <span class='ocrx_word' id='word_1_509' title='bbox 1709 1999 1746 2031; x_wconf 82' lang='lat' dir='ltr'>in</span> 
     </span>
     <span class='ocr_line' id='line_1_78' title="bbox 1005 2049 1188 2087; baseline 0 -12"><span class='ocrx_word' id='word_1_510' title='bbox 1005 2055 1108 2087; x_wconf 86' lang='lat' dir='ltr'>pomo</span> <span class='ocrx_word' id='word_1_511' title='bbox 1129 2049 1188 2076; x_wconf 84' lang='lat' dir='ltr'>est.</span> 
     </span>
    </p>

    <p class='ocr_par' dir='ltr' id='par_1_11' title="bbox 1008 2086 1747 2252">
     <span class='ocr_line' id='line_1_79' title="bbox 1054 2086 1746 2128; baseline -0.001 -9"><span class='ocrx_word' id='word_1_512' title='bbox 1054 2088 1203 2120; x_wconf 83' lang='lat' dir='ltr'>omnium</span> <span class='ocrx_word' id='word_1_513' title='bbox 1238 2086 1474 2119; x_wconf 80' lang='lat' dir='ltr'>huiuscemodi</span> <span class='ocrx_word' id='word_1_514' title='bbox 1502 2086 1682 2128; x_wconf 84' lang='lat' dir='ltr'>fertilium</span> <span class='ocrx_word' id='word_1_515' title='bbox 1711 2109 1746 2119; x_wconf 91' lang='lat'>..</span> 
     </span>
     <span class='ocr_line' id='line_1_80' title="bbox 1008 2129 1747 2174; baseline -0.003 -11"><span class='ocrx_word' id='word_1_516' title='bbox 1008 2131 1225 2174; x_wconf 84' lang='lat' dir='ltr'>disciplinas]</span> <span class='ocrx_word' id='word_1_517' title='bbox 1260 2131 1282 2163; x_wconf 87' lang='lat' dir='ltr'>i.</span> <span class='ocrx_word' id='word_1_518' title='bbox 1307 2142 1338 2162; x_wconf 85' lang='lat' dir='ltr'>e.</span> <span class='ocrx_word' id='word_1_519' title='bbox 1371 2130 1492 2162; x_wconf 77' lang='lat' dir='ltr'>omnia</span> <span class='ocrx_word' id='word_1_520' title='bbox 1517 2141 1608 2172; x_wconf 80' lang='lat' dir='ltr'>quae</span> <span class='ocrx_word' id='word_1_521' title='bbox 1633 2129 1747 2172; x_wconf 85' lang='lat' dir='ltr'>perti-</span> 
     </span>
     <span class='ocr_line' id='line_1_81' title="bbox 1009 2174 1745 2208; baseline -0.001 -1"><span class='ocrx_word' id='word_1_522' title='bbox 1009 2180 1094 2207; x_wconf 82' lang='lat' dir='ltr'>nent</span> <span class='ocrx_word' id='word_1_523' title='bbox 1145 2176 1189 2208; x_wconf 86' lang='lat' dir='ltr'>ad</span> <span class='ocrx_word' id='word_1_524' title='bbox 1243 2176 1416 2207; x_wconf 83' lang='lat' dir='ltr'>arborum</span> <span class='ocrx_word' id='word_1_525' title='bbox 1469 2174 1745 2207; x_wconf 79' lang='lat' dir='ltr'>fructiferarum</span> 
     </span>
     <span class='ocr_line' id='line_1_82' title="bbox 1010 2221 1207 2252; baseline -0.005 -1"><span class='ocrx_word' id='word_1_526' title='bbox 1010 2221 1207 2252; x_wconf 82' lang='lat' dir='ltr'>culturam.</span> 
     </span>
    </p>

    <p class='ocr_par' dir='ltr' id='par_1_12' title="bbox 1008 2260 1748 2438">
     <span class='ocr_line' id='line_1_83' title="bbox 1044 2260 1748 2306; baseline -0.001 -11"><span class='ocrx_word' id='word_1_527' title='bbox 1044 2264 1126 2306; x_wconf 83' lang='lat' dir='ltr'>ficis</span> <span class='ocrx_word' id='word_1_528' title='bbox 1156 2263 1347 2295; x_wconf 83' lang='lat' dir='ltr'>recentibus</span> <span class='ocrx_word' id='word_1_529' title='bbox 1382 2261 1606 2303; x_wconf 79' lang='lat' dir='ltr'>coronantur]</span> <span class='ocrx_word' id='word_1_530' title='bbox 1645 2260 1748 2294; x_wconf 70' lang='lat' dir='ltr'>Finis</span> 
     </span>
     <span class='ocr_line' id='line_1_84' title="bbox 1008 2306 1745 2347; baseline -0.003 -7"><span class='ocrx_word' id='word_1_531' title='bbox 1008 2307 1124 2340; x_wconf 82' lang='lat' dir='ltr'>aridis</span> <span class='ocrx_word' id='word_1_532' title='bbox 1173 2306 1463 2339; x_wconf 76' lang='lat' dir='ltr'>redinniebantur</span> <span class='ocrx_word' id='word_1_533' title='bbox 1513 2306 1660 2347; x_wconf 83' lang='lat' dir='ltr'>puellae</span> <span class='ocrx_word' id='word_1_534' title='bbox 1708 2306 1745 2338; x_wconf 86' lang='lat' dir='ltr'>in</span> 
     </span>
     <span class='ocr_line' id='line_1_85' title="bbox 1009 2349 1746 2394; baseline 0 -10"><span class='ocrx_word' id='word_1_535' title='bbox 1009 2351 1198 2394; x_wconf 79' lang='lat' dir='ltr'>mysteriis</span> <span class='ocrx_word' id='word_1_536' title='bbox 1223 2351 1430 2384; x_wconf 80' lang='lat' dir='ltr'>Bacchicis.</span> <span class='ocrx_word' id='word_1_537' title='bbox 1466 2349 1546 2382; x_wconf 79' lang='lat' dir='ltr'>Vid.</span> <span class='ocrx_word' id='word_1_538' title='bbox 1572 2351 1746 2384; x_wconf 84' lang='lat' dir='ltr'>Creuzer.</span> 
     </span>
     <span class='ocr_line' id='line_1_86' title="bbox 1010 2397 1209 2438; baseline -0.01 -9"><span class='ocrx_word' id='word_1_539' title='bbox 1010 2397 1068 2429; x_wconf 86' lang='lat' dir='ltr'>lv.</span> <span class='ocrx_word' id='word_1_540' title='bbox 1096 2408 1127 2438; x_wconf 90' lang='lat' dir='ltr'>p.</span> <span class='ocrx_word' id='word_1_541' title='bbox 1155 2398 1209 2428; x_wconf 83' lang='lat'>93.</span> 
     </span>
    </p>

    <p class='ocr_par' dir='ltr' id='par_1_13' title="bbox 1053 2438 1744 2481">
     <span class='ocr_line' id='line_1_87' title="bbox 1053 2438 1744 2481; baseline 0 -9"><span class='ocrx_word' id='word_1_542' title='bbox 1053 2446 1171 2473; x_wconf 86' lang='lat' dir='ltr'>mutuo</span> <span class='ocrx_word' id='word_1_543' title='bbox 1204 2439 1393 2481; x_wconf 83' lang='lat' dir='ltr'>missitant]</span> <span class='ocrx_word' id='word_1_544' title='bbox 1425 2438 1481 2471; x_wconf 73' lang='lat' dir='ltr'>Cf.</span> <span class='ocrx_word' id='word_1_545' title='bbox 1508 2439 1529 2479; x_wconf 68' lang='grc' dir='ltr'><strong>ἓ</strong></span> <span class='ocrx_word' id='word_1_546' title='bbox 1555 2440 1600 2471; x_wconf 82' lang='grc'><strong>32</strong></span> <span class='ocrx_word' id='word_1_547' title='bbox 1628 2442 1664 2471; x_wconf 88' lang='lat' dir='ltr'>et</span> <span class='ocrx_word' id='word_1_548' title='bbox 1689 2440 1744 2472; x_wconf 89' lang='lat'>33.</span> 
     </span>
    </p>
   </div>
   <div class='ocr_carea' id='block_1_8' title="bbox 1012 2486 1744 2567">
    <p class='ocr_par' dir='ltr' id='par_1_14' title="bbox 1012 2486 1744 2567">
     <span class='ocr_line' id='line_1_88' title="bbox 1012 2486 1744 2567; baseline -0.007 -6"><span class='ocrx_word' id='word_1_549' title='bbox 1012 2486 1181 2567; x_wconf 38' lang='lat' dir='ltr'>cerigitis]</span> <span class='ocrx_word' id='word_1_550' title='bbox 1209 2486 1291 2559; x_wconf 40' lang='lat' dir='ltr'>‘iiiuc</span> <span class='ocrx_word' id='word_1_551' title='bbox 1316 2525 1532 2558; x_wconf 81' lang='lat' dir='ltr'>referendae</span> <span class='ocrx_word' id='word_1_552' title='bbox 1557 2528 1641 2557; x_wconf 83' lang='lat' dir='ltr'>sunt</span> <span class='ocrx_word' id='word_1_553' title='bbox 1665 2525 1744 2566; x_wconf 85' lang='lat' dir='ltr'>pla-</span> 
     </span>
    </p>
   </div>
   <div class='ocr_carea' id='block_1_9' title="bbox 1002 2569 1743 2968">
    <p class='ocr_par' dir='ltr' id='par_1_15' title="bbox 1002 2569 1743 2968">
     <span class='ocr_line' id='line_1_89' title="bbox 1009 2569 1742 2611; baseline -0.005 -7"><span class='ocrx_word' id='word_1_554' title='bbox 1009 2579 1147 2606; x_wconf 80' lang='lat' dir='ltr'>centae.</span> <span class='ocrx_word' id='word_1_555' title='bbox 1181 2573 1236 2604; x_wconf 80' lang='lat' dir='ltr'>Cf.</span> <span class='ocrx_word' id='word_1_556' title='bbox 1265 2572 1320 2609; x_wconf 85' lang='grc' dir='ltr'>ΙΙ,</span> <span class='ocrx_word' id='word_1_557' title='bbox 1348 2574 1387 2611; x_wconf 83' lang='grc'>8,</span> <span class='ocrx_word' id='word_1_558' title='bbox 1413 2572 1463 2609; x_wconf 84' lang='grc'>3.,</span> <span class='ocrx_word' id='word_1_559' title='bbox 1501 2570 1590 2601; x_wconf 84' lang='lat' dir='ltr'>Hor.</span> <span class='ocrx_word' id='word_1_560' title='bbox 1621 2569 1685 2611; x_wconf 79' lang='lat' dir='ltr'>Ep.</span> <span class='ocrx_word' id='word_1_561' title='bbox 1712 2569 1742 2609; x_wconf 89' lang='grc' dir='ltr'>Ι,</span> 
     </span>
     <span class='ocr_line' id='line_1_90' title="bbox 1012 2614 1743 2657; baseline -0.005 -8"><span class='ocrx_word' id='word_1_562' title='bbox 1012 2621 1069 2656; x_wconf 79' lang='lat' dir='ltr'>lo,</span> <span class='ocrx_word' id='word_1_563' title='bbox 1103 2621 1154 2649; x_wconf 88' lang='grc'>11.</span> <span class='ocrx_word' id='word_1_564' title='bbox 1211 2617 1303 2648; x_wconf 84' lang='lat' dir='ltr'>Pane</span> <span class='ocrx_word' id='word_1_565' title='bbox 1334 2625 1418 2657; x_wconf 79' lang='lat' dir='ltr'>egeo</span> <span class='ocrx_word' id='word_1_566' title='bbox 1453 2614 1522 2645; x_wconf 80' lang='lat' dir='ltr'>iam</span> <span class='ocrx_word' id='word_1_567' title='bbox 1554 2614 1743 2646; x_wconf 79' lang='lat' dir='ltr'>mellitis</span> 
     </span>
     <span class='ocr_line' id='line_1_91' title="bbox 1005 2658 1712 2705; baseline -0.006 -12"><span class='ocrx_word' id='word_1_568' title='bbox 1005 2663 1138 2705; x_wconf 84' lang='lat' dir='ltr'>potiore</span> <span class='ocrx_word' id='word_1_569' title='bbox 1158 2660 1394 2703; x_wconf 46' lang='lat' dir='ltr'>placenti&amp;</span> <span class='ocrx_word' id='word_1_570' title='bbox 1414 2659 1505 2690; x_wconf 82' lang='lat' dir='ltr'>Cato</span> <span class='ocrx_word' id='word_1_571' title='bbox 1531 2658 1573 2689; x_wconf 88' lang='lat' dir='ltr'>R.</span> <span class='ocrx_word' id='word_1_572' title='bbox 1594 2658 1637 2689; x_wconf 81' lang='lat' dir='ltr'>R.</span> <span class='ocrx_word' id='word_1_573' title='bbox 1659 2661 1712 2690; x_wconf 86' lang='grc'><strong>76.</strong></span> 
     </span>
     <span class='ocr_line' id='line_1_92' title="bbox 1049 2701 1740 2747; baseline -0.009 -9"><span class='ocrx_word' id='word_1_574' title='bbox 1049 2709 1228 2747; x_wconf 83' lang='lat' dir='ltr'>fructuum</span> <span class='ocrx_word' id='word_1_575' title='bbox 1252 2702 1471 2747; x_wconf 83' lang='lat' dir='ltr'>repertorem]</span> <span class='ocrx_word' id='word_1_576' title='bbox 1504 2701 1556 2733; x_wconf 89' lang='lat' dir='ltr'>Cf.</span> <span class='ocrx_word' id='word_1_577' title='bbox 1581 2713 1609 2733; x_wconf 91' lang='lat' dir='ltr'>c.</span> <span class='ocrx_word' id='word_1_578' title='bbox 1639 2704 1690 2733; x_wconf 88' lang='lat'>10.</span> <span class='ocrx_word' id='word_1_579' title='bbox 1723 2702 1740 2744; x_wconf 85' lang='lat'><strong>§</strong></span> 
     </span>
     <span class='ocr_line' id='line_1_93' title="bbox 1011 2748 1742 2792; baseline -0.004 -11"><span class='ocrx_word' id='word_1_580' title='bbox 1011 2752 1062 2781; x_wconf 88' lang='grc'><strong>19.</strong></span> <span class='ocrx_word' id='word_1_581' title='bbox 1088 2750 1178 2792; x_wconf 75' lang='lat' dir='ltr'>quod</span> <span class='ocrx_word' id='word_1_582' title='bbox 1200 2749 1373 2781; x_wconf 83' lang='lat' dir='ltr'>Saturnus</span> <span class='ocrx_word' id='word_1_583' title='bbox 1397 2748 1536 2789; x_wconf 84' lang='lat' dir='ltr'>eiusque</span> <span class='ocrx_word' id='word_1_584' title='bbox 1558 2757 1645 2778; x_wconf 66' lang='lat' dir='ltr'>uror</span> <span class='ocrx_word' id='word_1_585' title='bbox 1668 2751 1742 2778; x_wconf 86' lang='lat' dir='ltr'>tam</span> 
     </span>
     <span class='ocr_line' id='line_1_94' title="bbox 1002 2795 1742 2838; baseline -0.005 -12"><span class='ocrx_word' id='word_1_586' title='bbox 1002 2797 1154 2838; x_wconf 81' lang='lat' dir='ltr'>frugum</span> <span class='ocrx_word' id='word_1_587' title='bbox 1181 2804 1283 2836; x_wconf 83' lang='lat' dir='ltr'>quam</span> <span class='ocrx_word' id='word_1_588' title='bbox 1304 2795 1526 2833; x_wconf 86' lang='lat' dir='ltr'>fructuum</span> <span class='ocrx_word' id='word_1_589' title='bbox 1555 2795 1742 2832; x_wconf 86' lang='lat' dir='ltr'>reperto-</span> 
     </span>
     <span class='ocr_line' id='line_1_95' title="bbox 1008 2835 1742 2876; baseline -0.008 -5"><span class='ocrx_word' id='word_1_590' title='bbox 1008 2850 1074 2871; x_wconf 90' lang='lat' dir='ltr'>res</span> <span class='ocrx_word' id='word_1_591' title='bbox 1099 2849 1169 2870; x_wconf 86' lang='lat' dir='ltr'>esse</span> <span class='ocrx_word' id='word_1_592' title='bbox 1193 2838 1390 2869; x_wconf 83' lang='lat' dir='ltr'>credantur.</span> <span class='ocrx_word' id='word_1_593' title='bbox 1433 2835 1565 2867; x_wconf 82' lang='lat' dir='ltr'>Arnob.</span> <span class='ocrx_word' id='word_1_594' title='bbox 1590 2835 1661 2876; x_wconf 81' lang='grc' dir='ltr'>ΙΙΙ,</span> <span class='ocrx_word' id='word_1_595' title='bbox 1686 2837 1742 2866; x_wconf 89' lang='grc'>29.</span> 
     </span>
     <span class='ocr_line' id='line_1_96' title="bbox 1007 2878 1741 2923; baseline -0.008 -7"><span class='ocrx_word' id='word_1_596' title='bbox 1007 2883 1282 2916; x_wconf 82' lang='lat' dir='ltr'>vitisatorem</span> <span class='ocrx_word' id='word_1_597' title='bbox 1295 2880 1520 2923; x_wconf 75' lang='lat' dir='ltr'>falciferum,</span> <span class='ocrx_word' id='word_1_598' title='bbox 1543 2878 1602 2919; x_wconf 86' lang='lat' dir='ltr'>lv,</span> <span class='ocrx_word' id='word_1_599' title='bbox 1619 2881 1651 2911; x_wconf 87' lang='lat'>9.</span> <span class='ocrx_word' id='word_1_600' title='bbox 1672 2879 1741 2911; x_wconf 89' lang='lat' dir='ltr'>Sa-</span> 
     </span>
     <span class='ocr_line' id='line_1_97' title="bbox 1007 2923 1741 2968; baseline -0.005 -8"><span class='ocrx_word' id='word_1_601' title='bbox 1007 2932 1145 2960; x_wconf 84' lang='lat' dir='ltr'>turnum</span> <span class='ocrx_word' id='word_1_602' title='bbox 1171 2926 1365 2968; x_wconf 80' lang='lat' dir='ltr'>praesidem</span> <span class='ocrx_word' id='word_1_603' title='bbox 1398 2924 1567 2958; x_wconf 79' lang='lat' dir='ltr'>sativis.</span> <span class='ocrx_word' id='word_1_604' title='bbox 1616 2923 1741 2967; x_wconf 83' lang='lat' dir='ltr'>Augu-</span> 
     </span>
    </p>
   </div>
  </div>
 </body>
</html>
