1844 3168
349 40 826 87 SATURNALIORUM
857 40 957 81 LIB.
989 41 1041 81 ΙΙ.
1079 39 1199 83 CAP.
1230 39 1298 81 Vl.
1328 41 1419 81 VII.
1569 40 1653 81 249

110 157 326 199 serebatur:
377 157 586 211 Inqenium
627 154 774 195 Galbae
814 154 912 194 male
955 153 1111 194 ludn'tat.
1183 153 1228 193 In
1273 151 1441 192 eundem
1486 150 1693 192 Galba1n4

111 213 290 256 Orbilius
339 212 621 266 grammaticus
672 210 854 251 acerbius
906 210 1043 249 inrisit.
1124 208 1332 249 prodierat
1384 207 1564 248 Orbilius
1616 208 1655 248 in

111 284 223 311 reum
257 269 381 309 testis.
440 270 571 318 Quem
609 268 733 307 (ialba
767 272 810 306 ut
839 266 1111 311 confunderet,
1139 264 1384 303 dissimulata
1413 263 1657 317 professione

110 327 196 367 eius
233 325 504 378 interrogauit:
550 324 658 372 Ouid
696 324 841 363 artium
876 324 1001 376 sacis?
1057 320 1295 373 Respondit:
1341 321 1389 359 Ιιι
1422 321 1498 360 sole
1526 321 1657 373 (Jibbos

109 384 210 423 soleo
235 383 395 436 fricare.
476 382 515 419 L.
551 379 767 426 (jam-ilius,
813 392 901 417 cum
936 377 978 416 (1.
1009 378 1155 417 Caesar
1186 375 1270 414 aliis
1303 376 1368 428 qui
1412 390 1545 416 sei-uin
1580 377 1695 430 pilai]

110 438 327 479 lusitabant
366 441 529 476 centena
565 435 760 481 sestertia,
812 433 863 472 illi
907 432 972 472 uni
1012 432 1299 485 quinquaginta
1336 432 1418 470 (lari
1462 432 1656 473 iussisset:

111 495 244 543 Quid?
274 509 358 547 eqo,
390 492 531 545 inquit,
562 507 643 532 una
672 505 793 530 utana
821 489 942 529 ludo?
1011 490 1111 529 Cum
1148 488 1271 527 iratus
1303 501 1388 527 esse
1418 488 1461 527 l'.
1492 488 1695 528 (Ilmliusti

109 551 159 590 l).
189 540 358 591 Laberio
390 549 600 595 (liceretur,
633 546 742 599 quod
773 544 807 585 ei
842 544 1006 585 inimum
1035 543 1183 598 petenti
1214 558 1292 583 non
1326 543 1516 583 dedisset:
1551 546 1658 592 Quid

110 608 291 662 (anplius,
324 604 464 657 inquit,
494 604 593 643 nu'lei
614 605 794 657 siu-Imus
817 617 865 649 es,
894 602 975 641 nisi
1000 609 1041 641 ut
1068 600 1365 656 Dyrrhachium
1396 615 1479 641 eam
1509 608 1540 641 el
1572 602 1657 642 reil-

109 665 218 704 eam?
246 661 384 701 ludens
409 659 456 699 ad
484 658 690 699 Ciceronis
718 657 891 697 exilium.

220 717 311 756 vll.
377 715 455 755 Sed
492 715 585 768 quia
621 718 661 754 et
695 714 813 767 paulo
851 718 942 753 ante
975 711 1164 753 Aurelius
1200 712 1461 766 Symmachus
1502 717 1541 752 et
1583 713 1692 765 egel

107 787 213 814 nune
248 771 405 812 Laberii
440 770 606 811 fecimus
641 770 907 817 mentionem,
957 768 986 808 si
1029 768 1162 821 aliqua
1206 768 1324 809 buius
1364 775 1485 823 atque
1522 769 1656 809 Publii

106 829 211 869 dicta
250 827 488 876 reseremus,
539 827 765 868 videbimur
797 831 836 866 ct
875 825 1089 866 adhibendi
1126 825 1306 865 comino
1341 825 1484 865 mimos
1514 825 1658 866 vitasse

107 884 308 925 lasciviam
338 889 377 924 et
403 889 535 923 tamen
563 883 852 930 eelelnitatem,
890 896 1031 936 (lilani,
1066 895 1156 921 cum
1188 882 1358 930 adsunt,
1404 881 1455 921 illi
1486 881 1658 922 excitare

107 941 363 995 pollicentur,
406 939 563 979 imitari.
638 938 850 979 Laberium
885 951 1047 992 asperae
1080 937 1273 978 libertatis
1303 937 1478 992 equitem
1510 936 1697 978 Roma-'2

109 1011 205 1038 num
238 998 385 1039 Caesar
413 995 640 1050 quingentis
680 995 838 1036 milibus
873 993 1051 1035 imitavit
1082 999 1128 1035 ut
1156 993 1334 1048 prodiret
1361 994 1401 1034 in
1429 1008 1588 1035 scenam
1620 1000 1659 1035 et

1164 1107 1255 1140 Edd.
1282 1106 1565 1151 vicahgspdzb]

108 1165 165 1195 v3.
304 1165 336 1196 4.
376 1163 496 1195 inruit
522 1162 565 1194 G.
587 1181 632 1187 —
660 1162 731 1195 eius
755 1163 968 1206 professione
993 1173 1073 1205 v-g.
1102 1180 1136 1186 -—
1168 1163 1277 1204 Quod
1305 1164 1527 1203 artificium
1554 1164 1657 1196 s-bl'.

108 1226 149 1231 —-
168 1208 303 1249 fricare
326 1208 416 1239 soleo
442 1218 521 1249 τηις.
658 1211 691 1239 5.
732 1208 917 1240 Lucilius
941 1208 1080 1239 cecilius
1100 1207 1173 1239 AG.
1223 1208 1260 1239 L.
1286 1209 1399 1240 Celius
1424 1212 1520 1250 (sup.
1549 1210 1595 1247 ci)
1621 1208 1658 1241 S.

106 1271 149 1329 iT.
174 1252 581 1336 “ff-“¹”iu‘i1l23'ific1‘3'i‘ii
593 1263 710 1339 ι”ζὲζὶ
721 1252 811 1334 suli}
824 1253 1166 1328 ³1Z¹issss5ssi¹¹¹tuffiff³
1182 1252 1253 1328 ⁸¹23}
1278 1258 1571 1330 {dllqssi'fssa'i'ssfs
1585 1264 1659 1330 ⁰3¹⁷·

107 1341 207 1381 ludo,
247 1345 284 1372 et
312 1352 392 1372 ηοη
422 1341 608 1383 duabus,
647 1342 810 1384 utplus
835 1341 992 1373 habere
1019 1341 1176 1384 possim
1205 1341 1248 1378 (S
1275 1353 1354 1383 sup.
1382 1347 1413 1374 et
1447 1343 1530 1373 add.
1565 1343 1660 1375 scili-

105 1389 175 1423 cet)
220 1385 309 1417 Edd.
348 1385 371 1416 V
411 1385 487 1427 (311
526 1386 610 1417 add.
646 1396 666 1417 a
702 1397 773 1417 sec.
811 1389 877 1423 ni.)
926 1385 1151 1426 „Venustius
1190 1390 1224 1418 et
1266 1386 1414 1418 brevius
1458 1386 1493 1418 in
1531 1387 1661 1429 Angli-

107 1441 217 1462 cano:
262 1429 380 1470 Quid?
415 1441 480 1472 ego
517 1441 587 1461 una
618 1442 723 1462 manu
754 1429 904 1462 ludam?
956 1429 1002 1462 Et
1028 1430 1203 1472 frangunt
1228 1432 1394 1472 profecto
1421 1431 1564 1472 reliqua
1592 1433 1661 1465 illa

107 1479 144 1507 et
180 1474 295 1506 veluti
336 1475 526 1506 elumbant
562 1474 651 1507 dicti
691 1476 893 1517 leporemf‘
932 1475 1039 1506 Pont.
1104 1474 1255 1516 „Neque
1291 1487 1333 1508 ea
1371 1475 1522 1509 exhibet
1560 1478 1660 1509 ullus

109 1519 205 1551 Ms.‘⁶
232 1519 344 1551 Gron.
369 1519 404 1550 in
431 1530 506 1559 mg.
532 1538 574 1543 —
604 1520 645 1551 D.
672 1520 817 1552 Laberio
844 1518 947 1551 s-bS.
992 1520 1075 1552 dec.
1100 1521 1229 1552 laberio
1253 1520 1323 1552 ΜΞ.
1374 1522 1503 1553 decimo
1527 1522 1661 1554 liberio

107 1564 171 1596 PT.
223 1564 361 1595 Decimo
400 1564 557 1595 Valerio
588 1564 991 1606 ABGPt‘v-gutffl’ee.
1031 1582 1071 1587 —
1109 1576 1295 1597 nummum
1324 1565 1431 1607 δῖ’-μ’.
1481 1566 1657 1606 „Vitiosa

107 1607 198 1640 Nam
228 1607 408 1640 Laberius
439 1608 509 1639 suit:
541 1609 714 1640 mimus.“
746 1609 859 1640 Zeun.
895 1609 968 1650 (hg
1001 1608 1036 1640 in
1070 1620 1145 1648 ing.
1173 1610 1344 1647 mimum).
1405 1611 1600 1643 minimum
1630 1611 1659 1643 Λ

110 1655 156 1692 „2
181 1653 327 1691 Anglf‘.
352 1669 393 1675 —
427 1653 513 1684 mihi
538 1653 649 1695 inquit
675 1653 712 1685 S.
737 1671 778 1676 —
804 1654 927 1684 ludens
953 1654 1333 1685 Mss.x>i)lt·23[’2567.
1385 1656 1557 1688 alludens
1583 1657 1659 1688 c-b.

199 1696 275 1728 vn.
333 1698 446 1738 Caput
481 1697 559 1728 ΓΠ.
610 1698 659 1730 Dc
691 1698 870 1729 sententiis
903 1709 942 1728 ac
968 1698 1069 1729 dictis
1099 1698 1236 1729 Laberii
1261 1704 1293 1730 et
1323 1700 1439 1731 Publii
1466 1701 1661 1743 mimogra-

106 1741 271 1784 phorum:
301 1741 409 1783 deque
440 1741 570 1783 Pylade
595 1753 636 1772 ac
663 1742 755 1783 Hyla
781 1742 1016 1773 histrionibus.
1043 1742 1144 1773 cli-b.
1212 1744 1294 1783 Cap,
1326 1744 1430 1775 XIII.
1471 1744 1521 1776 De
1548 1745 1659 1776 Labe-

108 1786 169 1817 rio.
197 1785 245 1816 vi.
388 1787 416 1815 1.
455 1785 563 1826 paulo
588 1785 682 1827 ante]
710 1797 736 1817 c.
761 1788 793 1817 3.
817 1788 836 1825 ἓ
865 1789 912 1817 10.
943 1804 983 1808 -
1019 1785 1121 1828 ηιιιισ]
1144 1797 1172 1817 c.
1199 1788 1229 1817 6.
1257 1789 1276 1826 ,ὃ
1298 1790 1328 1818 6.
1357 1806 1395 1811 -
1433 1793 1519 1821 tunc
1545 1789 1581 1820 h.
1616 1806 1658 1812 —

108 1829 277 1862 imitari
302 1828 493 1861 videbimur
524 1832 576 1860 vl.
624 1831 816 1862 videbimur
843 1830 943 1868 (add.
971 1840 991 1861 a
1017 1842 1044 1861 s.
1068 1842 1114 1862 in.
1138 1831 1287 1868 imitari)
1311 1831 1360 1862 M.
1394 1851 1439 1856 —
1472 1834 1661 1865 adhibendi

109 1878 208 1916 [sup.
233 1874 269 1913 o)
296 1873 339 1906 G.
367 1892 405 1896 —
432 1874 556 1905 minos
581 1874 624 1905 G.
651 1892 693 1897 —
720 1881 751 1907 et
775 1886 862 1906 eam
887 1875 1116 1907 celebritatem
1144 1876 1318 1907 imitari
1343 1878 1396 1908 x3.
1423 1896 1464 1901 -—
1489 1879 1659 1921 pollicen-

111 1924 167 1952 tur
201 1930 221 1950 v
249 1929 319 1950 om.
353 1918 507 1957 imitari3
545 1919 593 1950 Μ.
622 1918 694 1951 del.
722 1919 864 1952 imitari.
907 1919 1152 1961 „praeoptem
1179 1920 1357 1953 imitati.“
1384 1921 1488 1954 Pont.
1624 1925 1658 1956 2.

153 2030 185 2062 4.
247 2029 286 2060 In
329 2028 472 2060 eundem
524 2029 685 2072 Galbam]
733 2028 852 2061 Aliter

920 2028 1067 2071 quidem
1104 2029 1251 2063 fuerunt
1288 2032 1461 2073 aequales
1494 2031 1659 2074 Caesari,

109 2073 309 2106 Suetonius
337 2084 490 2115 graium.
515 2076 568 2105 9.:
609 2077 658 2107 Ac
684 2086 726 2106 ne
751 2076 850 2117 prin-

919 2074 1013 2106 haec
1044 2086 1103 2107 res
1137 2075 1290 2118 indigna
1323 2088 1404 2109 esse
1431 2077 1523 2109 milii
1557 2077 1659 2109 vide-

110 2119 224 2161 cipum
265 2118 400 2160 quidem
439 2118 588 2150 virorum
627 2120 852 2152 insectatione

109 2163 275 2195 abstinuit
291 2162 514 2203 (Orbilius):
541 2164 571 2194 si
590 2164 725 2206 quidem
746 2165 850 2206 igno-

108 2213 164 2240 tus
183 2207 308 2245 adhuc,
328 2218 430 2249 quum
455 2208 583 2239 iudicio
597 2209 777 2250 frequenti
800 2214 850 2241 te-

108 2251 307 2284 stimonium
353 2251 497 2291 diceret,
547 2253 785 2295 interrogatus
827 2264 849 2283 a

117 2297 313 2326 Varrone
339 2296 496 2328 diversae
519 2297 631 2338 partis
661 2298 851 2329 advocato.-

115 2339 292 2380 Quidnam
315 2345 437 2381 ageret
461 2345 491 2372 et
516 2352 580 2381 quo
604 2342 751 2381 artificio
776 2347 851 2373 ute-

110 2382 231 2415 retur?
275 2383 474 2415 Gibberosos
499 2395 532 2415 se
557 2385 598 2415 de
623 2386 693 2416 sole
716 2386 751 2417 in
775 2397 851 2417 um-

111 2429 207 2460 bram
259 2428 450 2465 transferre
498 2429 694 2470 respondit,
759 2430 851 2471 quod

117 2473 295 2504 Murena
329 2472 450 2514 gibber
482 2478 568 2504 erat.
615 2473 667 2503 De
703 2473 774 2505 hoc
806 2473 848 2505 Α.

112 2515 290 2548 Terentio
349 2515 510 2547 Varrone
566 2516 720 2549 Murena
777 2517 851 2549 vid.

111 2560 312 2592 Real-Enc.
340 2559 399 2600 lv,
428 2572 459 2602 p.
488 2563 583 2592 1075.

162 2605 315 2636 Orbilius
339 2605 606 2647 grammaticus]
639 2605 704 2637 Est
732 2605 852 2636 Hora-

112 2649 156 2682 tii
186 2649 253 2681 ille
281 2654 501 2691 praeceptor
533 2661 638 2691 quem
664 2651 852 2692 plagosum

113 2694 279 2736 appellat
304 2693 369 2735 Ep.
395 2694 443 2735 11,
472 2697 501 2735 l,
524 2698 578 2726 70.
620 2694 675 2726 Cf.
702 2694 851 2727 Suc-ton.

115 2738 278 2770 Gramm.
304 2741 334 2770 9.

160 2783 200 2814 In
226 2782 308 2824 sole]
338 2781 392 2814 Cf.
419 2792 449 2813 c.
475 2785 508 2823 7,
530 2784 550 2823 ἓ
573 2786 603 2816 6.
639 2783 756 2816 Paulo
783 2783 852 2816 ali-

116 2827 171 2856 ter
193 2826 343 2858 Sueton.
370 2826 394 2858 l.
419 2837 449 2858 c.

158 2871 190 2900 5.
242 2871 278 2902 l..
312 2871 516 2913 Caecilium]
554 2871 600 2904 Et
625 2871 664 2904 L.
686 2872 851 2904 Caecilio

117 2913 270 2947 Metello
304 2918 341 2948 et
369 2915 409 2948 L.
438 2915 603 2950 Caecilio
633 2917 752 2959 Rufo,
789 2917 851 2960 qui

919 2123 989 2151 tur.
1031 2119 1082 2151 De
1114 2119 1247 2152 liberto
1271 2121 1396 2164 aliquo
1422 2122 1658 2165 cogitandum

919 2174 1000 2196 esse
1027 2164 1245 2206 putaverim.

964 2219 1029 2251 ego
1060 2221 1129 2241 una
1164 2221 1271 2242 manu
1301 2210 1423 2252 ludo?]
1463 2211 1566 2252 Quae
1598 2209 1659 2242 his

918 2253 1031 2294 vulgo
1058 2254 1315 2294 subiiciuntur,
1336 2266 1378 2287 ea
1401 2256 1580 2287 debentur
1605 2255 1660 2286 in-

920 2298 1153 2339 terpolatori.
1186 2299 1264 2331 vid.
1292 2304 1362 2332 not.
1389 2301 1432 2332 ad
1458 2311 1488 2331 c.
1507 2301 1537 2331 4.
1566 2302 1585 2340 ἓ
1604 2302 1658 2331 31.

963 2355 994 2383 6.
1056 2354 1097 2385 D.
1147 2354 1308 2396 Laberio]
1354 2354 1416 2387 Sic
1459 2355 1658 2397 legendum

920 2407 1001 2428 esse
1032 2401 1067 2429 et
1098 2409 1156 2430 res
1186 2398 1266 2441 ipsa
1299 2400 1404 2432 docet
1435 2403 1470 2431 et
1498 2410 1540 2431 ea
1566 2410 1659 2441 qnae

920 2441 1095 2483 leguntur
1120 2454 1149 2474 c.
1174 2447 1206 2474 7.
1233 2445 1252 2484 §
1277 2446 1327 2483 1.‚
1359 2444 1422 2476 ubi
1448 2443 1658 2476 Macrobius

918 2484 998 2526 ipse
1026 2485 1173 2519 Laberii
1200 2489 1306 2520 modo
1332 2500 1370 2520 se
1398 2488 1531 2520 fecisse
1558 2499 1660 2519 men-

920 2529 1054 2561 tionem
1081 2531 1145 2563 ait.
1194 2532 1272 2565 Yid.
1300 2533 1411 2564 etiam
1443 2543 1473 2563 c.
1499 2535 1531 2572 3,
1558 2532 1573 2573 §
1606 2535 1659 2562 10.

923 2573 1068 2606 Laberio
1101 2575 1247 2608 videtur
1287 2588 1368 2609 esse
1405 2581 1584 2608 mutatum
1622 2576 1658 2608 in

921 2617 1084 2657 lavet-io,
1115 2620 1224 2661 idque
1250 2622 1285 2653 in
1312 2622 1467 2653 valerio.

966 2677 1003 2704 ut
1033 2673 1284 2714 Dyrrhachium
1310 2677 1397 2718 eam]
1424 2675 1479 2707 Cf.
1508 2674 1585 2706 Cic.
1612 2675 1657 2707 ad

922 2715 1007 2747 fam.
1029 2716 1120 2758 xlv,
1147 2722 1176 2758 l,
1194 2723 1223 2751 7.
1249 2725 1283 2751 et
1306 2721 1350 2752 ad
1376 2721 1447 2751 Ait.
1470 2719 1534 2760 Ill,
1552 2722 1607 2759 22,
1625 2725 1656 2752 4.

920 2818 941 2847 6
966 2771 1051 2855 {1¹2⁷
1080 2774 1111 2804 l.
1157 2775 1318 2817 fecimus]
1354 2774 1431 2807 Vid.
1454 2779 1528 2807 not.
1556 2775 1599 2807 ad
1627 2786 1657 2808 c.

946 2841 953 2856 ,
1046 2841 1052 2848 .

964 2873 997 2902 2.
1046 2872 1247 2916 quingentis
1282 2875 1429 2918 milibus]
1468 2886 1518 2908 se.
1552 2886 1657 2908 num-

921 2926 1020 2948 mum
1049 2917 1108 2950 vel
1134 2920 1357 2954 sestertium.
1406 2920 1486 2954 Vid.
1511 2924 1585 2954 not.
1610 2920 1654 2953 ad
