1871 3126
216 43 299 84 232
851 44 1125 87 MACROBII

155 156 203 195 14
328 154 496 194 Dicente
523 152 652 194 adhuc
669 153 906 208 Symmacho
932 160 983 204 et,
1007 160 1052 197 ut
1076 155 1294 206 videbatur,
1314 158 1425 211 plura
1446 159 1601 200 dicturo
1633 159 1753 201 inter-

217 210 360 251 cedens
380 209 568 258 Avienus,
592 214 638 249 ut
668 209 753 250 fieri
782 210 821 250 in
849 212 1099 252 sermonibus
1128 212 1396 255 convivalibus
1423 215 1541 256 solet:
1571 217 1653 258 Nec
1668 220 1753 258 Au-

216 271 368 318 gustus,
396 264 537 318 inquit,
569 265 715 306 Cacsar
744 266 783 306 in
813 266 1045 308 huiusmodi
1074 267 1282 309 dicacitate
1311 283 1514 323 quoquam
1546 272 1687 321 minor,
1717 278 1756 314 et

216 322 383 361 sortasse
414 334 485 361 nec
516 321 666 362 Tullio:
699 327 756 370 ct,
787 322 818 362 si
854 323 1079 364 volentibus
1109 324 1219 364 vobis
1251 324 1347 374 erit,
1377 326 1508 380 aliqua
1537 328 1621 369 eius
1652 343 1754 382 quae

157 376 407 417 151nemoria
440 378 680 430 suggesserit
704 378 900 419 relaturus
931 393 1031 420 sum.
1091 381 1144 420 Et
1177 381 1328 421 Horus:
1358 382 1563 431 Permitte,
1592 385 1756 434 Aviene,

218 432 479 486 Synnnaebus
508 434 677 487 explicet
707 434 755 474 de
785 435 844 475 his
873 449 974 489 quos
1003 436 1079 476 iam
1110 436 1384 477 nominaverat
1409 438 1513 479 dieta
1531 439 1753 480 Ciceronis:

154 488 204 528 1ss
218 494 257 529 et
287 488 524 542 oportunius
556 503 657 543 quae
692 490 740 531 de
770 494 955 544 Augusto
991 492 1047 533 vis
1086 492 1231 532 referre
1270 493 1493 534 succedent.
1550 495 1756 536 Reticcnte

218 545 372 585 Avieno
393 545 673 599 Symmachus:
704 546 857 595 Cicero,
889 547 1064 601 inquam,
1096 562 1185 589 cum
1216 548 1310 589 Piso
1341 563 1460 601 gener
1487 550 1573 591 eius
1600 551 1756 592 mollius

218 600 440 649 incederet,
475 602 553 641 lilia
580 607 712 642 autem
742 603 998 653 concitatius,
1031 604 1086 646 ait
1113 604 1234 645 tiliae:
1264 605 1431 647 Ambula
1459 613 1653 662 tamquam
1682 609 1755 648 vir.

216 656 271 696 Et
298 670 388 697 cum
419 657 473 697 M.
492 657 667 711 Lepidus
697 658 736 698 in
764 664 904 700 senatu
936 659 1109 710 dixisset,
1136 660 1314 715 patribus
1343 662 1578 716 conscriptis
1604 663 1756 704 Tullius

153 711 319 764 [3401aitz
349 714 433 767 Eyo
459 727 539 754 non
568 715 669 755 lariti
690 715 863 769 fecissem
893 711 1206 770 ὁμοιοποίητον.
1247 716 1325 757 Sed
1356 731 1486 772 perge,
1507 718 1675 766 Aviene;
1705 733 1756 760 ne

220 768 324 809 ultra
353 773 393 809 te
423 768 700 811 dicturientem
727 771 937 812 retardcm.

308 880 410 921 [uss.
436 880 603 913 ABGPS.

217 936 314 967 conti
336 934 428 967 coni.
451 936 563 967 Gron.
611 937 753 970 Dicente
780 944 919 971 autem
943 939 1044 971 haec
1065 938 1119 977 (in
1142 950 1215 980 mg.
1238 940 1353 972 adhuc
1376 941 1454 979 ad]
1477 940 1515 972 S.
1552 959 1595 964 —-
1631 951 1758 973 sermo-

217 980 318 1011 nibus
341 983 430 1018 (0111.
457 981 512 1017 in)
541 992 571 1012 v.
711 986 764 1014 16.
801 984 1024 1024 concitatius,
1057 985 1106 1016 ait
1135 984 1495 1016 ABPSiw1123P2567.
1540 986 1759 1025 concitatius,

218 1025 281 1055 ait
313 1035 494 1066 genero:
530 1026 711 1058 Ambula
741 1033 956 1070 tamquam
993 1029 1161 1068 femina
1200 1035 1237 1061 et
1277 1031 1328 1062 ait
1366 1029 1397 1061 G
1434 1029 1543 1069 (Edd.
1582 1040 1651 1061 om.
1693 1034 1757 1067 et).

218 1068 394 1107 „Videtur
418 1070 597 1101 sententia
622 1082 790 1111 poscere,
815 1077 852 1104 ut
878 1073 990 1114 priori
1017 1074 1115 1111 loco,
1141 1073 1202 1114 qui
1227 1074 1398 1106 Pisonem
1424 1073 1558 1116 tangit,
1594 1074 1758 1116 legatur:

217 1117 392 1153 tamqnam
427 1114 499 1151 vim·
541 1116 658 1146 altero
685 1126 790 1157 vero,
831 1117 890 1158 qui
920 1117 1034 1149 filiam
1063 1117 1249 1156 Tulliam,
1288 1124 1463 1159 tamquam
1496 1119 1644 1157 femina,
1687 1118 1759 1150 nisi

218 1157 332 1188 fuerit
358 1158 552 1199 utrobique
577 1161 743 1192 ambulas.
799 1161 868 1192 Sed
896 1161 987 1193 illud
1017 1162 1138 1204 magis
1166 1164 1286 1204 placet
1303 1166 1325 1179 ‘⁶
1362 1163 1466 1194 l'ont.
1511 1162 1760 1204 „Videturque

217 1201 415 1232 manifesta
442 1203 542 1234 vocis
568 1204 758 1246 utriusque
786 1206 1073 1246 transpositione
1098 1207 1280 1238 sententia
1304 1207 1450 1238 inversa
1478 1207 1759 1248 corruptaque.“

218 1245 306 1277 Add.
334 1245 369 1276 in
395 1246 450 1277 dz.
479 1264 519 1270 —
546 1250 745 1291 conscriptis
771 1250 1162 1283 ABGPle23P2567.
1209 1252 1408 1294 conscriptis
1441 1246 1761 1293 ὁμοιοποίητον

221 1289 258 1321 S.
307 1291 526 1332 conscriptis:
555 1293 648 1335 Ego
672 1305 752 1325 non
778 1295 896 1327 tanti
916 1297 1117 1335 fecissem
1141 1296 1278 1327 simile
1295 1298 1483 1337 factum;
1506 1295 1573 1327 i-b.
1605 1313 1647 1318 —
1675 1296 1760 1327 Tul-

219 1335 287 1366 lius
311 1335 361 1366 ait
384 1345 452 1366 om.
481 1347 511 1367 z.
535 1354 580 1360 -
605 1333 862 1379 ὁμοιοποίητον
886 1339 946 1370 Me
971 1350 992 1372 a
1018 1351 1051 1381 p.
1078 1351 1143 1377 m.;
1173 1340 1230 1371 Ml
1259 1350 1279 1372 a
1306 1351 1376 1371 sec.
1402 1351 1449 1372 m.
1495 1339 1640 1371 simile
1667 1341 1759 1380 fac-

218 1383 304 1411 tum
341 1389 647 1412 ouotovzoln'rox
684 1382 724 1413 B.
777 1384 925 1414 simile
946 1386 1111 1424 factum
1143 1383 1166 1416 S
1193 1385 1244 1422 (G
1269 1385 1350 1415 add.
1374 1389 1410 1416 ut
1433 1385 1467 1415 in.
1496 1385 1586 1422 Gn).
1636 1393 1761 1424 ομοιο-

219 1432 386 1454 ποικτον
408 1423 446 1454 P.
493 1434 779 1458 οηοιοπιωΤοΝ
803 1427 843 1458 Α.
891 1422 1161 1468 ὁμοιόπτωτον
1183 1428 1381 1461 Ε11(Ι.Ρ.Μὸ
1403 1429 1478 1466 (Ml
1503 1438 1523 1460 a
1545 1439 1579 1470 p.
1605 1439 1673 1468 m.;
1699 1427 1760 1458 M2

220 1477 242 1499 a
267 1477 339 1498 sce.
366 1472 445 1504 m.).

220 1576 340 1616 bella,
382 1577 439 1609 cui
466 1578 607 1620 nupsit,
645 1590 725 1611 cum
758 1581 954 1622 proconsul
1021 1582 1135 1614 habet
1179 1587 1378 1625 tamquam,
1432 1584 1472 1614 ut
1513 1580 1643 1614 mirari
1689 1592 1760 1614 non

220 1625 318 1653 esset
354 1621 389 1653 in
422 1622 555 1655 Cilicia
593 1623 745 1663 Cicer-03
789 1630 824 1656 et
860 1626 953 1668 apud

220 1677 301 1697 eum
345 1677 386 1697 ex
435 1671 539 1708 partu
581 1668 751 1701 decessit.
822 1670 956 1702 Errant

220 1710 399 1742 Asconius
427 1716 462 1743 et
488 1712 728 1752 Plutarchus,
755 1725 835 1745 cum
864 1715 955 1746 duos

220 1758 360 1786 tantum
397 1755 544 1787 Tulliae
584 1757 737 1789 maritos
779 1758 956 1799 referunt,

220 1799 477 1841 Crassipedem
544 1812 611 1832 non
678 1806 956 1843 agnoscentes.“

220 1845 334 1875 in.
361 1862 402 1867 -—-
432 1845 509 1876 Vid-
537 1850 610 1878 not.
637 1847 679 1878 ad
708 1849 727 1886 ἕ
747 1850 792 1887 3.,
819 1853 855 1879 et
879 1848 955 1880 Cio.

219 1888 263 1919 nd
291 1888 361 1920 Att.
393 1889 427 1927 1,
453 1891 493 1929 3,
519 1891 569 1928 33
608 1892 650 1921 ad
681 1891 748 1932 Qu.
778 1893 821 1923 fr.
851 1893 898 1932 11,
923 1894 956 1932 4,

220 1935 260 1969 23
283 1935 373 1971 5,1;
398 1936 430 1973 6.
458 1936 495 1973 13
523 1935 565 1966 nd
594 1935 679 1967 fam.
708 1936 735 1976 1,
763 1940 794 1977 7,
822 1937 956 1978 11311,

222 1979 276 2016 15,
301 1980 343 2016 23
369 1979 418 2015 16,
441 1980 473 2009 5.

269 2023 320 2052 14.
368 2022 398 2052 si
426 2023 618 2054 volentibus
647 2023 742 2055 vobis
766 2023 842 2066 erit]
875 2023 956 2056 Vid.

220 2069 296 2096 not.
322 2065 364 2096 ad
390 2065 418 2105 Ι,
442 2069 474 2105 7,
499 2069 532 2096 9.

272 2111 320 2139 15.
370 2120 452 2150 quos
477 2110 546 2141 iam
569 2110 824 2152 nominaverat]
860 2112 879 2151 ἓ
903 2113 957 2141 13.

222 2152 277 2183 Cf.
317 2153 395 2184 Cic.
435 2154 478 2185 (le
518 2153 604 2194 imp.
644 2155 768 2195 Pomp.
808 2157 868 2195 13,
901 2157 956 2186 36.

222 2208 309 2239 quas
330 2198 437 2239 paulo
460 2203 539 2229 ante
561 2209 820 2231 commemorare
840 2210 957 2241 coepe-

220 2252 315 2280 ram,
358 2241 418 2273 11111
451 2241 565 2273 simili
596 2243 702 2273 modo
734 2248 789 2274 est
814 2246 957 2284 tempus

221 2286 623 2327 plusquumperl'ectum
651 2287 694 2318 ad
721 2287 956 2319 iudicandum

222 2330 257 2360 id
288 2331 379 2371 quod
414 2335 492 2362 erut
521 2336 843 2363 commemoratum
873 2337 957 2364 ante

223 2384 328 2414 quam
357 2374 432 2406 alia
459 2376 601 2416 prolata
627 2379 730 2416 sunt,
772 2376 835 2408 sed
870 2387 956 2408 nou-

222 2418 308 2449 dum
334 2419 556 2451 absolutum.

269 2465 320 2493 16.
368 2464 507 2495 mollius
531 2463 713 2506 incederet]
743 2463 795 2495 Cf.
823 2464 839 2505 ξ
864 2467 896 2496 9.
924 2466 960 2496 et

222 2507 298 2546 111,
325 2509 385 2547 13,
409 2511 440 2539 5.
487 2508 728 2540 llildebrand.
755 2509 798 2540 ad
824 2509 957 2540 Arnob.

224 2551 278 2589 11,
302 2553 355 2582 41.
394 2552 437 2583 de
469 2553 649 2584 vocabulo
682 2554 836 2585 incedere
869 2553 960 2585 effe-

222 2595 373 2627 minatis
400 2600 436 2628 ct
463 2597 704 2628 muliebribus
734 2597 882 2639 proprio
908 2597 960 2629 ci-

224 2643 277 2670 tat
303 2640 552 2673 Burmanuum
581 2641 623 2672 ad
652 2642 799 2673 Petron.
826 2653 855 2673 c.
885 2645 960 2674 126.

225 2684 303 2715 vid.
330 2685 498 2716 Docderl.
524 2686 657 2728 Synon.
682 2686 741 2727 IV,
766 2698 798 2728 p.
821 2689 874 2718 55.

269 2733 445 2770 tamquam
478 2730 546 2771 vir]
584 2729 607 2761 i.
633 2742 663 2761 e.
698 2730 778 2770 „sic
806 2734 844 2762 ut
878 2735 961 2761 tuus

224 2773 419 2804 nini-itus.“
466 2774 545 2805 1100
578 2775 684 2806 1110(10
711 2775 746 2806 111
773 2774 962 2807 Ciceronis

226 2815 390 2857 quidem,
431 2818 487 2849 cui
513 2819 548 2850 11.
575 2819 599 2850 1.
633 2819 875 2860 adscribitur,
917 2818 963 2850 11-

225 2858 302 2889 bris
330 2871 544 2902 numquam,
581 2864 643 2894 sed
670 2865 715 2895 ab
741 2863 828 2895 aliis
853 2873 963 2904 saepe

225 2908 424 2945 usurpatur
444 2917 511 2938 vox
536 2907 601 2948 vir,
624 2918 740 2949 neque
759 2918 863 2941 suam
889 2907 963 2940 vim

1022 1627 1146 1666 liceat,
1170 1628 1264 1668 quod
1290 1626 1356 1659 alii
1382 1626 1457 1659 alia
1480 1627 1654 1658 mutanda
1679 1637 1762 1658 esse

1023 1670 1200 1714 putarint.
1224 1672 1267 1704 At
1286 1682 1351 1713 per
1372 1671 1488 1703 filiam
1512 1682 1678 1703 socerum
1703 1682 1761 1702 re-

1025 1716 1242 1758 prehendit,
1291 1720 1329 1748 ut
1367 1715 1478 1748 illud:
1522 1717 1572 1748 ait
1612 1727 1762 1759 genero:

1026 1761 1174 1793 Ambnla
1203 1766 1381 1803 tamquam
1413 1761 1566 1802 semina,
1603 1759 1754 1792 minime

1026 1805 1075 1837 sit
1099 1805 1359 1836 necessarium.

1070 1850 1105 1881 in
1130 1855 1252 1882 senatu
1279 1849 1434 1891 dixisset]
1461 1847 1484 1880 i.
1507 1859 1536 1880 e.
1561 1847 1763 1880 orationem

1024 1893 1228 1926 habuisset.
1276 1893 1366 1925 Cum
1400 1893 1459 1924 his
1494 1893 1618 1925 verbis
1648 1893 1763 1934 vulgo

1025 1939 1129 1970 nulla
1156 1937 1274 1980 posita
1295 1937 1590 1979 interpunctione
1614 1936 1765 1968 coniun-

1025 1987 1161 2025 guntur
1205 1983 1316 2014 verba
1355 1983 1513 2024 patribus
1550 1981 1762 2023 conscriptis,

1024 2037 1114 2067 quae
1144 2025 1198 2058 sic
1231 2026 1432 2064 abundant,
1474 2036 1579 2066 quam
1609 2026 1653 2057 ob
1686 2035 1762 2056 rem

1024 2082 1093 2112 ego
1125 2081 1179 2109 ea,
1205 2074 1244 2102 ut
1271 2071 1381 2111 paulo
1407 2080 1517 2110 supra
1544 2070 1655 2109 filiae,
1678 2080 1764 2100 con-

1025 2114 1211 2157 iungenda
1254 2125 1334 2145 esse
1377 2113 1500 2154 putavi
1535 2124 1615 2144 cum
1651 2114 1762 2144 verbo

1024 2159 1085 2191 ait.
1140 2159 1243 2200 Quae
1271 2158 1383 2199 vulgo
1411 2157 1640 2189 inseruntur:
1682 2158 1765 2200 Ego

1024 2215 1092 2235 non
1118 2203 1209 2234 tanti
1225 2203 1388 2243 fecissem
1413 2202 1524 2234 simile
1544 2204 1694 2242 sactum,
1721 2211 1765 2233 ea

1025 2251 1112 2279 nata
1144 2252 1227 2279 sunt
1261 2257 1303 2278 ex
1340 2246 1387 2278 iis
1424 2256 1516 2288 quae
1551 2249 1765 2287 sequuntur,

1024 2291 1121 2323 male
1165 2291 1200 2322 in
1247 2290 1420 2323 Latinum
1460 2300 1636 2322 conversa
1675 2300 1766 2322 voce

1027 2331 1295 2377 ὁμοιοποίητον.

1073 2380 1155 2422 Ego
1177 2391 1245 2411 non
1265 2378 1357 2410 tanti
1373 2378 1533 2418 fecissem
1559 2373 1767 2419 ὁμοιοποίη-

1025 2423 1100 2465 τον]
1127 2422 1189 2454 Sic
1214 2422 1366 2464 scripsi,
1392 2422 1478 2463 quia
1503 2426 1651 2463 recepta
1676 2432 1765 2453 voce

1028 2462 1274 2508 ὁμοιόπτωτον
1305 2466 1428 2498 nescio
1460 2466 1544 2507 quid
1578 2465 1669 2498 velit
1702 2464 1765 2496 hic

1027 2510 1141 2543 iocus.
1188 2507 1454 2552 Ὁμοιόπτωτον
1477 2510 1562 2551 quid
1588 2509 1637 2540 sit
1660 2509 1766 2540 doce-

1027 2566 1108 2587 mur
1140 2565 1160 2587 a
1193 2555 1335 2586 Rutilio
1360 2554 1461 2595 Lupo
1490 2554 1547 2592 11,
1575 2555 1595 2592 §
1625 2555 1675 2584 13.
1705 2552 1766 2584 his

1027 2598 1169 2631 verbis:
1188 2600 1261 2631 Hoc
1284 2599 1319 2630 in
1342 2599 1471 2629 duobus
1491 2598 1599 2628 verbis
1621 2597 1766 2628 eundem

1027 2644 1127 2676 habet
1147 2654 1262 2674 casum
1287 2647 1350 2673 aut
1377 2641 1518 2672 candem
1541 2642 1766 2672 nouissimam

1028 2688 1208 2729 syllabam.
1236 2687 1276 2718 Id
1299 2691 1348 2717 cst
1365 2686 1581 2716 huiusmodi:
1609 2686 1648 2716 In
1666 2686 1766 2717 rebus

1030 2732 1186 2763 adversis
1211 2731 1266 2762 cui
1287 2735 1426 2772 praesto
1455 2734 1503 2761 est
1533 2730 1707 2761 consiliu
1719 2740 1764 2769 m,

1031 2787 1098 2807 non
1121 2779 1232 2817 potest
1259 2774 1374 2805 deesse
1399 2774 1614 2805 auxilinm.
1641 2773 1764 2811 (Conf.

1030 2819 1139 2851 Rhet.
1165 2819 1228 2850 Gr.
1249 2818 1301 2849 ed.
1333 2817 1449 2848 Wnlz.
1477 2817 1578 2857 5111,
1604 2829 1661 2859 pp.
1686 2819 1765 2857 476,

1029 2865 1096 2895 562
1118 2863 1197 2904 aL).
1237 2861 1276 2893 Si
1303 2861 1421 2904 igitur
1441 2861 1511 2894 hac
1533 2872 1622 2893 voce
1637 2861 1766 2894 Cicero

1029 2906 1150 2940 irrisit
1191 2905 1462 2940 affectationem
1501 2906 1594 2939 artis
1628 2906 1666 2939 in
1697 2905 1766 2938 Le-
