1844 3168
361 52 833 95 SATURNALIORUM
876 54 973 94 LlB.
1016 56 1043 95 1.
1089 56 1207 98 CAP.
1243 57 1334 98 Vll.
1561 61 1614 101 57

74 163 177 204 onim
209 176 356 218 cespes,
387 164 466 205 sive
495 164 559 205 ille
583 165 791 205 continens
822 164 938 205 limus
966 179 1035 207 scu
1062 168 1214 221 paludis
1243 168 1317 209 suit
1342 175 1479 211 coacta
1507 185 1614 211 rom-

73 233 173 274 page
197 219 376 273 virgultis
403 226 441 261 ct
467 220 676 262 arboribus
706 221 744 260 in
772 221 891 262 silvae
920 222 1114 264 licentiam
1149 231 1351 280 comptus,
1380 226 1616 269 iactantibus

73 289 144 330 per
175 290 333 317 onmem
368 277 554 318 lluctibus
585 277 820 330 vagabatur,
852 284 896 318 ut
924 279 1020 320 lidos
1052 294 1098 320 cx
1132 280 1206 321 boc
1238 282 1353 322 ctiam
1384 283 1485 323 Dolo
1516 283 1615 325 sacta

73 331 135 379 sit,
165 346 267 386 quac
298 333 397 373 celsa
428 333 643 381 montilum,
675 340 781 373 vasta
809 335 970 388 saumis,
1001 342 1130 376 tzunen
1161 350 1230 390 por
1259 339 1377 378 maria
1408 339 1613 390 migrabat.

72 388 160 428 Hoc
193 389 312 441 igitur
344 390 532 430 miraculo
564 390 811 443 deprehenso
844 391 912 430 lias
944 392 1017 431 sibi
1050 393 1163 433 sedes
1192 395 1410 447 praedic-tas
1441 410 1527 436 osso
1556 397 1612 437 ‹li-
1628 396 1682 438 30

73 443 266 493 dicerunt,
299 446 538 499 vastatisque
565 446 836 486 Sic-iliensibus
870 447 1007 487 incolis
1039 463 1283 502 occupauere
1315 452 1514 504 regionem
1547 454 1612 493 de-

72 500 172 540 cima
201 502 369 555 praedae
394 503 613 543 secuudum
648 516 881 557 resptmsum
905 504 1080 558 Apollini
1112 512 1340 547 consecrata
1373 509 1678 563 erectisqucmz

70 666 182 707 (s-bP
211 669 319 711 Cutyt.
347 679 460 705 .,vera
485 670 694 712 scriptura“
716 670 859 707 zeum).

1122 618 1210 650 Edd.
1240 619 1524 663 x'icnhgspdzb]

909 671 1107 704 cutilicnsie
1132 679 1254 706 natam
1284 674 1305 706 i.
1356 677 1530 708 cutilicnsi
1554 689 1619 708 na-

69 716 139 742 tam
168 723 199 743 v.
247 715 498 746 cutulicnsium
524 722 642 747 natam
672 726 736 756 c-fg
762 720 799 753 (c
826 715 859 746 in
888 727 959 757 mg.
984 718 1060 755 „al-
1087 719 1284 757 (‘uli!iae“,·
1310 719 1344 751 Ιι.
1371 720 1406 751 in
1433 732 1506 763 mg.
1533 722 1617 761 „AL

76 757 226 789 Cutiliae
239 780 249 790 .
267 760 448 791 (futiliensi
465 765 600 792 enatam
617 764 750 797 ant.'·‘).

71 800 204 833 lacum
232 802 289 834 A*.

816 763 870 792 29.
887 772 950 803 pcr
966 773 1093 793 omnem
1117 763 1143 793 Β
1165 773 1184 794 a
1202 775 1234 805 p.
1253 775 1320 803 m.;
1338 765 1380 796 G.
1411 777 1472 807 per
1490 777 1619 797 omnem

336 815 397 846 per
427 814 525 836 omne
552 816 666 837 mare
691 804 797 846 Sv-g.
844 816 906 847 per
935 817 1075 838 amnem
1109 807 1138 838 B
1167 818 1187 839 a
1215 819 1289 839 sec.
1317 820 1362 840 m.
1396 810 1498 841 s-bP.
1537 811 1618 850 „De

70 844 265 879 Cutiliensi
293 847 374 880 lacu
400 848 582 890 loquitur,
619 860 723 891 quem
753 859 797 880 an
824 860 955 881 amnem
985 857 1083 882 recte
1110 852 1333 893 dixerimus,
1371 854 1618 895 cogitemus.“

69 889 173 922 Pont.
201 910 243 915 -—-
266 893 368 925 etiam
392 904 432 925 ex
455 893 517 926 Ιιοο
545 893 587 925 G.
613 911 654 917 —
686 894 864 937 migrabat
890 894 1100 940 A*BGSv-g
1125 900 1170 938 „2
1191 897 1338 941 Angl.“.
1388 900 1619 933 ambulabat

62 990 259 1030 fluctuet
304 993 453 1025 insula
500 993 625 1026 ltaliae
667 994 807 1026 umbili-

69 1045 143 1066 cum
169 1047 240 1068 esse
267 1037 312 1069 M.
347 1039 455 1069 I‘arro
486 1038 618 1077 tradit3
661 1043 695 1069 et
723 1038 809 1070 Dio-

69 1091 150 1122 nys.
171 1080 198 1115 Ι,
231 1084 280 1112 15.
303 1078 381 1114 Ἀπὸ
407 1079 444 1113 δὲ
470 1081 627 1114 σταδίων
653 1080 808 1136 ἑβδομή-

69 1134 178 1156 κοντα
202 1121 346 1158 Ῥεάτου
379 1125 574 1158 Κοτυλία
605 1124 705 1163 πόλις
733 1137 808 1159 επι-

71 1165 202 1211 φαυὴς,
228 1193 260 1201 ..
286 1163 328 1212 ἧς
359 1167 452 1202 ἐστιν
485 1166 528 1202 οὐ
557 1167 680 1213 πρόσω
705 1170 808 1212 λίμνη

68 1210 246 1255 τεττάρων
270 1211 438 1255 πλέθρων
468 1212 600 1256 ἔχουσα
632 1212 698 1256 τὴν
728 1211 808 1246 διεί-

70 1264 194 1290 στασιν
213 1270 244 1290 κ.
268 1269 298 1290 τ.
315 1259 344 1290 λ.
380 1259 455 1290 vm.
478 1259 584 1291 infra.
616 1258 719 1291 Nunc
743 1269 806 1291 vo-

68 1306 173 1333 catur
198 1303 300 1346 Lago
324 1304 361 1335 di
388 1304 621 1347 Contiglione.

113 1349 265 1390 enatam]
294 1347 422 1380 Malim
451 1349 630 1391 scriptum
662 1353 805 1380 vectam

69 1391 127 1422 vel
150 1397 306 1424 nantem
335 1397 484 1434 propter
515 1404 557 1425 en
580 1403 674 1435 quae
699 1397 805 1425 ante-

69 1435 215 1477 cedunt,
239 1429 282 1469 οὗ
306 1437 416 1474 νᾶσος
443 1432 627 1479 ὀχεῖται,
653 1441 689 1469 et
713 1448 806 1479 quae

68 1486 289 1522 sequuntur,
329 1482 497 1524 fluctibus
542 1482 806 1526 vagabatur.

69 1525 149 1557 viil.
176 1531 248 1558 not.
274 1538 350 1568 seq.

111 1573 165 1602 29.
215 1571 458 1614 Amplissimus
489 1570 578 1602 enim
609 1580 723 1613 cespes
747 1594 754 1602 .
772 1595 779 1602 .
796 1593 803 1601 .

60 1614 227 1655 fluctibus
259 1615 476 1659 vagabatur]
510 1614 565 1646 Cf.
597 1614 748 1656 Dionys.
781 1614 805 1647 Ι.

70 1669 121 1690 c.:
141 1654 164 1700 ἦ
190 1656 227 1692 δὲ
249 1659 383 1700 νῆσος
406 1682 438 1690 ..
465 1655 709 1700 ἀνίδρυτός
734 1655 806 1690 ἐστι

69 1701 131 1734 καὶ
160 1701 385 1745 περινήχεται
414 1702 592 1745 πολλαχῇ,
622 1703 807 1739 δινοῦντος

70 1743 187 1789 αὐτὴν
226 1743 351 1779 ἄλλοτε
386 1743 461 1778 κατ’
501 1743 631 1784 ἄλλους
673 1743 807 1783 τόπους

69 1790 136 1822 τοῦ
174 1788 384 1833 πνεύματος.
443 1788 562 1832 Χλόη
605 1788 644 1822 δέ
682 1802 734 1827 τις
769 1787 806 1821 ἐν

71 1831 164 1878 αὐτῇ
192 1833 319 1876 φύεται
354 1831 522 1878 βουτόμῳ
556 1831 806 1876 προσεμφερὴς

70 1877 132 1910 καὶ
161 1875 300 1921 θάμνοι
329 1876 420 1917 τινὲς
451 1877 494 1911 οὐ
528 1875 685 1920 μεγάλοι.
740 1879 805 1910 Se-

70 1934 148 1956 nec.
186 1924 265 1956 Mt.
310 1924 462 1964 Quaest.
498 1924 571 1962 ΙΙΙ,
597 1926 656 1963 25,
683 1925 703 1954 6
728 1934 804 1964 sqq.

73 1969 149 2011 Ipse
182 1969 233 2001 ad
265 1969 458 2001 Cutilias
488 1973 713 2000 natantem
743 1969 804 1999 in-

69 2013 207 2046 sulam
231 2013 361 2045 vidi...
401 2013 606 2045 Cutiliarum
634 2012 751 2044 insula
776 2017 807 2044 et

70 2058 207 2090 arbores
225 2058 326 2090 habet
347 2062 379 2090 et
402 2057 552 2089 herbas
575 2058 727 2097 nutrit,
752 2062 803 2089 ta-

69 2113 145 2134 men
166 2113 259 2144 aqua
281 2103 470 2135 sustinetur
489 2107 520 2134 et
542 2102 575 2133 in
597 2102 685 2133 hanc
705 2107 808 2144 atque

70 2147 167 2178 illam
195 2152 331 2189 partem
362 2159 429 2179 non
454 2152 589 2180 tantum
614 2151 713 2178 vento
743 2147 807 2178 im-

68 2191 222 2234 pellitur,
245 2191 304 2224 sed
329 2196 360 2224 et
385 2202 485 2223 aura.
504 2213 512 2221 .
529 2215 536 2223 .
583 2192 723 2233 Ipsius
747 2192 807 2222 in-

71 2236 200 2268 sulae
223 2236 405 2269 materia
431 2236 666 2268 vectabilis
687 2258 716 2267 ..
739 2247 808 2268 non

71 2285 120 2312 est
147 2281 298 2323 corporis
329 2281 451 2319 solidi,
490 2281 647 2322 quamvis
671 2281 809 2313 arbores

71 2325 158 2356 alat.
222 2325 384 2357 Fortasse
421 2326 508 2356 enim
548 2326 638 2357 leves
673 2330 811 2358 truncos

72 2369 279 2410 frondesque
309 2370 344 2400 in
375 2369 453 2400 lacu
487 2380 629 2411 sparsas
661 2370 810 2411 pinguis

73 2413 193 2444 humor
216 2413 442 2454 apprehendit
465 2425 504 2444 ac
526 2414 666 2445 vinxit..
684 2434 691 2442 -
714 2415 810 2454 Quae

73 2456 132 2488 ubi
148 2462 386 2499 purgamenta
404 2467 573 2499 aquarum
597 2458 812 2499 coaluerunt,

73 2511 113 2532 cx
140 2511 263 2543 spuma
288 2501 502 2540 solidantur,
527 2501 588 2532 ubi
614 2501 687 2534 vid.
714 2502 810 2534 Koe-

72 2545 144 2577 leri
176 2549 318 2584 notam3
363 2545 514 2577 Vurron.
542 2545 581 2576 L.
611 2545 650 2577 L.
684 2545 729 2585 Υ,
757 2549 809 2587 10,

72 2592 127 2621 72.
161 2590 370 2622 Commotiae
407 2591 453 2622 ad
490 2591 603 2622 lacum
643 2591 810 2623 Cutilien-

74 2645 142 2666 sem
168 2645 189 2666 a
214 2640 399 2674 commotu,
427 2635 625 2677 quodibi
658 2636 810 2668 insula

74 2680 116 2710 in
147 2690 259 2720 aqua
288 2684 504 2718 macetum·
531 2679 626 2712 Plin.
659 2680 682 2711 l.
711 2692 740 2713 c.
775 2686 811 2713 et

73 2723 128 2761 ΙΙ,
164 2726 219 2754 95.
256 2734 283 2754 s.
326 2727 380 2755 96.
423 2725 468 2756 ad
513 2726 661 2757 Cutilias
699 2737 811 2768 aquas

75 2778 184 2809 opaca
213 2768 323 2807 silva,
360 2779 470 2810 quae
504 2780 723 2812 nunquam
756 2772 811 2803 die

74 2823 114 2844 ac
137 2817 234 2844 nocte
258 2813 373 2844 codem
397 2813 470 2844 loco
495 2815 632 2845 visitur.

119 2857 295 2888 continens
325 2857 440 2899 limus]
476 2857 531 2889 Cf.
563 2857 642 2891 Liv.
677 2859 732 2899 ΙΙ,
758 2861 814 2892 53.

76 2899 125 2931 ita
170 2901 206 2933 ἰη
249 2901 351 2933 vadis
397 2901 604 2935 haesitantis
643 2904 815 2944 frumenti

76 2953 217 2978 acervos
241 2946 369 2979 sedisse
403 2946 520 2980 inlitos
550 2948 659 2981 limo.
709 2950 812 2983 Insu-

876 997 944 1028 lam
971 996 1051 1029 inde
1070 997 1243 1039 paulatim
1258 999 1407 1039 factam.
1440 998 1514 1030 Vox
1539 1010 1618 1031 con-

875 1042 988 1074 tinens
1037 1042 1228 1082 quaeritur
1277 1053 1361 1074 uum
1410 1048 1617 1085 opponatur

876 1085 956 1118 voci
984 1087 1127 1127 paludis
1156 1096 1201 1118 an
1229 1087 1351 1118 verbis
1381 1094 1502 1120 coacta
1528 1100 1617 1121 com·

872 1129 992 1173 page?
1016 1130 1215 1162 Verborum
1237 1132 1432 1164 collocatio
1452 1133 1553 1174 prius
1572 1133 1618 1165 il-

876 1176 937 1207 lud
965 1174 1111 1206 videtur
1137 1177 1410 1216 commendare,
1444 1182 1483 1209 ut
1507 1179 1617 1210 conti-

874 1231 957 1252 nens
1013 1220 1116 1251 limus
1167 1220 1217 1252 sit
1272 1222 1383 1254 limus
1435 1227 1616 1254 terrenus.

875 1265 978 1306 Quod
1007 1264 1038 1296 si
1071 1264 1123 1296 ita
1161 1269 1236 1305 est,
1263 1266 1474 1299 Macrobius
1503 1266 1616 1299 nimia

876 1310 1051 1342 libertate
1080 1315 1228 1342 secutus
1254 1316 1310 1342 est
1333 1312 1500 1353 exempla
1527 1323 1617 1353 qua-

874 1355 926 1387 lia
949 1353 1042 1386 haec
1065 1359 1168 1386 sunt:
1198 1353 1326 1387 Livius
1349 1355 1470 1397 xmr,
1488 1358 1544 1397 28,
1562 1360 1615 1389 12.

875 1400 935 1442 qui
976 1400 1154 1441 propiores
1201 1401 1446 1433 continenti
1492 1401 1617 1434 litori

876 1448 989 1482 erant,
1023 1448 1059 1475 et
1082 1443 1212 1475 Horat.
1235 1444 1357 1476 Carm.
1384 1445 1438 1484 ΙΙ,
1472 1447 1531 1485 18,
1559 1448 1614 1478 22.

871 1499 997 1532 parum
1022 1488 1175 1530 locuples
1201 1491 1452 1522 continente
1480 1490 1586 1533 ripa.

917 1537 1036 1565 coacta
1067 1533 1249 1576 compage]
1281 1533 1465 1566 Similiter
1498 1539 1616 1567 trans-

871 1578 944 1610 lato
971 1577 1118 1619 quidem
1143 1589 1252 1610 sensu
1273 1579 1325 1611 ait
1344 1578 1500 1611 Tacitus
1517 1580 1616 1612 nist.

872 1623 932 1661 lv,
958 1624 1012 1653 74.
1043 1633 1270 1666 compages
1293 1624 1377 1655 haec
1402 1625 1552 1664 coaluit,
1580 1630 1616 1657 ct

871 1666 1061 1699 Iuvenalis
1085 1666 1142 1705 Vl,
1159 1670 1236 1700 618.
1255 1670 1377 1708 fracta
1400 1680 1615 1713 compage.

918 1712 953 1742 in
985 1711 1095 1742 siluae
1129 1711 1304 1744 licentiam
1333 1714 1500 1756 comptus]
1535 1714 1557 1745 i.
1584 1725 1615 1745 e.

873 1754 1069 1787 arboribus
1102 1755 1287 1795 consitus,
1328 1767 1420 1798 quae
1458 1761 1531 1790 tam
1570 1757 1617 1789 li-

873 1801 961 1831 bere
987 1804 1214 1840 crescerent,
1249 1804 1288 1832 ut
1315 1801 1410 1834 silva
1436 1802 1614 1844 quaedam

873 1844 990 1876 fieret.

916 1899 978 1931 per
1012 1887 1158 1929 omnem]
1191 1899 1243 1919 sc.
1277 1888 1413 1921 lacum.
1462 1889 1616 1922 obtem-

874 1932 999 1975 peravi
1025 1931 1189 1963 codicum
1212 1933 1471 1975 plerorumque
1490 1939 1617 1966 aucto-

875 1976 990 2009 ritati.
1058 1975 1184 2018 Neque
1231 1983 1352 2010 tamen
1399 1979 1615 2021 negaverim

876 2020 1105 2054 macrobium
1145 2033 1279 2055 amnem
1318 2033 1383 2065 pro
1419 2033 1513 2065 aqua
1551 2034 1616 2067 po-

876 2066 992 2099 tuisse
1017 2065 1152 2098 dicere.

917 2122 980 2154 per
1005 2110 1118 2142 maria
1145 2110 1338 2154 migrabat]
1373 2110 1503 2143 Delum
1531 2111 1615 2143 wr-

875 2155 991 2199 gilius
1018 2155 1109 2186 dicit
1133 2156 1219 2186 Aen.
1244 2154 1311 2194 ln,
1338 2158 1391 2187 75.
1418 2168 1498 2188 oras
1522 2162 1553 2189 et
1573 2158 1617 2188 li-

874 2206 952 2233 tora
979 2200 1104 2232 circum
1135 2204 1327 2237 errantem3
1371 2200 1466 2232 Plin.
1500 2200 1540 2233 N.
1564 2201 1613 2233 Η.

874 2245 934 2283 IV,
958 2247 1012 2276 12.
1037 2256 1065 2276 s.
1090 2245 1145 2275 22.
1172 2246 1192 2284 ἓ
1217 2246 1270 2276 66.
1295 2245 1354 2276 diu
1371 2246 1598 2286 fluctuatam.

919 2292 974 2321 30.
1011 2290 1227 2330 vastatisque
1255 2289 1494 2322 Siciliensibus
1521 2291 1616 2323 inco-

877 2334 934 2376 lis]
958 2333 1014 2365 Cf.
1040 2333 1193 2375 Dionys.
1223 2333 1250 2371 Ι,
1275 2336 1328 2365 16.
1356 2331 1393 2366 οἳ
1413 2331 1519 2372 τοὺς
1547 2335 1618 2366 Σι-

877 2374 1037 2415 κελοὺς
1069 2373 1252 2420 ἄγοντές
1284 2388 1326 2410 τε
1357 2377 1429 2410 καὶ
1459 2376 1617 2420 φέρον-

879 2432 948 2459 τες
983 2419 1185 2464 διετέλουν,
1221 2418 1343 2465 ἐπειδὴ
1377 2419 1444 2465 τὴν
1478 2420 1618 2455 ἑαυτῶν

879 2462 1048 2506 ἐξέλιπον.

924 2510 1057 2542 decima
1100 2511 1256 2553 praedae
1292 2512 1450 2554 Apollini
1497 2522 1615 2544 conse-

878 2555 990 2596 crata]
1017 2554 1116 2587 Fest.
1142 2567 1169 2587 s.
1197 2566 1228 2588 v.
1258 2556 1446 2596 Potitium,
1479 2567 1512 2598 p.
1539 2559 1616 2587 237.

879 2598 1007 2631 Muell.
1042 2599 1208 2632 Hercules
1239 2612 1314 2632 cum
1346 2624 1377 2632 ..
1406 2601 1616 2632 decimam

879 2643 1027 2674 bovum
1064 2667 1095 2675 ..
1125 2647 1429 2686 profanasset.
1489 2644 1615 2675 Aurei.

880 2686 969 2718 vict.
1000 2687 1091 2730 orig.
1121 2693 1221 2731 gent.
1246 2689 1288 2720 R.
1315 2692 1347 2729 6.
1374 2691 1405 2720 5.
1436 2689 1519 2719 Tum
1546 2689 1616 2720 Rc-

879 2742 1028 2763 caranus
1055 2733 1115 2764 sub
1142 2734 1311 2765 Aventino
1341 2734 1518 2764 Inventori
1545 2733 1615 2765 Pa-

880 2776 926 2808 tri
973 2787 1070 2807 aram
1113 2777 1305 2815 dedicavit,
1355 2778 1616 2819 appellavitque

884 2820 1095 2860 Maximam,
1141 2826 1172 2852 et
1211 2822 1306 2863 apud
1339 2831 1415 2853 eam
1449 2822 1617 2854 decimam

879 2865 1011 2906 pecoris
1045 2866 1263 2906 profanavit.
1317 2865 1468 2909 Dionys,
1496 2866 1532 2908 I,
1558 2867 1614 2897 44.

882 2905 1003 2946 θύσας
1031 2910 1107 2947 τοῖς
1136 2909 1240 2948 θεοῖς
1269 2907 1333 2949 τὰς
1363 2907 1516 2949 δεκάτας
1547 2909 1617 2942 τῶν

882 2949 1064 2994 λαφύρων.
