1845 3131
215 20 296 62 488
840 21 1113 64 MACROBII

415 133 563 176 ποίους
590 127 638 169 τὸ
668 130 840 169 πλοῖον·
886 126 987 171 οὐδὲ
1017 128 1056 184 μ’
1087 127 1243 182 οἶσθας
1274 130 1408 176 ἄθλιε.

156 183 205 224 16
418 185 469 223 Ec
496 198 606 224 sacer
635 185 796 238 inplevit
834 185 1011 226 dextram
1040 188 1218 241 scyphus.

216 239 394 293 Scypltus
419 238 602 278 Herculis
632 239 817 292 poculum
845 246 904 280 cst
935 240 987 281 ita
1014 246 1060 281 ut
1084 242 1216 282 Liberi
1242 243 1363 296 patris
1387 244 1608 285 cantharus.
1653 243 1758 285 Her-

218 296 346 334 culem
380 306 472 333 vero
506 293 663 334 fictores
692 300 842 335 veteres
879 309 960 335 non
1001 296 1084 336 sine
1114 311 1234 337 causa
1260 312 1349 338 cum
1382 300 1531 352 populo
1565 300 1759 348 fecerunt,

218 354 256 389 et
285 362 587 401 nonnumquam
619 350 911 390 cassabundum
943 356 982 391 et
1011 352 1184 400 ebrium,
1214 367 1295 393 non
1325 354 1455 394 solum
1488 355 1596 408 quod
1628 355 1659 395 is
1690 355 1757 395 he-

217 417 282 443 ros
311 403 428 443 bibax
459 403 581 444 fuisse
612 405 864 458 perhibetur,
916 406 983 446 sed
1021 407 1138 447 etiam
1180 408 1288 461 quod
1315 409 1478 462 antiqua
1508 410 1672 450 historia
1700 415 1760 450 est

218 459 433 499 Herculem
463 459 607 513 poculo
636 466 840 514 tamquam
868 461 1024 513 navigio
1052 462 1177 503 ventis
1204 463 1381 503 inmensa
1411 464 1535 504 maria
1560 465 1758 506 transisse.

156 512 204 552 17
219 514 295 555 Sed
331 514 380 554 de
412 519 585 568 utraque
623 529 665 555 re
702 529 825 569 pauca
860 530 907 556 ex
945 516 1108 558 Graecis
1147 518 1453 572 antiquitatibus
1493 519 1633 560 dicam.
1706 521 1760 561 Et

222 570 475 610 multibibum
510 570 632 610 heroa
662 571 781 611 istum
812 570 951 621 fuisse,
993 578 1040 613 ut
1069 579 1220 614 taceam
1252 587 1355 627 quae
1386 574 1501 627 vulgo
1533 580 1626 616 nota
1656 581 1762 625 sunt,

221 625 318 665 illud
348 640 428 666 non
460 625 678 666 obscurum
710 632 989 679 argumentum
1025 633 1096 677 est,
1130 629 1239 682 quod
1269 629 1481 684 Ephippus
1512 629 1550 671 in
1578 630 1762 673 Busiride

215 680 370 721 inducit
398 681 611 721 Herculem
644 681 699 721 sic
729 682 978 734 loquentem:

425 732 518 775 Οὐκ
549 731 681 775 οἶσθά
709 734 749 788 μ’
781 734 909 786 ὄντα,
939 734 1044 788 πρὸς
1070 738 1206 786 θεῶν,
1242 736 1482 792 Τιρύνθιον

418 787 629 843 Ἀργεῖονς
657 791 699 831 οἳ
725 789 957 843 μεθύοντες
985 788 1051 831 ἀεὶ
1078 790 1152 840 τὰς
1181 790 1316 846 μάχας

309 924 412 965 [uss.
439 925 465 956 Ρ
490 926 563 963 (AS
590 937 658 958 om.
679 927 847 967 Graec.].

216 979 339 1019 θαρον
369 979 497 1022 Ποῖον,
516 977 557 1011 τὸ
580 980 737 1018 πλοῖον).
779 981 1209 1014 ΤοΝΛεΧΡϊοογΝΘΑιό
1231 982 1271 1014 Ρ.
1320 980 1385 1014 τὸν
1408 980 1444 1014 δ’
1468 980 1649 1025 ἐχρύσουν
1670 983 1757 1018 κάν-

217 1023 339 1062 θαρον
369 1022 468 1053 ch-b.
485 1042 528 1048 —
550 1034 585 1054 v.
611 1027 643 1055 5.
673 1035 820 1056 1111010nv
844 1026 884 1056 P.
910 1043 952 1048 -—
977 1021 1060 1056 ούὸὲ
1080 1022 1114 1066 μ’
1142 1022 1276 1064 οἶσθας
1297 1027 1430 1068 scripsi
1457 1038 1536 1058 cum
1563 1028 1757 1062 Meinokio.

218 1068 314 1096 οΥΔε
336 1066 505 1099 ιηοισΘ.-ιο
537 1067 574 1098 Ρ.
625 1064 710 1099 οὐδὲ
732 1064 766 1109 μ’
796 1064 909 1101 οἶσθά
935 1065 964 1099 σ’
998 1069 1099 1100 cli-b.
1140 1069 1262 1110 (Apud
1301 1071 1527 1102 Athenaeum
1561 1071 1652 1103 haec
1685 1084 1755 1104 nnn

220 1110 434 1149 leguntur.)¹
471 1128 514 1134 —
554 1110 687 1143 ΑΘΑιε
712 1112 750 1143 P.
891 1115 943 1144 16.
991 1114 1034 1144 [Gt
1064 1113 1174 1153 sacer]
1210 1113 1263 1145 Cf.
1292 1116 1311 1154 ἓ
1343 1117 1371 1145 1.
1411 1133 1454 1138 —
1493 1117 1758 1148 cassabundum

218 1153 322 1185 ASvi.
369 1155 675 1195 quassabundum
708 1167 784 1196 c-g.
832 1157 1078 1188 casabundum
1113 1157 1216 1188 s-bP.
1257 1175 1297 1181 —
1335 1158 1483 1190 historia
1510 1161 1598 1195 (om.
1628 1162 1693 1201 est)
1719 1160 1756 1192 S.

218 1198 412 1238 —pocula
433 1198 468 1229 S.
497 1217 532 1221 —
557 1199 703 1240 navigio
725 1205 874 1232 vectum
900 1200 971 1231 ³12.
1004 1200 1102 1231 lde-m
1128 1202 1221 1233 coni.
1248 1201 1439 1233 Bentleius
1466 1202 1597 1242 Opuse⁴
1625 1215 1658 1244 p.
1682 1206 1758 1235 213.

217 1240 374 1283 Lennep.
402 1243 444 1273 ad
473 1242 663 1274 Phalarid.
690 1243 796 1285 epist.
824 1243 871 1282 ΙΙ,
896 1255 928 1285 p.
956 1246 1009 1275 62.
1039 1244 1101 1275 vid
1142 1250 1214 1276 not.
1355 1248 1407 1277 17.
1451 1244 1530 1277 Οὐκ
1554 1243 1679 1288 οἶσθα]
1701 1247 1755 1279 Cf.

216 1285 346 1316 Athen.
378 1285 421 1325 Χ,
452 1288 502 1324 12,
527 1298 557 1327 p.
584 1289 662 1318 442.
690 1288 730 1326 d,
758 1287 928 1319 Meinelce
954 1287 1052 1318 Com.
1078 1288 1139 1319 Gr.
1167 1289 1233 1325 111,
1264 1300 1296 1329 p.
1321 1292 1398 1321 322.
1434 1307 1477 1313 —-
1520 1285 1598 1320 Οὐκ
1703 1287 1757 1322 ἀεὶ

217 1339 286 1359 0111.
314 1339 388 1360 v-a.
430 1329 468 1361 1n
496 1330 548 1372 hg
574 1341 704 1362 versus
728 1342 795 1362 nou
818 1331 1106 1373 distinguuntur,
1129 1336 1164 1363 et
1189 1332 1407 1364 omittuntur
1428 1333 1539 1364 verba
1565 1333 1758 1374 τοιγαροῦν

217 1369 384 1414 φεύγουσ’
407 1370 473 1406 ἀεὶ.
490 1392 527 1397 -
554 1385 587 1406 v.
604 1377 633 1407 1.
661 1371 779 1406 οἶσθα
799 1371 834 1415 μ’
859 1376 937 1407 h-b.
963 1393 1007 1399 —-
1031 1386 1060 1406 v.
1077 1378 1110 1406 2.
1137 1374 1179 1407 ot
1203 1376 1281 1408 h-b.
1310 1395 1349 1400 —
1376 1386 1506 1408 Αεπᾼσ
1521 1376 1559 1407 Ρ.
1590 1375 1671 1408 αἰεὶ
1695 1374 1759 1414 τὰς

259 1505 292 1526 v.
317 1496 348 1525 5.
391 1490 533 1537 οἶσθας]
565 1495 616 1527 De
641 1495 711 1527 hac
736 1496 853 1528 forma
879 1496 951 1528 vid.

215 1538 381 1570 Pierson.
416 1539 459 1570 ad
498 1540 612 1570 Μυον-
650 1546 685 1571 et
717 1540 819 1572 Suid.
857 1552 886 1572 s.
919 1552 951 1572 v.

216 1578 339 1623 οἶσθα,
363 1583 531 1614 Eustath.
550 1585 592 1615 aa
622 1583 688 1615 od.
718 1596 751 1625 p.
784 1587 952 1624 1773‚27‚

219 1625 343 1656 Photii
381 1626 464 1658 Lex.
500 1638 532 1667 p.
569 1630 656 1667 323,
695 1630 743 1659 19.
792 1628 952 1659 Chaero-

216 1670 365 1700 hnscum
399 1670 432 1701 in
468 1670 584 1702 Bekk.
615 1671 747 1702 Anecd.
783 1683 816 1713 p.
856 1675 951 1703 1295.

216 1713 376 1744 Meinek.
406 1714 440 1745 iu
470 1715 524 1746 ed.
552 1715 710 1752 maiorm
746 1715 954 1747 Buttmann.

1068 1497 1247 1529 Herculem
1274 1498 1396 1539 poculo
1416 1503 1593 1540 tamquam
1614 1498 1759 1541 navigio

1022 1542 1130 1572 ventis
1156 1543 1309 1573 inmensa
1336 1543 1446 1573 maria
1476 1541 1652 1584 transisse]
1687 1543 1756 1574 Pro

1020 1586 1130 1616 ventis
1165 1585 1233 1616 viri
1268 1585 1365 1616 docti
1406 1586 1638 1618 coniecerunt
1674 1597 1755 1618 esse

1024 1629 1217 1668 legendum
1256 1635 1406 1669 vectum,
1447 1635 1485 1660 ut
1526 1629 1622 1661 infra
1658 1631 1673 1671 ᾗ
1707 1632 1757 1662 18.

1023 1673 1111 1703 vide
1149 1684 1191 1703 ne
1230 1672 1296 1704 illa
1333 1684 1418 1704 vnce
1453 1673 1662 1705 Macrobius
1697 1685 1759 1705 vn-

1024 1716 1133 1747 luerit
1159 1716 1371 1758 siguificare
1396 1728 1477 1748 eum
1505 1717 1618 1748 fuisse
1639 1717 1760 1749 ventis

215 1757 314 1788 Ausf.
345 1768 398 1799 gr.
431 1757 588 1799 Sprachl
634 1759 649 1799 §
683 1762 754 1790 109.
786 1759 867 1792 Not.
902 1762 951 1790 10.
1022 1760 1215 1801 agitatum.
1281 1761 1355 1791 vid,
1399 1761 1492 1802 apud
1525 1761 1655 1792 Athen.
1696 1761 1758 1802 XI,

214 1800 395 1833 Matthiae
428 1801 444 1842 ζ)
476 1804 560 1840 231,
587 1805 619 1833 2.
669 1802 805 1834 Sensus
840 1803 952 1834 inter-

215 1849 343 1885 ruptus
371 1850 437 1882 est,
466 1847 699 1887 quamobrem
728 1847 817 1878 haec
841 1848 953 1879 verba

213 1890 306 1929 apud
325 1889 549 1921 Athenaeum
577 1895 661 1922 sunt
687 1891 836 1929 omissa,
857 1891 950 1932 quod

213 1932 358 1972 quidem
406 1932 551 1965 videtur
600 1934 762 1966 indicare
810 1935 952 1966 Macro-

213 1976 312 2007 bium
349 1977 439 2008 haec
477 1988 543 2008 non
575 1989 616 2009 ex
655 1979 732 2020 ipso
766 1978 952 2010 Athenaeo

213 2019 397 2061 hausisse,
420 2021 481 2051 sed
509 2033 550 2052 ex
577 2023 701 2053 eodem
727 2023 840 2053 fante.

261 2066 310 2094 16.
359 2065 613 2096 cassabundum
650 2071 681 2097 et
717 2066 860 2106 ebrium]
898 2065 954 2097 Cf.

215 2106 328 2137 Varro
364 2107 400 2138 L.
440 2107 476 2138 [ιΔ
513 2109 596 2147 vlt,
629 2111 670 2147 3,
709 2109 724 2149 §
759 2111 812 2139 53.
852 2109 954 2150 Apud

218 2150 408 2181 Naeuium:
449 2152 526 2182 Risi
547 2157 679 2194 egomet
702 2163 830 2183 mecum
859 2163 952 2183 cas-

214 2194 460 2225 sabundum
503 2195 552 2226 ire
593 2196 769 2232 elutum,-
807 2206 952 2226 cassa-

213 2237 381 2268 bundus
413 2249 434 2268 a
463 2238 626 2269 cadendo.
676 2238 777 2269 llaec
812 2243 952 2281 etymo-

214 2280 313 2321 logia
340 2281 370 2311 si
398 2292 481 2312 vera
509 2286 585 2320 est,
624 2293 690 2312 nnn
716 2288 772 2313 est
798 2283 953 2323 proban-

214 2324 297 2355 dum
324 2325 457 2364 duplex
483 2336 507 2356 s.
560 2326 609 2356 De
646 2337 684 2356 re
719 2327 811 2357 conf.
838 2326 953 2357 Muel-

216 2368 281 2398 ler.
309 2368 451 2399 Handb.
479 2369 511 2398 11.
539 2369 645 2400 Λιό11.
677 2368 692 2409 §
719 2371 796 2407 411,
820 2372 853 2400 2.
902 2370 953 2401 De

213 2411 343 2453 scyphi
372 2412 489 2443 forma
514 2413 584 2444 vid.
615 2413 699 2444 ibid.
729 2413 744 2454 §
770 2416 848 2453 299,
876 2414 908 2444 d.

258 2456 348 2496 qnod
381 2457 408 2485 is
440 2456 537 2487 heros
563 2457 662 2488 bibax
689 2458 803 2495 fuisse
835 2457 951 2498 perhi-

212 2499 321 2539 betur]
351 2498 404 2530 Cf.
433 2500 560 2530 Athen.
589 2500 648 2536 xl,
673 2503 725 2530 38.
750 2513 783 2542 p.
813 2503 889 2531 469.
915 2501 947 2531 11.

213 2539 279 2583 Μή
296 2552 382 2573 ποτε
408 2540 457 2581 δὲ,
483 2540 571 2574 ἐπεὶ
597 2541 807 2584 μεγάλοις
837 2542 949 2584 ἔχαι-

212 2596 255 2626 ρε
280 2586 519 2627 ποτηρίοις
543 2583 561 2617 ὁ
585 2586 712 2629 ἥρως,
734 2584 858 2618 διὰτὸ
888 2585 950 2627 με’-

210 2630 319 2670 γεθος
342 2629 523 2667 παίζοντες
550 2629 583 2661 οἱ
606 2631 752 2672 ποιηταὶ
776 2629 837 2662 καὶ
864 2640 947 2671 συγ-

210 2674 360 2713 γραφεῖς
406 2674 504 2705 πλεῖν
547 2671 660 2706 αὐτὸν
710 2671 746 2706 ἐν
789 2673 949 2719 ποτηρίῳ

210 2713 503 2758 ἑμυθολόγησανς
552 2723 587 2750 et
628 2713 683 2749 ὅτι
723 2716 760 2750 δὲ
800 2720 863 2754 εἰς
898 2716 950 2758 ἠν

210 2755 422 2801 Ἡρακλῆς
449 2761 538 2792 τῶν
568 2762 772 2793 πλεῖστον
802 2758 950 2793 πινόν-

213 2813 296 2834 των
328 2803 555 2846 προείπομεν.
609 2804 665 2836 Ct'.
699 2805 787 2837 ibid.
821 2806 876 2835 41.
913 2816 948 2846 p.

210 2847 286 2877 470.
309 2858 339 2878 e.
376 2853 412 2879 et
446 2848 570 2890 Eurip.
612 2848 747 2881 Alcest.
780 2850 845 2880 756
874 2859 950 2889 sqq.

1020 1807 1073 1835 39.
1112 1816 1145 1844 p.
1185 1806 1261 1835 470.
1293 1815 1321 1835 c.
1364 1806 1475 1836 verba
1514 1805 1757 1847 Pherecydis:

1021 1843 1075 1878 ὅτι
1102 1845 1137 1879 δὲ
1160 1841 1206 1889 ἧν
1237 1845 1274 1879 ἐν
1303 1844 1463 1889 nel-(lya,
1491 1843 1658 1885 Ὠκεανὸς
1682 1858 1760 1880 πει-

1021 1888 1177 1931 ρώμενος
1203 1888 1318 1922 αὐτοῦ
1350 1890 1558 1932 κυμαίνει
1582 1888 1623 1922 τὸ
1648 1889 1760 1929 δέπας

1021 1932 1310 1975 φανταζόμὲνος,
1356 1940 1391 1966 et
1434 1935 1673 1967 Hildebrand.
1714 1936 1759 1967 ad

1020 1979 1151 2009 Arnob.
1176 1979 1202 2016 1,
1222 1981 1275 2009 30.
1310 1980 1538 2020 Quamquam
1566 1983 1756 2011 construc-

1025 2022 1074 2053 tio
1101 2023 1293 2053 verborum
1321 2024 1464 2054 laborat
1489 2023 1627 2064 duplici
1654 2023 1757 2054 abla-

1024 2066 1118 2101 tivo,
1158 2067 1280 2107 poculo
1311 2071 1346 2097 et
1377 2067 1505 2104 ventis,
1540 2077 1621 2097 cum
1648 2067 1757 2097 verbo

1022 2109 1185 2140 transisse
1209 2109 1415 2140 coniuncto.
1464 2109 1558 2149 Quid
1589 2120 1696 2151 erg0‚
1724 2109 1756 2141 si

1022 2162 1085 2193 pro
1110 2153 1220 2182 ventis
1244 2152 1446 2183 scribamus
1472 2152 1668 2184 utentem?

1072 2198 1118 2226 17.
1173 2196 1401 2232 multibibum]
1441 2196 1513 2227 Vox
1551 2200 1606 2227 est
1646 2197 1757 2228 Plau-

1021 2238 1115 2276 tina,
1139 2239 1184 2269 cf.
1211 2239 1352 2270 Cistell.
1380 2240 1408 2279 Ι,
1431 2241 1464 2279 3,
1493 2242 1522 2270 1.
1547 2245 1582 2272 et
1608 2239 1755 2272 Curcul-

1022 2282 1049 2321 1,
1082 2286 1110 2316 l.
1144 2286 1197 2312 77.
1248 2283 1297 2313 De
1324 2294 1360 2314 re
1387 2283 1457 2314 vid.
1484 2287 1555 2315 not.
1583 2283 1626 2315 ad
1656 2285 1676 2323 ἓ
1704 2286 1756 2316 16.

1069 2322 1147 2357 Ούκ
1189 2322 1300 2358 οἶσθα
1350 2327 1434 2368 cet.]
1479 2327 1546 2358 His
1586 2326 1757 2359 versibus

1022 2370 1114 2410 apud
1144 2369 1370 2401 Athenaeum
1405 2371 1427 2401 1.
1453 2382 1481 2401 c.
1515 2371 1757 2411 praemittun—

1023 2417 1081 2444 tur
1118 2413 1273 2444 haecce:
1323 2413 1595 2458 Κωμῳδοῦνται
1633 2411 1670 2445 δὲ
1708 2410 1756 2451 ὥς

1019 2455 1175 2497 μέθυσοι
1204 2453 1346 2498 Ἀργεῖοι
1375 2455 1439 2498 μὲν
1468 2456 1528 2489 καὶ
1562 2455 1756 2497 Τιρύνθιοι

1018 2496 1088 2531 ὑπὸ
1109 2496 1289 2541 Ἐφίππου
1312 2498 1348 2532 ἐν
1372 2499 1566 2542 Βουσίριδι.
1596 2501 1694 2531 ποιεῖ
1717 2497 1755 2531 δὲ

1016 2541 1081 2574 τὸν
1126 2539 1295 2584 Ἡρακλέα
1336 2543 1502 2585 λέγοντα,
1554 2547 1589 2574 et
1630 2543 1753 2574 verbis

1022 2588 1227 2628 Τοιγαροῦν
1255 2583 1422 2629 φεύγουό
1448 2584 1522 2626 ἀεὶ,
1557 2595 1649 2626 quae
1683 2596 1753 2618 non

1018 2631 1190 2672 leguntur
1220 2631 1255 2661 in
1286 2632 1365 2662 edd.
1401 2631 1471 2672 hg,
1510 2630 1752 2670 praemissum

1018 2679 1073 2705 est
1107 2674 1155 2713 133
1193 2674 1384 2706 tribuenda
1409 2673 1503 2704 enim
1529 2678 1613 2704 sunt
1642 2673 1753 2706 Busi-

1018 2717 1100 2749 ridi.

1067 2757 1265 2800 Τιρύνθιον
1277 2755 1440 2800 Ἀργεῖον]
1470 2758 1494 2790 i.
1519 2770 1548 2791 e.
1568 2759 1753 2802 Tirynthe

1017 2804 1106 2835 urbe
1131 2802 1267 2843 Argiva
1298 2806 1415 2834 natus.
1461 2803 1512 2834 Ad
1543 2803 1635 2836 haec
1658 2802 1752 2836 κατὰ

1018 2843 1157 2878 σύνεσιν
1173 2845 1331 2878 refertur
1349 2845 1382 2878 id
1400 2847 1493 2888 quod
1511 2848 1689 2890 sequitur,
1703 2845 1751 2880 οἳ.
