1844 3168
361 52 834 98 SATURNALIORUM
869 53 968 95 LIB.
1000 56 1029 96 1.
1066 55 1184 98 CAP.
1217 55 1330 97 XVI.
1538 57 1616 99 139

82 168 226 209 Fabius
258 167 458 208 Maximus
491 166 732 207 Servilianus
757 164 932 220 pontifex
964 165 1002 206 in
1034 166 1135 206 libro
1165 167 1258 207 ΧΠ.
1284 172 1402 220 negat
1431 173 1617 221 oportere

79 230 166 266 atro
197 223 261 263 die
296 229 522 277 parentare;
568 222 660 276 quia
692 228 785 262 tune
816 236 979 276 quoque
1012 223 1149 263 lannin
1184 224 1402 277 lovemque
1427 224 1685 279 praesari12ffll

79 294 240 320 neeesse
284 285 365 327 est,
415 293 516 332 quos
558 279 751 318 nominari
789 284 875 318 atro
915 278 978 318 ‹lie
1015 293 1093 317 non
1133 285 1302 331 oportet.
1374 283 1479 320 Ante
1512 281 1686 323 (11011126

81 349 244 389 quoque
280 341 465 389 quartum
499 335 698 375 Kalendas
728 335 784 374 101
815 333 948 374 Nonas
980 334 1035 374 w!
1069 334 1161 374 Idus
1191 340 1391 388 tamquam
1425 336 1618 377 inomina-

82 392 156 432 lem
194 391 297 431 ‹liein
334 391 513 445 plerique
549 392 683 431 vitant.
744 391 842 431 Eius
873 390 1159 430 observationis
1200 404 1247 429 an
1284 391 1419 441 religio
1458 393 1533 432 ulla
1570 394 1621 435 sit

81 447 224 487 tradita
264 447 399 500 quaeri
435 448 554 486 solet:
600 447 667 487 sed
708 461 780 486 nos
817 446 912 485 nibil
948 459 1068 499 super
1096 460 1138 485 ea
1174 460 1214 485 re
1250 447 1439 499 scripturn
1471 449 1618 490 imenl-

82 517 182 551 1nus‚
214 504 286 543 nisi
321 503 427 556 quod
461 505 510 552 Q.
539 502 729 543 Claudius
756 501 968 542 Annalium
999 502 1140 555 quinto
1167 502 1317 542 cladem
1348 502 1451 543 illam
1485 506 1620 546 mstis-

81 559 220 599 simam
252 572 408 612 pugnae
440 558 660 599 Cannensis
693 558 833 598 saetam
866 558 985 597 refert
1013 563 1105 597 ante
1135 557 1237 597 diem
1269 564 1455 612 quartum
1487 561 1622 603 Nonas

83 615 262 655 Sextiles.
339 614 401 654 Ad
449 627 529 654 reni
580 628 674 653 sane
720 614 928 654 militarem
976 613 1069 653 nibil
1113 613 1280 654 attinere
1324 621 1437 655 notat
1485 618 1686 667 Varro‚27

80 676 214 711 utrum
247 670 369 710 fastus
398 669 457 710 vel
496 669 670 710 nefastus
701 669 784 709 dies
817 671 885 718 sit,
933 669 1001 709 sed
1034 669 1080 709 ad
1114 671 1217 710 solas
1252 670 1326 711 boc
1358 672 1534 713 artiones
1562 688 1621 715 re-

82 726 233 779 spicere
267 725 448 778 privatas.
521 726 640 775 Quod
681 731 814 765 autern
855 725 1051 765 nundinas
1080 725 1194 767 ferias
1225 726 1303 766 (lixi
1340 732 1471 781 potest
1501 730 1688 782 arganil*

82 782 174 834 quia
205 781 318 821 'l'itus
349 781 397 820 ‹le
434 780 538 821 seriis
567 781 743 821 scribens
772 782 1038 822 nundinarum
1067 782 1150 821 dies
1182 796 1261 822 non
1292 783 1394 823 inter
1414 783 1530 825 serias
1562 801 1622 827 re-

82 837 172 877 tulit
201 837 268 877 sed
299 842 452 877 tantuin
485 837 695 877 sollemnes
726 838 898 878 voravit:
951 843 989 877 et
1020 838 1128 891 quod
1159 838 1284 878 lulius
1313 840 1522 882 Modestus
1554 843 1622 883 ad-

83 893 213 933 lirinat
241 893 412 932 Messala
442 907 593 945 augure
626 894 858 934 consulente
887 894 1117 947 pontiliees,
1155 908 1203 934 an
1241 896 1508 937 nundinarum
1541 900 1622 939 Ro-

82 962 288 989 manarum
318 949 607 1003 N‹.)naru¹nque
637 949 720 989 dies
745 949 849 989 seriis
878 950 1120 997 tenerentur,
1148 952 1399 1004 respondisse
1428 966 1496 994 eos
1521 968 1621 994 nun-

82 1004 195 1044 dinas
224 1004 298 1045 sibi
328 1004 442 1045 serias
474 1020 553 1044 non
582 1005 725 1046 wideri:
758 1011 797 1046 et
825 1006 933 1059 quod
960 1006 1171 1046 Trebatius
1197 1007 1235 1046 in
1262 1008 1361 1048 libro
1392 1009 1520 1062 primo
1545 1011 1622 1051 Re-

83 1060 273 1114 ligionum
311 1060 367 1101 ait
396 1061 584 1102 nundinis
613 1061 886 1115 magistratum
920 1075 1037 1116 posse
1066 1076 1187 1104 manu
1213 1063 1369 1105 mittere
1396 1065 1623 1121 iudiciaque

1133 1190 1224 1223 Edd.
1250 1190 1533 1237 vit-ahgspdzb]

216 1247 271 1276 25.
310 1245 482 1287 praesare
518 1244 556 1276 A.
1107 1246 1267 1288 Sextiles]
1305 1247 1403 1279 Gell.
1435 1249 1458 1281 1.
1486 1261 1515 1281 c.
1545 1252 1566 1291 ἓ
1590 1254 1624 1283 3.

693 1247 749 1276 26.
793 1246 881 1277 Ante
906 1246 995 1278 diem
1022 1271 1053 1279 ..
1070 1271 1077 1278 .

82 1305 124 1312 ·—
164 1291 253 1322 Ante
277 1294 436 1331 quartum
471 1293 560 1326 (om.
588 1289 676 1320 diem
704 1293 854 1331 quoque)
890 1291 929 1321 Α.
972 1309 1016 1314 -
1057 1292 1314 1323 innominalem
1355 1292 1449 1324 coni.
1487 1295 1624 1327 Meurs.

82 1333 280 1365 adiiciens:
307 1333 576 1372 „Innominalis
597 1337 653 1364 est
678 1334 882 1365 nel'astns“.
907 1352 949 1358 —
971 1335 1115 1367 senilis
1135 1336 1242 1378 Sv-g.
1379 1339 1433 1369 27.
1468 1339 1523 1370 Ad
1549 1350 1624 1371 eam

82 1389 151 1409 rem
178 1378 215 1409 S.
350 1379 404 1407 223.
447 1378 626 1409 nundinis
649 1381 747 1419 (sup.
773 1381 813 1415 a]
838 1378 876 1409 Α.
902 1395 942 1401 -
970 1379 1058 1419 disi]
1085 1381 1104 1419 ς
1127 1383 1157 1411 8.
1187 1397 1227 1403 -—
1258 1380 1382 1412 'fitius
1405 1382 1485 1413 dzb.
1545 1385 1626 1415 Ciu-

83 1423 156 1454 cius
193 1421 287 1453 coni.
323 1421 526 1452 Merkelius
561 1421 596 1453 in
628 1423 797 1464 prolegg.
832 1422 875 1454 ad
908 1423 1014 1455 Ovid.
1045 1423 1144 1455 Fast.
1179 1435 1210 1464 p.
1244 1435 1385 1466 mxxvi„
1424 1426 1623 1459 adiiciens:

83 1477 153 1498 ..ea
187 1465 332 1498 nomina
361 1469 567 1506 permutata
597 1471 682 1498 sunt
706 1467 801 1508 apud
830 1467 879 1498 Io.
908 1467 1090 1500 Sarisber.
1115 1468 1211 1509 UH,
1237 1472 1267 1499 7.
1297 1469 1354 1501 vel
1379 1470 1502 1511 potins
1529 1473 1625 1514 apud

83 1511 312 1542 macrobium
341 1511 384 1546 ll,
408 1513 438 1542 9.
466 1509 618 1551 [111,13,
640 1511 719 1552 13.],
746 1510 807 1542 ubi
837 1510 919 1542 vide
937 1512 1179 1551 Menrsium“‚
1205 1513 1383 1555 probante
1403 1515 1625 1549 M.}1ertzi0

83 1556 128 1587 de
151 1554 237 1587 Luc.
264 1554 404 1587 Cinciis
430 1566 463 1597 p.
491 1556 533 1585 35
560 1566 614 1596 sq.
645 1555 691 1587 cs.
721 1555 786 1596 111,
813 1557 848 1596 2,
875 1558 926 1588 ll.
966 1575 1010 1580 —
1047 1558 1268 1590 nundinens
1295 1559 1394 1601 (sup.
1420 1561 1477 1602 as)
1501 1561 1542 1593 A.
1582 1580 1624 1585 ——

85 1670 200 1702 iusti.
247 1669 317 1701 Sed
347 1680 458 1710 purus
484 1668 563 1701 dies
588 1668 735 1700 videtur
758 1680 822 1710 op-

84 1714 169 1756 poni
194 1713 389 1755 religioso,
427 1718 465 1744 ut
489 1713 583 1754 apud
607 1712 821 1745 Ciceronem

85 1759 129 1790 de
156 1759 257 1800 legg.
288 1757 341 1797 ll,
363 1759 426 1796 22,
452 1760 506 1790 57.
537 1757 682 1798 familia
713 1769 821 1799 pura

84 1798 281 1844 opponitur
304 1804 483 1839 funestae,
521 1811 613 1842 qnae
640 1801 823 1843 religione

85 1851 252 1879 teneatur
276 1847 343 1885 (es.
363 1846 411 1877 ib.
435 1847 454 1884 ς’
480 1845 743 1881 551300105
769 1846 823 1877 (11-

86 1895 217 1922 cuntur
236 1901 321 1932 pure
346 1890 489 1921 haberi.
509 1900 601 1930 quae
625 1889 698 1920 sint
716 1900 737 1921 ει
761 1900 823 1921 vo—

85 1936 226 1977 luptate
265 1934 428 1976 liberae,
468 1934 586 1965 Plaut.
622 1934 722 1965 Asin.
763 1934 822 1975 lv,

113 2004 182 2054 ⁹25.
229 2025 337 2062 negat
371 2025 524 2062 oportere
561 2025 638 2053 atro
670 2021 726 2052 die
753 2032 821 2063 pa-

83 2065 233 2108 rentare}
253 2064 396 2096 Cf.Cic.
415 2065 438 2095 1.
452 2075 481 2095 0.
501 2066 520 2104 §
535 2067 589 2096 55.
609 2066 683 2097 Eas
699 2065 823 2103 (deni-

85 2111 186 2142 cnles
221 2109 355 2146 ferias)
397 2109 430 2140 in
472 2120 527 2140 eos
563 2110 635 2140 (lies
669 2111 823 2150 conferre

84 2156 160 2193 ius,
201 2159 239 2186 ut
267 2163 375 2194 neque
401 2153 509 2195 ipsius
534 2164 642 2195 neque
663 2154 824 2195 publicae

80 2200 195 2241 feriae
215 2199 296 2230 siut.
336 2196 391 2228 Cf.
421 2197 602 2239 Hartung.
630 2199 654 2228 1.
684 2209 716 2239 p.
742 2200 798 2229 50.

134 2244 256 2274 lanum
290 2241 468 2282 Iovemque
496 2241 668 2283 praefari]
709 2241 764 2273 Cf.
792 2252 822 2272 c.

85 2290 117 2319 9.
147 2288 191 2326 §5
217 2288 238 2316 3
264 2288 300 2316 et
324 2288 356 2316 9.
385 2289 421 2316 et
447 2295 540 2325 qnae
567 2285 693 2317 attulit
723 2285 821 2317 Har-

88 2334 190 2371 tung.
222 2329 268 2359 11.
301 2339 334 2369 p.
361 2331 417 2359 32.
464 2328 577 2360 Varro
612 2340 671 2370 ap.
698 2330 823 2371 Augu-

88 2373 174 2405 stin.
203 2373 247 2403 (10
270 2371 340 2403 civ.
367 2371 424 2402 dei
452 2372 529 2411 Vll,
553 2375 584 2403 9.
617 2373 724 2405 Penes
755 2375 822 2405 la-

88 2427 182 2449 num
205 2416 339 2457 prima,
375 2425 479 2456 penes
508 2416 644 2447 Iovem
677 2427 822 2456 summa,

88 2460 178 2492 Cato
204 2460 246 2490 R.
272 2459 315 2489 R.
350 2460 424 2488 134.
458 2459 571 2490 'I'hure
602 2460 682 2491 vino
720 2461 823 2492 Iano

91 2504 185 2537 Iovi
217 2503 342 2534 Iunoni
376 2504 540 2544 praefato
576 2506 612 2534 et
648 2505 721 2534 141.
759 2505 822 2535 Ια-

87 2559 183 2580 num
225 2547 436 2588 Iovemque
470 2547 550 2578 *vino
593 2548 825 2589 praefamine,

88 2591 168 2624 Liv.
191 2590 287 2629 vul,
303 2593 334 2629 9,
352 2593 384 2621 3.
411 2591 525 2628 Iane,
556 2590 728 2632 Iupiter
754 2596 824 2623 cet.

133 2638 186 2668 26.
236 2634 460 2666 inominalem
486 2633 588 2675 diem]
621 2634 645 2666 i.
670 2646 701 2666 e.
728 2634 824 2666 diem

90 2679 312 2717 infaustum,
351 2677 440 2710 mali
477 2678 624 2710 ominis.
672 2679 725 2710 De
755 2679 825 2710 hoc

91 2723 151 2755 die
176 2722 358 2755 Cannensi
391 2726 428 2754 et
453 2722 496 2754 de
522 2722 609 2754 aliis
635 2723 696 2764 qui
723 2727 827 2755 erant

92 2767 265 2799 similiter
289 2765 472 2809 religiosi,
497 2765 572 2799 vid.
599 2766 753 2799 Merkel.
781 2768 825 2800 ad

94 2810 201 2843 Ovid.
225 2810 323 2842 Fast.
348 2821 383 2852 p.
410 2821 542 2842 xxxlu.

136 2856 193 2886 27.
246 2859 361 2886 utrum
397 2856 517 2895 fastus
563 2855 617 2886 vel
668 2857 828 2896 nefastus

96 2897 168 2930 dies
186 2897 245 2939 sit]
261 2899 380 2931 Utrum
393 2914 435 2922 —-
449 2899 502 2931 vel
520 2909 585 2941 pro
599 2902 713 2932 utrum
725 2918 768 2924 —
782 2911 827 2933 an

887 1670 982 1702 anas
1029 1682 1206 1713 nusquam
1255 1673 1351 1715 apud
1395 1675 1625 1709 Macrobium

890 1725 947 1746 me
975 1716 1100 1758 legere
1126 1716 1288 1749 memini.

934 1761 990 1790 28.
1044 1765 1075 1792 et
1129 1762 1220 1802 quod
1271 1762 1382 1794 Iulius
1436 1762 1625 1805 Modestus]

890 1802 1079 1835 Particula
1112 1806 1204 1846 quod
1239 1805 1275 1836 h.
1314 1806 1336 1837 l.
1379 1809 1414 1837 et
1454 1806 1551 1839 infra
1589 1808 1626 1839 in

891 1847 1015 1878 verbis
1047 1853 1079 1880 et
1110 1849 1220 1890 quod
1247 1850 1428 1882 Trebatius
1456 1857 1538 1893 post
1562 1863 1627 1884 an—

890 1892 1064 1923 tecedens
1101 1894 1183 1934 quia
1218 1904 1260 1924 eo
1300 1893 1420 1936 magis
1459 1895 1628 1936 offendit,

890 1936 985 1977 qnod
1016 1935 1050 1967 in
1086 1937 1268 1978 principio
1298 1938 1410 1970 huius
1445 1940 1627 1973 enuntiati

890 1979 966 2011 alio
991 1991 1099 2012 sensu
1126 1981 1266 2022 legitur
1289 1983 1392 2024 quod.

938 2024 1105 2067 Messala]
1154 2025 1245 2067 Quis
1295 2026 1356 2058 hic
1402 2027 1515 2060 fuerit
1557 2039 1626 2061 non

891 2073 1045 2099 constat.

935 2113 1185 2155 magistratum
1233 2125 1334 2156 posse
1384 2125 1491 2147 manu
1547 2116 1628 2149 mit-

890 2155 972 2198 tere]
997 2167 1049 2187 sc.
1073 2167 1218 2189 servum
1245 2158 1416 2190 vindicta.
1447 2159 1501 2191 cf.
1522 2160 1626 2192 Rein.

889 2200 1126 2233 Privatrecht
1166 2213 1201 2243 p.
1240 2204 1303 2234 271
1348 2213 1400 2243 sq.
1473 2204 1627 2246 Proprie

890 2244 1037 2285 quidem
1074 2256 1142 2277 non
1188 2257 1297 2278 manu
1336 2246 1439 2279 misit
1479 2259 1627 2280 servum

890 2289 1151 2331 magistratus,
1201 2291 1263 2322 sed
1314 2291 1483 2324 dominns
1531 2293 1628 2334 apud

891 2332 1164 2375 magistratum.
1240 2334 1296 2366 Cf.
1336 2335 1414 2367 Liv.
1454 2336 1551 2375 XLI,
1593 2339 1627 2376 9,

892 2379 934 2408 10
957 2388 1009 2418 sq.
1034 2378 1089 2409 Ad
1114 2378 1226 2420 legem
1251 2384 1283 2411 et
1308 2380 1455 2411 edictum
1479 2381 1629 2413 consulis

890 2426 1030 2452 senatus
1061 2423 1252 2455 consultum
1286 2424 1458 2456 adiectum
1489 2430 1556 2457 est.-
1592 2430 1630 2457 ut

891 2464 1040 2496 dictator
1062 2467 1181 2498 consul
1207 2467 1357 2500 interrex
1381 2479 1499 2500 censor
1523 2479 1629 2510 prae-

891 2512 944 2539 tor
983 2509 1042 2549 qui
1079 2521 1170 2542 nunc
1208 2516 1313 2550 esset,
1355 2513 1475 2554 apud
1512 2523 1628 2543 eorum

893 2561 1010 2592 quem
1036 2563 1142 2585 manu
1165 2555 1378 2595 mitteretur,
1419 2556 1453 2587 in
1484 2556 1628 2587 liberta-

892 2599 958 2626 tem
1002 2596 1260 2637 vindicaretur,
1306 2604 1345 2631 ut
1386 2600 1628 2631 iusiurandum

894 2638 993 2671 daret
1034 2642 1106 2681 qui
1144 2653 1228 2673 eum
1263 2653 1387 2674 manu
1425 2644 1629 2682 mitteret,

893 2683 1045 2714 civitatis
1076 2686 1267 2718 mutandae
1292 2697 1401 2718 causa
1424 2698 1531 2719 manu
1560 2699 1629 2719 non

893 2727 1038 2758 mittere.

939 2771 1138 2812 iudiciaque
1162 2773 1333 2815 addicere]
1359 2772 1414 2804 Cf.
1437 2774 1548 2806 verba
1569 2785 1629 2807 so-

895 2813 1017 2846 lennia
1047 2816 1086 2854 (§
1113 2816 1187 2853 13.)
1225 2817 1269 2849 do
1301 2818 1378 2850 dico
1408 2818 1553 2859 addico,
1593 2822 1629 2851 et

896 2857 996 2889 Van-r.
1022 2857 1061 2890 L.
1087 2858 1128 2890 L.
1153 2859 1217 2900 VI,
1235 2863 1269 2901 7,
1294 2863 1348 2893 61.
1376 2862 1466 2894 Hinc
1491 2863 1572 2895 illa.-
1597 2886 1626 2894 ..

892 2903 1048 2944 prodixit
1072 2903 1175 2945 diem,
1200 2904 1377 2940 addixit
1402 2907 1628 2947 iudicium,
