1845 3126
178 46 232 86 46
815 37 1090 81 MACROBII

182 155 338 212 placido
369 151 581 194 conventui
611 154 909 204 congruentem.
966 150 1066 191 Erat
1093 150 1196 190 enim
1229 150 1475 191 amarulenta
1508 149 1719 191 dicacitate

183 218 223 255 et
254 213 386 264 lingua
418 212 599 262 proterve
634 205 829 255 mordaci,
878 219 1025 260 procax
1060 220 1105 247 ac
1142 220 1306 247 securus
1344 207 1585 248 offensarum
1617 220 1717 260 quas

115 269 292 324 [2261sine
324 265 480 306 delectu
507 263 587 304 cari
614 262 672 304 vel
704 276 785 303 non
816 262 933 303 amici
961 262 1001 302 in
1031 276 1072 303 se
1103 263 1248 317 passim
1277 263 1405 304 verbis
1436 262 1527 303 odia
1553 263 1718 303 serenti-

180 325 254 365 bus
288 321 542 377 provocabat.
599 319 677 360 Sed
708 319 1004 367 Praetextatus,
1048 324 1094 358 ut
1125 324 1209 359 erat
1239 319 1279 360 in
1310 333 1447 359 omnes
1479 332 1607 373 aeque
1637 319 1719 372 pla-

143 381 292 421 3cidus
328 392 372 419 ac
412 377 536 426 mitis,
576 381 621 416 ut
656 375 961 416 admitterentur
995 374 1124 415 missis
1160 375 1286 416 obviis
1318 375 1537 429 imperavit.
1605 375 1720 424 Quos

180 438 314 477 Herus
344 433 610 489 ingredientes
645 432 901 472 commodum
937 436 1174 472 consecutus
1203 431 1487 480 comitabatur,
1534 430 1593 471 vir
1634 443 1720 471 eor-

180 506 276 548 pore
305 496 426 545 atque
455 490 587 531 animo
615 488 724 528 iuxta
754 488 927 536 validus,
965 487 1034 541 qui
1064 491 1155 541 post
1182 487 1284 527 inter
1312 488 1463 541 pugiles
1494 486 1644 541 palmas
1671 486 1721 527 ad

181 547 456 604 philosophiae
500 545 629 586 studia
669 545 865 598 migravit,
910 550 1141 597 sectamque
1177 543 1424 585 Antisthenis
1469 549 1508 584 et
1550 542 1721 583 Cratetis

182 611 303 659 atque
337 603 460 659 ipsius
490 600 681 655 Diogenis
715 606 874 642 secutus
909 600 1012 641 inter
1043 600 1214 655 Cynicos
1253 614 1334 640 non
1363 599 1572 640 incelebris
1601 599 1721 639 habe-

144 663 311 703 4batur.
373 659 451 701 Sed
488 658 731 711 Evangelus,
778 663 991 712 postquam
1033 662 1187 697 tantum
1239 661 1397 697 coetum
1442 656 1721 708 adsurgentem

184 718 258 759 sibi
286 718 486 770 ingressus
516 714 699 755 offendit:
744 714 943 762 Casusne,
979 713 1130 768 inquit,
1158 713 1231 753 hos
1265 726 1404 753 omnes
1434 712 1481 752 ad
1509 717 1572 760 te,
1600 712 1721 752 Prae-

185 779 349 822 textate,
377 771 589 819 contraxit,
618 785 668 810 an
695 770 811 811 altius
840 770 1029 824 quiddam
1062 769 1125 810 cui
1153 769 1316 809 remotis
1349 768 1505 809 arbitris
1538 782 1639 821 opus
1672 767 1723 808 sit

185 829 394 884 cogitaturi
423 842 469 868 ex
500 827 693 881 disposito
723 826 994 867 convenistis?
1051 826 1173 876 Quod
1204 825 1236 865 si
1266 825 1319 866 ita
1351 830 1430 872 est,
1470 829 1516 865 ut
1542 823 1722 873 aestimo,

185 887 303 928 abibo
334 885 464 940 potius
492 897 610 938 quam
638 897 701 924 me
728 883 868 925 vestris
896 882 1072 923 miscebo
1102 881 1276 930 secretis,
1307 895 1330 921 a
1357 881 1502 935 quibus
1523 894 1585 920 me
1612 893 1721 920 amo-

148 943 292 986 5vebit
316 942 511 989 voluntas,
540 940 630 980 licet
656 939 815 980 fortuna
840 939 996 980 fecisset
1018 939 1187 978 inruere.
1246 938 1360 978 Tunc
1386 937 1555 985 Vettius,
1583 949 1721 990 quam-

185 999 243 1041 vis
276 998 324 1039 ad
357 1011 516 1039 omnem
553 996 779 1051 patientiam
822 1000 1050 1036 constanter
1091 994 1211 1034 animi
1251 993 1536 1047 tranquillitate
1572 992 1722 1041 firmus,

149 1054 365 1098 ssnonnihil
403 1059 537 1095 tamen
574 1052 866 1093 consultatione
910 1057 991 1092 tam
1031 1055 1216 1106 proterva
1251 1054 1402 1091 motus:
1469 1048 1510 1090 Si
1547 1053 1616 1089 aut
1647 1061 1722 1097 me,

276 1167 380 1210 [Mss.
405 1164 571 1198 ABGPS.

185 1228 294 1256 ventu
319 1222 354 1254 S.
380 1239 423 1245 —
449 1221 574 1264 lingua
597 1225 755 1262 proterve
780 1219 934 1251 mordaci
961 1217 1180 1259 ABGSv-gb
1208 1219 1254 1258 „2
1279 1216 1425 1259 Angl.“.
1464 1214 1723 1256 „Germaniam

186 1269 297 1300 immo
322 1276 498 1309 germana
526 1265 633 1306 plane
661 1264 792 1302 lectio,
833 1274 926 1305 qnae
958 1263 994 1294 in
1020 1262 1159 1304 scripto
1186 1266 1221 1294 et
1246 1266 1390 1293 vetuste
1419 1272 1560 1302 quoqne
1587 1260 1723 1292 cusisf‘

189 1314 291 1346 Pont.
341 1312 466 1354 lingua
491 1315 650 1353 proterve
674 1309 853 1340 mendaci
876 1309 914 1340 P.
963 1309 1113 1350 linguae
1134 1312 1335 1349 protervae,
1356 1306 1550 1338 mendacii
1574 1316 1642 1336 s-z.

233 1361 264 1388 3.
305 1357 403 1388 iuria
428 1366 496 1386 οηι.
518 1354 556 1386 P.
587 1372 630 1377 -
651 1358 728 1396 post
753 1354 841 1385 inter
862 1353 1003 1395 pugiles
1029 1352 1206 1393 AssGv-g.
1253 1351 1390 1393 primo
1415 1351 1503 1382 inter
1526 1350 1665 1393 pugiles
1687 1347 1723 1380 S.

188 1407 265 1445 post
291 1402 546 1432 innumeras
572 1399 660 1430 inter
684 1399 825 1441 pugiles
850 1398 956 1429 v-bP.
1092 1398 1124 1428 4.
1163 1400 1292 1427 coetum
1317 1400 1452 1427 tantum
1477 1394 1583 1436 Sv—g.
1610 1412 1650 1417 ——-
1679 1393 1725 1424 ad

189 1458 230 1479 se
252 1446 312 1478 AB
336 1446 387 1483 (G
414 1454 433 1475 a
457 1455 489 1485 p.
518 1447 595 1481 m.).
621 1461 665 1466 —
696 1443 848 1484 quidem
876 1441 900 1473 S
926 1452 946 1473 a
974 1452 1006 1481 p.
1033 1452 1079 1472 m.
1105 1458 1144 1463 —
1178 1440 1363 1483 cogitanti
1388 1443 1443 1470 vl.
1481 1457 1519 1461 ——
1553 1438 1727 1470 existimo

406 1491 436 1519 5.
475 1488 565 1519 Tum
585 1487 674 1518 Edd.
694 1487 732 1519 Ρ.
750 1506 793 1510 —-
813 1487 938 1518 vettius
955 1486 1091 1516 Bs-bP.
1148 1486 1194 1516 se
1215 1486 1283 1516 tius
1302 1489 1427 1522 (eraso
1442 1483 1476 1523 c)
1494 1484 1537 1514 G.
1591 1483 1728 1515 sectius

189 1502 268 1522 v-‹r.

189 1517 327 1578 ASUv-g.
350 1551 392 1557 -
430 1544 535 1565 imnus
561 1537 673 1565 esset
699 1542 777 1575 v-g.
805 1548 845 1555 -
869 1530 1104 1563 insultatione
1130 1529 1223 1561 coni.
1247 1528 1385 1560 Meurs.
1421 1528 1497 1559 vid.
1521 1531 1594 1560 not.

234 1646 266 1676 3.
318 1644 554 1687 ingredientes
595 1642 806 1674 commodum
842 1653 924 1673 con-

189 1689 336 1729 secutus]
387 1687 439 1719 Cf.
472 1687 579 1729 Apul.
614 1687 700 1718 Met.
734 1686 768 1725 Ι,
794 1688 848 1718 22.
890 1698 924 1728 p.

991 1645 1194 1683 potamus
1231 1639 1398 1678 mulsum,
1441 1637 1502 1670 ubi
1543 1637 1615 1671 vid.
1654 1639 1727 1669 not.

994 1684 1177 1716 Usitatior
1232 1687 1416 1714 structura
1471 1687 1570 1714 esset
1628 1692 1730 1723 quam

192 1736 267 1765 112.
304 1733 565 1765 Commodum
592 1742 735 1763 coenare
756 1730 925 1772 incipien-

190 1784 255 1812 tem
281 1778 435 1818 invenio,
472 1781 507 1808 ot
538 1775 657 1808 Hand.
684 1774 848 1807 Turseli.
877 1774 924 1813 11,

191 1835 225 1865 p.
249 1825 304 1854 99.

233 1871 311 1909 post
356 1865 444 1897 inter
492 1864 633 1907 pugiles
674 1862 827 1906 palmas]
872 1862 923 1894 Ad

190 1910 505 1953 praepositionum
532 1909 633 1940 iuxta
657 1919 696 1939 se
724 1908 927 1950 positarum

190 1955 430 1987 offensionem
483 1953 726 1993 mitigandam
783 1952 928 1983 videtur

190 2000 367 2032 insertum
397 2008 477 2029 esse
512 1997 734 2029 adiectivum
767 1997 927 2028 innume-

189 2056 259 2083 ras,
286 2043 380 2085 qnod
406 2053 474 2074 non
500 2045 704 2083 agnoscunt
729 2040 815 2072 libri
840 2051 927 2072 mss.

191 2100 212 2121 a
244 2100 301 2119 ine
328 2087 407 2128 ipso
433 2085 601 2128 inspecti.
650 2084 705 2116 Cf.
736 2084 873 2116 Comui.
898 2084 927 2122 I,

192 2136 226 2171 6,
252 2134 305 2164 73.
337 2133 452 2164 Inter
478 2130 676 2172 pugiles,
712 2133 747 2161 et
778 2128 926 2161 Sueten.

192 2177 275 2210 Ner.
293 2178 349 2207 22.
380 2176 498 2218 Neque
522 2174 763 2206 dissimulabat
783 2174 870 2205 velle
894 2183 928 2204 se

190 2222 304 2265 palm
318 2231 440 2252 arum
461 2230 638 2251 numerum
664 2218 846 2260 ampliare.

237 2265 450 2297 Antisthenis
471 2269 501 2296 ct
524 2263 670 2295 Cratetis
694 2268 797 2304 atque
821 2262 929 2304 ipsius

196 2308 376 2353 Diogenis]
402 2307 479 2340 Non
508 2308 605 2339 iusto
632 2307 759 2339 ordine
781 2306 820 2337 hi
847 2306 927 2348 phi·

192 2354 340 2395 losophi
380 2356 719 2385 commemorantur.
766 2350 929 2392 Namque

191 2398 428 2430 Antisthenes
447 2396 682 2429 Atheniensis
706 2395 777 2427 fuit
803 2400 931 2427 auctor

193 2442 354 2485 Cynicae
400 2446 541 2474 sectae:
599 2441 678 2473 eius
723 2440 928 2482 discipulus

193 2488 265 2519 fuit
290 2487 474 2529 Diogenes
500 2484 735 2525 Sinopensis,
776 2485 928 2526 eiusque

194 2532 338 2563 demum
393 2530 522 2562 Crates
579 2530 792 2561 Thebanus.
872 2528 927 2560 Cf.

193 2575 373 2607 Bruekeri
407 2575 493 2607 hist.
523 2575 604 2606 crit.
636 2574 772 2616 philos.
808 2572 836 2604 Ι.
870 2585 928 2614 pp.

193 2623 270 2659 860,
289 2624 366 2659 871,
385 2623 452 2651 888
469 2631 559 2661 sqq,
575 2619 676 2651 Snid.
693 2623 728 2650 et
744 2618 929 2649 Rani-En-

195 2666 287 2707 cycl.
318 2666 350 2696 d.
377 2665 484 2696 class.
510 2665 580 2697 Alt.
603 2663 714 2695 iViss.
737 2674 764 2695 s.
787 2662 850 2693 hh.
870 2673 927 2694 vv.

240 2712 270 2741 4.
321 2709 476 2751 offendit]
508 2709 563 2740 Cf.
589 2720 618 2740 c.
645 2711 676 2740 6.
704 2709 723 2747 ἓ
753 2709 784 2739 4.
817 2707 929 2747 Quid—-

197 2765 277 2785 nam
315 2755 584 2794 offenderint
621 2752 928 2785 sermocinationis.

243 2798 341 2829 abibo
388 2799 504 2839 potius
557 2809 659 2840 quam
708 2808 760 2828 me
807 2796 930 2828 vestris

197 2842 340 2873 miscebo
380 2842 529 2883 secretis]
573 2842 627 2873 Cs.
674 2841 748 2880 Ill,
784 2842 839 2878 16,
874 2843 927 2871 16.

198 2886 309 2917 verba
337 2884 447 2916 Titii:
487 2887 578 2926 Quid
599 2886 682 2918 mihi
710 2886 845 2928 negotii
869 2890 928 2917 est

197 2941 272 2962 cum
295 2930 370 2962 istis
392 2932 623 2973 nugatoribus
641 2931 783 2973 potius
808 2940 928 2972 quam

991 1730 1164 1767 misceam,
1191 1738 1299 1769 quani
1325 1728 1441 1758 solam
1469 1738 1549 1758 esse
1575 1727 1730 1758 latinam

993 1773 1084 1805 dicit
1111 1771 1321 1813 Madvigius
1346 1772 1389 1803 ad
1415 1771 1490 1804 Cic.
1517 1773 1560 1803 dc
1583 1771 1645 1802 fin.
1671 1769 1730 1809 lv,

992 1820 1034 1857 8,
1062 1820 1117 1848 23.
1164 1816 1263 1857 (Vid.
1298 1817 1361 1848 lat.
1399 1816 1568 1857 Spraclil.
1602 1818 1621 1855 ὃ
1651 1818 1729 1847 360.

992 1862 1072 1894 Not.
1097 1863 1128 1894 4.
1174 1861 1291 1892 Haud.
1318 1860 1481 1891 Turseli.
1509 1860 1566 1891 lv.
1594 1872 1628 1901 p.
1652 1861 1730 1891 514.

996 1911 1031 1938 ct
1056 1905 1192 1937 Brcmi.
1219 1906 1262 1937 ad
1282 1904 1386 1936 Corn.
1414 1905 1564 1936 Enmcn.
1592 1907 1650 1943 ll,
1675 1904 1730 1944 4.)

996 1950 1051 1982 Cf.
1081 1951 1201 1982 Plaut.
1229 1949 1338 1981 Truc.
1358 1949 1412 1988 II,
1437 1951 1477 1988 4,
1499 1952 1552 1980 88.
1586 1959 1638 1981 me
1664 1959 1730 1990 po-

994 1996 1064 2028 tius
1093 2006 1161 2027 non
1192 1995 1340 2026 amabo
1373 2005 1476 2035 quam
1509 1993 1588 2025 huic
1615 1993 1730 2025 desit

995 2050 1102 2072 amor.
1168 2038 1290 2070 Minus
1338 2042 1437 2069 reete
1477 2037 1644 2069 Kritzius
1684 2036 1729 2068 ad

996 2084 1071 2116 Sal.
1099 2083 1180 2124 Ing.
1216 2085 1295 2122 106,
1332 2084 1385 2122 3.,
1426 2086 1462 2114 et
1492 2082 1654 2114 Riihner.
1684 2081 1730 2113 ad

995 2128 1071 2160 Cic.
1100 2127 1211 2159 Tuse.
1237 2127 1290 2165 11,
1323 2128 1384 2165 22,
1409 2129 1465 2158 52.
1496 2127 1562 2158 alii
1589 2137 1653 2168 per
1678 2125 1730 2157 el·-

994 2172 1105 2214 lipsin
1126 2171 1414 2213 interpretantur
1440 2170 1729 2203 coniunctivum:

994 2228 1174 2259 perpessus
1196 2222 1244 2249 est
1270 2217 1385 2247 omnia
1403 2216 1521 2258 potins
1545 2226 1646 2258 quam
1672 2213 1730 2256 (id

997 2262 1074 2303 egit
1110 2265 1167 2298 ut)
1206 2261 1355 2293 conscios
1390 2283 1423 2292 ..
1462 2260 1644 2291 indicaret.
1686 2276 1731 2281 —-

997 2305 1161 2346 Denique
1186 2310 1315 2337 secreta
1341 2315 1409 2336 non
1436 2309 1539 2345 sunt,
1578 2308 1617 2335 ut
1652 2303 1731 2334 vult

996 2350 1174 2390 Zeunius,
1224 2349 1471 2392 intelligenda
1514 2359 1623 2380 sensu
1668 2347 1733 2379 ob-

996 2406 1148 2434 scoeno;
1186 2393 1297 2426 immo
1329 2393 1566 2435 cogitandum
1599 2395 1655 2423 est
1688 2391 1731 2423 de

996 2440 1105 2472 rebus
1136 2450 1228 2480 quae
1261 2438 1466 2470 maiestatis
1499 2437 1644 2480 legibus
1677 2439 1732 2468 te·-

996 2487 1163 2525 neantur,
1183 2483 1240 2516 vel
1265 2494 1358 2524 quae
1381 2485 1546 2525 spectent
1563 2481 1607 2513 ad
1628 2491 1732 2512 ever-

996 2529 1105 2562 tenda
1131 2538 1235 2560 sacra
1262 2527 1421 2568 publica.

1035 2574 1177 2615 fecisset
1194 2572 1334 2614 irruere]
1350 2570 1426 2602 Vid.
1441 2569 1611 2612 prolegg.
1627 2580 1661 2610 p.
1673 2579 1730 2600 xm.

1041 2621 1073 2649 5.
1112 2616 1361 2648 consultatione
1382 2620 1453 2647 tam
1469 2613 1644 2656 proterva]
1664 2612 1731 2653 „Id

997 2665 1053 2693 est
1082 2660 1356 2702 interrogatione
1378 2664 1449 2691 tam
1471 2663 1645 2700 proterva.
1685 2657 1732 2689 Et

997 2705 1050 2738 ita
1084 2715 1126 2737 ea
1154 2715 1243 2736 voce
1277 2703 1409 2735 iterum
1442 2713 1529 2733 nsus
1560 2705 1616 2733 est
1649 2712 1729 2742 cap.

998 2753 1050 2781 16.
1083 2749 1115 2791 [ἓ
1148 2751 1178 2780 1.
1213 2748 1258 2779 cf.
1290 2749 1310 2787 ἓ
1342 2748 1410 2789 37.]
1444 2746 1531 2779 item
1565 2756 1643 2787 cap.
1680 2749 1730 2777 17.

997 2794 1030 2836 [ἓ
1055 2797 1109 2825 50.
1143 2792 1242 2824 Adde
1267 2802 1344 2833 cap.
1368 2794 1399 2823 3.
1426 2792 1446 2831 5
1474 2791 1528 2833 1,],
1555 2790 1643 2822 item
1666 2789 1730 2821 lib.

998 2838 1072 2870 Vll.
1098 2847 1176 2879 cap.
1202 2838 1234 2868 4.
1261 2836 1295 2877 [ἓ
1315 2839 1347 2867 2.
1375 2836 1417 2867 cf.
1444 2837 1463 2875 ἓ
1486 2835 1554 2876 4.],
1580 2840 1616 2866 et
1639 2833 1730 2866 ibid.

997 2893 1074 2924 cap.
1093 2884 1125 2913 2.
1149 2881 1182 2923 [ἕ
1209 2881 1260 2922 3.]
1288 2881 1346 2923 qui
1370 2880 1445 2913 vult
1474 2890 1638 2912 amoenus
1660 2889 1732 2911 esse

995 2927 1178 2966 consultor,
1199 2925 1235 2958 id
1262 2928 1318 2958 est
1343 2924 1599 2968 interrogator.
1624 2923 1730 2967 Quod
