1845 3131
217 20 300 62 550
485 16 763 60 MACROBII
797 15 1273 59 SATURNALIORUM
1299 15 1401 56 LIB.
1426 15 1495 56 VI.

307 129 414 173 [Mss.
437 128 577 162 APSM.
628 127 717 160 Edd.
741 125 1024 169 vieahgspdzb]

217 185 506 222 insidiarum3
530 182 632 225 quia
657 182 746 214 eins
769 192 893 224 poma
920 181 1130 213 cadentia
1153 190 1228 223 per
1248 181 1449 221 fraudem
1475 180 1763 220 interimunt,

218 230 351 263 ethic
372 227 540 259 scilicet
565 237 699 268 equus
723 227 880 268 plenus
906 225 1177 257 insidiarum
1207 229 1278 257 est.
1330 226 1409 257 His
1433 237 1453 257 a
1481 226 1637 257 Servio
1666 234 1763 267 pcr-

219 272 373 312 oratis,
396 272 432 312 2)
458 276 715 303 statuerunt
738 271 778 301 ἰπ
807 271 1001 302 cras⁴ino
1024 272 1059 306 3)
1083 269 1340 300 Flavianum
1363 270 1535 309 audire,
1561 269 1762 312 quoniam

223 320 261 355 ⁴)
293 317 411 347 Maro
442 315 483 346 in
511 315 736 358 Augurali
766 315 858 345 iure
884 314 1076 354 refulsit.
1102 313 1180 354 p-b.
1230 313 1424 345 Adnotavit
1447 315 1644 352 Fontanus
1671 322 1763 354 quac

224 362 400 402 leguntur
426 358 461 390 in
488 370 550 400 p-z
561 371 569 378 ·
619 358 885 399 1).‚acl1usnla
910 358 1001 389 haec
1026 362 1101 389 tota
1128 357 1171 388 dc
1201 356 1339 398 scripto
1369 361 1423 389 est
1465 357 1522 398 [At
1547 358 1641 389 nihil
1668 356 1765 388 eius-

221 403 320 436 modi
361 402 497 444 legitur
534 403 570 435 in
609 402 674 445 ΑΗ]
736 402 904 434 Servium
940 413 1024 433 vero
1060 406 1097 433 ut
1130 412 1171 432 ea
1203 401 1387 452 dicentem
1421 401 1510 433 facit
1543 400 1764 439 Macrobius,

220 448 273 480 ita
305 458 447 489 quoque
478 447 572 489 apud
602 447 754 479 eundem
788 446 955 478 Servium
987 446 1113 478 eadem
1148 447 1224 476 fere
1257 444 1433 487 reperies.
1482 445 1568 478 Vide
1599 446 1642 477 ad
1682 455 1763 476 ιω·-

221 502 322 525 sum:
365 493 447 524 Cum
478 492 548 523 iam
578 492 731 524 trabibus
767 496 943 523 contextus
968 491 1101 522 acernis
1131 490 1246 522 Staret
1273 501 1389 532 equus
1393 492 1416 506 “
1452 508 1489 513 -—
1532 492 1602 527 2),
1608 489 1766 531 ‚Ergone

219 537 290 568 hoc
317 538 380 567 aut
410 536 714 577 praecedentibus
748 535 853 567 libris
888 546 998 577 super
1025 533 1203 576 Augurali
1230 535 1323 575 apud
1353 534 1539 565 Mironem
1569 514 1766 574 disciplina

221 580 414 622 quicquam
450 579 671 612 tractatum?
720 579 841 611 Selint
874 579 1019 620 quidem
1058 579 1092 610 id
1129 578 1326 610 manifesto
1362 588 1402 610 en
1435 579 1564 610 verba:
1602 578 1764 619 quoniam

225 625 328 657 Maro
364 624 398 655 ιή
434 624 612 674 Augurali
647 624 722 656 iure
752 624 903 665 refulsit.
951 623 1022 655 Sed
1059 623 1216 663 errauit,
1255 634 1312 655 me
1352 621 1493 660 indice,
1534 622 1665 654 leviter
1704 620 1766 652 hic

223 668 446 710 exscriptor,
495 667 776 708 faciendumque
812 679 884 709 quo
920 669 1051 700 etiam
1090 668 1198 699 Maro
1267 666 1437 698 Flaviani
1476 666 1591 705 enim,
1637 669 1676 697 ut
1718 664 1766 697 li-

224 715 311 753 quet
342 722 385 744 ex
418 712 490 743 fine
525 711 612 743 libri
648 711 778 753 primi,
819 716 942 753 partes
987 713 1090 743 fuere
1128 710 1333 743 disserendi
1376 711 1420 743 de
1458 709 1630 754 augurali
1670 709 1766 751 apud

224 756 412 788 Maronem
449 755 657 797 disciplina.
719 756 836 787 Verba
868 759 952 787 sunt
989 755 1036 796 [1‚
1072 757 1134 791 24,
1171 755 1256 796 17.]:
1302 756 1382 788 Post
1425 737 1528 787 huncD
1557 755 1767 786 Flauianus.-

223 800 329 841 Apud
359 804 497 842 poetam
531 805 702 836 nostrum,
742 800 873 841 inquit,
911 804 1045 831 tantum
1081 800 1258 831 scientiam
1293 800 1379 831 iuris
1412 799 1598 842 auguralis
1631 799 1767 830 invenio

226 846 318 881 cet.,
359 847 395 875 et
420 843 545 875 statim
575 844 610 885 [ἓ
634 842 719 885 21.]:
761 843 851 875 Huic
881 848 936 881 tu,
975 843 1022 874 πιί
1057 843 1245 882 Flaviane,
1283 843 1450 875 succedes.
1498 843 1568 874 Sed
1596 852 1640 874 an
1673 842 1766 874 baec

224 897 245 919 a
272 886 450 919 Flaviano
487 887 703 927 dissertata,
740 898 878 928 nequeo
910 886 1045 918 dicere.
1093 886 1132 918 Si
1160 891 1297 926 tamen,
1339 887 1548 918 necessario
1578 890 1658 927 post
1683 897 1766 927 sep-

224 930 352 962 timum
378 942 493 963 novus
519 931 606 963 huic
636 931 796 963 sermoni
822 931 917 963 liber
943 932 1102 963 tributus
1132 929 1267 969 suerit,
1305 930 1408 971 isque
1443 930 1543 962 tertii
1576 929 1648 961 diei
1681 941 1767 961 con-

224 979 371 1007 ventum
396 975 540 1008 fecerit.
587 974 699 1015 Nam,
738 979 777 1007 ut
801 974 907 1007 docui
935 975 1002 1006 snb
1028 975 1135 1006 finem
1163 974 1314 1006 secundi
1342 974 1492 1016 [tenmtii]
1518 974 1647 1007 tertius
1673 974 1767 1006 liber

223 1022 259 1051 et
280 1019 454 1061 subsequi
478 1022 635 1061 quatuor
655 1019 807 1051 secundi
832 1019 947 1051 solius
970 1018 1043 1051 diei
1069 1024 1267 1050 conventus
1294 1023 1390 1050 sunt.
1419 1019 1512 1060 [vid.
1536 1019 1704 1070 prolegg.
1729 1029 1761 1059 p.

223 1073 286 1094 nx
312 1064 415 1105 sqq.].
463 1063 624 1096 Octavus
658 1063 783 1104 itaque
816 1063 995 1095 Macrobii
1027 1062 1122 1094 liber
1151 1062 1356 1105 exstiterit,
1398 1062 1433 1094 id
1466 1066 1522 1095 est
1557 1062 1657 1094 tertii
1670 1045 1763 1094 diei

225 1117 315 1138 nova
341 1107 606 1147 confabulatio,
632 1108 812 1149 quomodo
839 1111 874 1139 et
901 1108 979 1139 dies
1006 1112 1079 1139 tres
1106 1107 1534 1149 legitimiSaturnalesss
1559 1124 1600 1130 —
1626 1107 1696 1148 3).
1701 1107 1764 1148 ‚An

224 1150 257 1182 is
280 1150 359 1193 ipse
388 1150 607 1191 Flavianus,
648 1152 692 1183 de
718 1163 788 1193 quo
813 1162 942 1194 saepe,
981 1163 1087 1192 quein
1115 1151 1186 1183 iam
1213 1151 1308 1191 dixi,
1347 1150 1660 1183 Sarisberiensis?
1688 1132 1767 1183 ’Ait

224 1194 290 1226 lib.
315 1194 363 1226 11.
391 1206 468 1237 cap.
493 1197 548 1227 26.
573 1196 646 1228 Hoc
669 1202 784 1228 autem
813 1197 935 1228 asserit
964 1197 1155 1228 Flavianus
1181 1197 1215 1227 in
1241 1196 1327 1227 libro
1354 1197 1413 1238 qui
1434 1197 1475 1228 cle
1500 1196 1659 1239 vestigiis
1679 1195 1759 1237 phi-

225 1239 443 1280 losophorum
470 1240 678 1272 inscribitur.
707 1240 753 1272 Et
780 1240 843 1272 lib.
869 1240 965 1272 vul.
992 1251 1070 1282 cap.
1101 1242 1151 1272 ll.
1191 1241 1245 1272 lta
1274 1245 1389 1272 tamen
1414 1251 1454 1272 ex
1473 1241 1574 1279 facto
1600 1239 1765 1272 accidisse

227 1283 358 1324 Ephesi
387 1288 419 1316 et
444 1284 639 1316 Flavianus
669 1289 789 1316 auctor
818 1285 907 1316 est.“
937 1302 979 1307 ——-
1011 1285 1083 1325 ⁴),
1089 1284 1263 1322 ‚Octavus
1289 1294 1377 1326 ergo
1402 1283 1435 1315 is
1462 1283 1640 1315 Macrobii
1672 1282 1765 1315 liber

225 1326 270 1357 de
294 1337 332 1358 re
357 1337 399 1358 ea
417 1330 491 1359 tota
512 1331 683 1359 accurate
709 1328 1004 1369 pertractaverit.
1053 1328 1098 1359 Et
1120 1327 1191 1359 nisi
1218 1328 1324 1368 plane
1354 1326 1480 1359 iudicii
1505 1328 1627 1365 fallor,
1652 1327 1765 1359 inter-

224 1369 364 1410 polavit
387 1371 673 1413 compilavitque
703 1371 739 1403 id
766 1371 889 1414 operis
917 1375 955 1403 ut
986 1372 1160 1413 pleraque
1186 1371 1365 1403 Macrobii
1396 1371 1468 1403 alia
1500 1371 1578 1403 Iob.
1597 1371 1765 1404 Sarisbc-

224 1413 371 1447 riensis.
418 1414 519 1457 Lege
553 1415 641 1447 libri
671 1415 779 1457 primi
811 1419 997 1457 postrema
1033 1415 1104 1447 duo
1133 1415 1253 1457 capita
1282 1419 1317 1447 et
1347 1416 1525 1475 quaedam
1560 1415 1671 1449 etiam
1706 1427 1763 1449 se-

224 1458 346 1500 cundi,
370 1461 406 1492 et
427 1459 548 1492 claras
570 1459 733 1503 reperies
758 1459 934 1502 reliquias
961 1459 1127 1493 melioris
1152 1459 1263 1493 huius
1288 1459 1381 1493 auri.
1386 1461 1408 1477 ‘
