1871 3126
228 524 314 568 [3541

294 66 377 111 ‘256
929 60 1205 104 MACROBII

294 191 397 232 quae
427 173 533 228 apud
560 171 730 213 maiores
760 170 907 224 viguit,
951 175 990 212 et
1027 175 1232 212 venustam
1266 169 1467 212 induxisse
1496 170 1731 220 novitatem,
1774 170 1833 212 in-

295 236 518 285 terrogatus
546 229 594 269 ab
622 231 821 280 Augusto,
855 240 958 281 quae
988 226 1186 267 saltationi
1217 226 1462 275 contulisset,
1490 227 1715 280 respondit:

461 282 617 325 Αὐλῶν
645 283 861 337 συρίγγων
887 280 921 323 τ’
951 280 1128 335 ἐνοπὴν,
1161 278 1324 334 ὅμαδόν
1353 279 1387 321 τ’
1419 280 1675 336 ἀνθρώπων.

231 344 404 386 191dem
438 356 526 382 cum
555 346 716 394 propter
747 339 882 393 populi
914 339 1148 379 seditionem
1182 351 1252 391 pro
1284 338 1538 378 contentione
1567 339 1669 379 inter
1695 352 1736 379 se
1752 338 1833 392 Hy-

293 401 452 452 lamque
478 397 612 437 habita
633 395 866 436 concitatam
896 394 1206 448 indignationem
1232 393 1450 447 excepisset
1468 395 1650 448 Augusti,
1671 408 1834 448 respon-

294 456 366 496 dit:
384 453 471 494 Καὶ
489 451 727 505 ἀχαριστεῖς
750 452 941 503 βασιλεῦ·
968 450 1095 490 ἔασον
1116 446 1272 497 αὐτοὺς
1296 449 1392 502 περὶ
1414 446 1522 502 ἡμᾶς
1547 446 1834 501 ἀσχολεῖσθαι.

411 510 522 549 VIII.
576 508 648 549 llis
688 507 803 547 dictis
842 512 880 547 et
915 506 1081 547 excitata
1120 505 1267 546 laetitia
1303 518 1392 545 cum
1431 505 1469 544 in
1499 505 1653 545 Avieno
1685 518 1836 546 memo-

293 567 350 607 ria
377 565 515 606 ssorida
544 570 582 605 et
610 563 830 604 amoenitas
860 563 1089 603 laudaretur
1118 561 1283 615 ingenii,
1316 575 1472 601 mensas
1500 561 1693 601 secundas
1723 560 1835 601 mini-

253 626 375 666 SZster
401 620 587 661 admovit.
651 620 703 660 Et
729 618 957 659 Flavianus:
990 618 1128 666 Multi,
1154 623 1200 658 ut
1223 616 1409 665 aestimo,
1440 617 1479 657 in
1506 616 1582 657 hoc
1610 630 1631 657 a
1657 617 1838 657 Varrone

295 677 552 725 dissentiunt,
592 675 660 728 qui
690 676 729 714 in
757 675 820 714 illa
849 674 1089 729 lepidissima
1117 674 1235 714 satira
1260 672 1493 726 Menippea,
1525 685 1627 726 quae
1657 671 1836 712 inscribi-

293 739 360 774 tur
390 733 522 774 Nescis
556 731 651 785 quid
678 745 814 784 vesper
842 732 973 778 vellat,
1019 729 1068 770 de
1098 728 1271 770 secunda
1304 742 1439 768 mensa
1470 728 1671 781 placentas
1706 741 1836 768 remo·
1870 752 1871 786 j

293 789 365 831 vit:
395 787 464 828 sed
497 799 646 840 quaeso
678 785 806 832 dicas,
839 785 1021 832 Caecina,
1053 786 1169 825 verba
1197 784 1280 838 ipsa
1314 784 1522 831 Yarronis‚
1555 784 1586 823 si
1617 783 1688 823 tibi
1716 783 1837 824 hene-

255 844 387 888 3ficio
419 842 635 884 memoriae
664 840 876 881 tenacioris
907 839 1133 880 haeserunt.
1194 841 1248 879 Et
1277 839 1465 879 Albinus:
1504 840 1657 887 Locus,
1695 838 1839 892 inquit,

294 899 488 942 Varronis
522 912 640 952 quem
676 895 811 937 referri
841 910 862 935 a
893 909 956 936 me
986 895 1156 949 imperas
1186 894 1225 934 in
1254 893 1315 933 his
1346 894 1426 935 fere
1453 895 1580 935 verbis
1618 899 1697 935 est:
1746 894 1837 934 Bel-

294 957 399 998 Iarz'a
424 971 468 997 ea
491 955 661 995 nuzoee'me
686 960 776 994 stent
802 953 943 994 mellita
974 966 1071 1007 quae
1097 951 1239 992 mellita
1266 964 1347 991 non
1375 958 1490 991 sunt:
1533 950 1708 991 dulcibus
1736 951 1837 992 enim

385 1079 488 1122 [Mss.
515 1077 679 1110 ABGPS.

432 1137 483 1165 18.
517 1134 587 1176 qui
611 1132 705 1173 apud
729 1130 801 1163 ich.
825 1129 1014 1171 „Melius“
1038 1130 1147 1162 Zeun.
1169 1146 1210 1152 -
1233 1128 1425 1171 Respondit
1446 1152 1454 1160 .
1470 1151 1477 1159 .
1495 1151 1502 1159 .
1528 1126 1682 1170 Augusti
1703 1127 1742 1168 (§
1767 1128 1838 1163 19.)

295 1190 363 1210 om.
392 1178 428 1209 S.
461 1195 504 1201 —
535 1174 671 1218 Αὐλῶν]
701 1176 806 1207 IIom.
838 1176 879 1209 ll.
903 1172 945 1216 κ’,
972 1177 1023 1206 13.
1063 1193 1096 1197 -
1138 1183 1267 1205 aretam
1291 1184 1372 1204 cypr
1400 1172 1487 1211 (rel.
1515 1171 1578 1203 Gr.
1603 1174 1692 1209 om.)
1716 1171 1755 1203 A.
1799 1175 1838 1203 vt

294 1225 329 1254 in
362 1223 421 1253 Gr.
471 1220 589 1252 λυδῶν
616 1219 789 1261 συριγγῶν
817 1220 901 1257 (rel.
927 1220 989 1250 Gr.
1016 1219 1105 1256 om.)
1131 1228 1205 1249 v-n.
1237 1217 1374 1256 „Forte
1399 1215 1561 1256 Λυδίων,
1586 1219 1625 1247 ut
1649 1216 1743 1257 apud
1766 1214 1839 1246 Lu-

296 1267 438 1298 cianum
470 1264 698 1306 [Harmonid.
736 1267 762 1295 1.
798 1276 831 1306 p.
859 1264 972 1304 534.]:
1011 1260 1144 1299 Λύδιος
1172 1257 1339 1302 ἁρμονία.

294 1352 435 1390 Λύδιος,
488 1354 593 1393 Apul.
627 1352 750 1383 Miles.
789 1353 828 1382 Χ.
865 1352 941 1392 [37,
980 1363 1013 1392 p.
1041 1351 1154 1392 7⁴5J:
1201 1350 1272 1381 Iam
1299 1350 1403 1381 tibiae
1431 1349 1693 1389 multiforatiles
1719 1353 1841 1380 cantus
1869 1364 1871 1384 4

299 1398 458 1437 Lydios
495 1397 640 1426 dulciter
680 1396 840 1425 sonuum<
883 1395 984 1425 I’ont.
1124 1397 1175 1423 19.
1216 1401 1433 1423 ΚΑΙΧΑΡΙΟ.
1471 1393 1558 1431 (rel.
1585 1392 1646 1423 Gr.
1676 1395 1765 1427 om.)
1798 1391 1838 1423 A.

296 1445 334 1472 nt
353 1441 389 1470 in.
416 1441 474 1470 Gr.
502 1439 543 1469 G.
568 1457 610 1461 —
639 1436 700 1468 καὶ
732 1433 934 1478 (ἔχαριστεῑς
953 1448 1023 1468 om.
1047 1446 1120 1467 v-n.
1148 1452 1190 1458 —
1220 1445 1480 1466 Λοι-οιειοται
1511 1434 1551 1465 Β.
1608 1431 1840 1467 ἀπολεῖσθαι

295 1481 368 1515 καὶ
405 1479 657 1523 εὐκαρίσεις
687 1481 743 1512 vic
777 1486 817 1521 (a
851 1479 911 1512 καὶ
946 1477 1195 1521 εὐκαιρήσεις).
1248 1478 1384 1517 „Forte
1418 1482 1547 1510 auctor
1579 1479 1730 1521 scripsit
1765 1478 1839 1511 Καὶ

295 1524 375 1569 γὰρ
405 1523 607 1567 ἀχαριστεῑς
714 1521 968 1565 ἀσχολεῖσθαι,
995 1524 1066 1554 καὶ
1094 1520 1451 1562 εὐχαριστήσεις.
1502 1522 1609 1553 Certe
1633 1524 1685 1554 ita
1709 1534 1838 1555 sensus

296 1571 506 1602 commodus
545 1569 725 1607 eflicitur,
761 1568 822 1607 qni
859 1568 895 1597 in
932 1567 1088 1598 lectione
1123 1564 1271 1607 vulgari
1307 1566 1501 1597 admodum
1545 1565 1694 1609 friget.“
1726 1567 1838 1600 Zeun.

296 1614 373 1645 Vid.
400 1617 470 1643 not.

387 1655 479 1687 vul.
534 1655 645 1697 Caput
675 1654 774 1685 1‘111.
803 1654 979 1694 Quomodo
1006 1654 1106 1685 Plato
1129 1653 1209 1685 vino
1235 1653 1488 1696 indulgendum
1514 1664 1585 1685 esse
1606 1655 1839 1695 praeceperit:

294 1705 325 1733 et
351 1710 453 1742 quam
476 1699 704 1741 periculosum
729 1704 895 1740 turpeque
918 1698 980 1736 sit,
1020 1703 1132 1730 tactus
1157 1709 1197 1729 ac
1220 1703 1346 1741 gustus
1372 1699 1608 1739 voluptatibus
1639 1709 1709 1729 esse
1732 1699 1837 1730 obno-

292 1745 397 1776 xium.
430 1743 533 1774 cli-b.
674 1745 701 1773 1.
743 1743 807 1773 His
839 1743 982 1774 verbis
1010 1742 1111 1774 dictis
1135 1742 1195 1772 [³6.
1235 1759 1278 1765 —-
1318 1743 1470 1774 excitata
1492 1746 1581 1779 (om.
1609 1745 1658 1779 et)
1682 1742 1756 1775 BG.
1793 1760 1835 1765 ——

293 1788 495 1819 admonuit
520 1786 617 1817 ABG
641 1786 683 1823 (S
710 1785 745 1817 in
772 1797 844 1827 mg.
876 1786 1031 1823 amovit)
1055 1786 1272 1818 ³1123P567.
1315 1786 1370 1818 Cf.
1396 1787 1468 1827 111,
1490 1789 1542 1825 17,
1570 1788 1590 1826 ἕ
1618 1789 1669 1818 17.
1803 1789 1836 1818 2.

292 1832 328 1863 in
354 1832 415 1863 lzoc
440 1836 477 1863 ue
503 1832 620 1862 estimo
646 1831 690 1862 G.
734 1835 772 1862 vt
798 1831 968 1862 existimo
995 1831 1029 1861 in
1051 1831 1112 1862 hoc
1139 1830 1222 1862 Sab.
1272 1835 1310 1862 ut
1335 1831 1472 1862 extimo
1499 1832 1534 1862 ἰη
1558 1831 1621 1862 hoc
1646 1830 1768 1873 vichg.
1793 1848 1836 1853 —-

293 1881 426 1917 satyra
452 1875 539 1906 Edd.
565 1874 632 1906 PS.
668 1892 706 1897 —-
737 1886 855 1916 vesper
877 1886 999 1906 serus
1025 1875 1109 1917 ehg.
1245 1876 1277 1905 3.
1318 1875 1476 1906 Bellaria
1503 1897 1509 1904 .
1527 1899 1534 1906 .
1551 1900 1558 1907 .
1591 1875 1705 1907 Liberi
1727 1876 1836 1919 heila-

291 1920 360 1961 ria]
396 1919 450 1951 Cf.
477 1919 574 1951 Gell.
599 1918 638 1950 N.
662 1918 702 1950 A.
725 1918 824 1959 XIII,
853 1921 903 1959 11,
929 1920 973 1959 §ss
999 1921 1019 1950 6
1038 1925 1073 1951 et
1090 1924 1120 1951 7.
1151 1922 1186 1951 et
1210 1918 1260 1950 Io.
1284 1918 1430 1951 Saresb.
1460 1919 1555 1960 VIII,
1587 1923 1619 1951 7.
1657 1937 1700 1942 -
1739 1927 1836 1959 nept-

1098 2024 1281 2068 ριστήσεις.
1331 2026 1639 2068 Interrogationis
1673 2027 1834 2070 signum,

1097 2071 1190 2109 quud
1218 2074 1296 2101 erat
1320 2075 1403 2111 post
1428 2069 1584 2113 βασιλεῦ,
1609 2072 1756 2103 sustuli.

1143 2113 1244 2152 vul,
1287 2116 1313 2144 l.
1372 2115 1436 2145 llis
1475 2115 1576 2146 [lictis
1613 2120 1644 2147 et
1684 2116 1834 2148 excitata

1097 2156 1245 2196 laetitia]
1308 2156 1369 2186 Sic
1418 2157 1493 2188 bini
1543 2162 1627 2189 sunt
1678 2159 1832 2191 ablativi

1096 2199 1269 2230 absoluti.
1320 2200 1448 2232 Deleta
1482 2201 1664 2241 particula
1697 2208 1729 2234 et
1767 2214 1832 2244 pro

1095 2242 1257 2274 ablativo
1283 2243 1515 2275 instrumenti
1542 2244 1748 2277 habendum
1775 2258 1833 2278 es·-

290 2288 477 2324 submovit,
522 2287 613 2327 quod
647 2291 867 2326 spectatorem
904 2297 926 2318 a
961 2298 1026 2328 quo
1094 2290 1150 2317 set
1184 2287 1249 2317 His
1287 2288 1406 2318 dictis:
1449 2289 1543 2329 quod
1582 2289 1715 2322 melius
1750 2301 1832 2323 esse

289 2331 535 2362 carsibilabatur
593 2330 857 2362 demonstrasset
911 2331 1025 2372 dig-no
1094 2340 1162 2361 non
1191 2330 1415 2371 negaverim.

287 2375 573 2415 conspicuumque
601 2374 753 2412 fecisset.
811 2374 878 2404 Dio
917 2373 1025 2405 resti-
1137 2376 1167 2404 2.

287 2421 402 2449 tntum
421 2417 511 2449 dicit
533 2417 627 2449 libro
654 2417 723 2448 iam
745 2416 895 2449 citat0.“
910 2417 1022 2449 Poiwr.

290 2479 325 2484 —-
356 2462 433 2493 vid.
461 2465 531 2493 not.
560 2461 602 2492 ud
630 2462 649 2500 ἕ
679 2463 729 2491 12.

330 2501 546 2547 ἅχαριστεῖς]
587 2504 648 2543 „h.
685 2515 716 2536 e.
762 2503 806 2535 At
837 2504 932 2535 enim
968 2503 1022 2536 in-

285 2555 414 2590 gratus
440 2559 530 2590 erga
556 2559 633 2588 nos,
660 2559 734 2588 rex,
760 2547 902 2587 existis,
927 2549 1019 2589 quod

284 2593 389 2625 nobis
416 2604 611 2624 succenses
636 2593 680 2623 ob
710 2592 836 2634 populi
869 2593 1021 2625 seditio-

284 2648 365 2669 nem
411 2641 446 2669 et
488 2637 682 2669 tumultum
728 2641 855 2668 nostra
898 2647 1019 2669 causa.

284 2681 372 2713 Sine
413 2681 523 2712 istum
563 2688 687 2712 nostra
731 2691 842 2712 causa
884 2682 1020 2712 tumul-

285 2724 382 2757 tuari
420 2730 456 2756 et
494 2725 692 2765 dissidere,
730 2729 838 2766 atque
876 2725 1019 2767 gratiae

291 2039 401 2071 quum
449 2028 609 2061 voluerit
654 2028 865 2060 Macrobius
912 2027 1030 2068 signi-

291 2074 404 2104 ficare
426 2073 543 2113 ipsum
562 2073 761 2102 Herculem
786 2082 867 2101 eum
894 2072 1028 2110 egisse.

340 2119 392 2145 19.
442 2115 721 2155 indignationem
747 2114 931 2153 excepisset
956 2115 1029 2144 Au—

291 2157 402 2198 gusti]
421 2158 559 2194 „Immo
587 2161 622 2186 et
650 2155 746 2186 serio
770 2155 967 2196 aliquando
992 2156 1026 2187 in

292 2210 373 2230 eum
400 2199 660 2230 animadvertit
686 2199 883 2240 Angustus.
908 2200 1027 2231 Tran-

291 2243 449 2284 quillus:
490 2244 655 2284 Pyladem
686 2244 767 2273 urbe
791 2248 894 2283 atque
920 2244 1026 2274 Italia

1093 2473 1133 2493 ca
1165 2464 1312 2494 maxime
1344 2469 1422 2495 sunt
1452 2464 1584 2496 mellita
1618 2464 1659 2502 (i.
1686 2476 1716 2496 e.
1742 2475 1829 2497 sua-

1091 2549 1209 2585 savta)
1243 2562 1311 2582 non
1340 2556 1438 2582 sunt.-
1477 2551 1664 2591 placentas
1702 2557 1825 2585 autem

1089 2594 1239 2626 mellitas
1263 2594 1351 2625 dicit
1376 2595 1503 2625 Horat.
1530 2594 1595 2634 Ep.
1619 2594 1647 2633 Ι,
1674 2597 1726 2635 10,
1751 2598 1804 2628 11.

1133 2639 1164 2668 3.
1214 2649 1309 2679 quem
1348 2637 1471 2677 referri
1509 2648 1530 2667 a
1569 2648 1622 2669 me
1659 2639 1823 2682 imperas]

1089 2681 1169 2712 Hoc
1211 2680 1321 2711 huius
1369 2680 1653 2713 constructionis
1702 2694 1825 2716 exem-

1087 2725 1187 2766 plum
1213 2724 1325 2755 addas
1351 2725 1521 2765 prolegg.
1545 2736 1578 2766 1).
1607 2736 1663 2757 xL.

1092 2505 1169 2543 via]
1196 2517 1283 2547 quae
1308 2508 1440 2539 mellita
1472 2507 1513 2544 (i.
1541 2518 1572 2538 e.
1603 2518 1682 2538 cum
1716 2509 1827 2540 melle
1856 2527 1858 2532 v

1391 1260 1541 1292 Pindari
1569 1260 1758 1291 scholiast.
1787 1259 1839 1301 [in
1870 1282 1871 1290 1

299 1312 447 1352 Olymp.
474 1310 502 1349 Ι,
528 1311 582 1340 26.
609 1308 662 1339 Cf*
691 1307 792 1339 Nem.
817 1308 875 1346 IV,
906 1307 998 1349 73.]:
1024 1303 1199 1347 Ἀρμονίαι
1227 1303 1264 1337 δὲ
1289 1302 1464 1345 πλέιονες,
1493 1301 1644 1345 Δώριος,
1675 1300 1840 1345 Φρύγιος,
1870 1318 1871 1322 ’

1224 2375 1265 2406 de
1300 2376 1452 2406 secunda
1491 2386 1608 2407 mensa
1647 2377 1829 2419 placentas
1859 2400 1861 2414 x,

1092 2418 1249 2459 remouit]
1278 2418 1375 2450 Dicit
1401 2418 1497 2450 enim
1523 2422 1561 2459 (ἒ
1579 2421 1650 2460 3.);
1669 2422 1828 2453 Bellaria
1859 2423 1861 2426 ’

1869 2450 1871 2490 l

1868 2491 1871 2513 l

1856 2537 1860 2585 ἱ
1869 2594 1871 2630 l

284 2779 373 2809 ages
395 2769 518 2810 nobis,
540 2770 633 2810 quod
659 2780 723 2800 nos
748 2768 800 2800 ita
824 2769 1020 2810 impedivi-

285 2822 384 2851 mus,
414 2824 483 2855 quo
509 2814 627 2845 minus
655 2824 712 2845 res
739 2818 890 2845 novaret
914 2824 957 2845 ac
983 2817 1018 2844 te

284 2855 328 2886 de
350 2867 461 2897 regno
483 2857 695 2889 deiiceret.“
710 2857 834 2897 Znun„
851 2857 912 2898 qui
936 2860 1018 2897 post

283 2894 515 2940 ἀσχολεῖσθαι
544 2901 661 2934 voluit
685 2900 790 2934 addi:
823 2900 884 2934 καὶ
908 2898 1016 2942 εὔχοι-

1130 2767 1300 2809 dulcibus]
1339 2768 1395 2799 Cf.
1432 2768 1561 2800 Isidor.
1600 2769 1704 2811 Orig.
1743 2770 1820 2811 XX,

1084 2813 1124 2851 2,
1156 2813 1206 2842 18.
1239 2811 1401 2843 Dulcia
1426 2818 1504 2845 sunt
1529 2824 1659 2856 genera
1683 2814 1822 2855 pistorii

1084 2856 1195 2897 operis
1225 2865 1247 2886 a
1285 2866 1407 2897 sapore
1446 2857 1561 2898 dicta,
1602 2857 1701 2890 melle
1731 2857 1818 2890 enim

1083 2909 1220 2941 asperso
1249 2905 1439 2933 sumuntur.

1851 2899 1861 3126 news-⁴2
1854 2809 1863 2895 mg..—
1855 2757 1863 2805 u—
1857 2587 1866 2749 —ssw
