1845 3131
170 12 256 54 328
797 9 1075 51 MACROBII

173 138 252 164 non
282 122 451 175 amplam
483 124 551 158 aut
580 118 718 166 latam,
761 124 919 160 constat
948 125 1112 174 propter
1141 119 1287 162 vivaria
1316 133 1418 174 quae
1447 120 1588 162 habuit
1623 134 1722 175 qua-

173 179 326 232 dragies
354 176 430 216 HS.
462 173 757 215 venumdatam.

286 233 394 274 xvi.
452 231 532 271 Nec
561 229 808 284 accipenser‚
855 243 973 283 quem
1006 229 1130 270 maria
1164 230 1341 284 prodigis
1372 233 1576 282 nutriunt,
1620 233 1727 273 illius

176 290 296 331 seculi
328 287 487 328 delicias
515 286 660 326 evasit:
694 292 752 335 et,
786 290 832 326 ut
862 286 1013 340 liqueat
1043 286 1220 326 secundo
1249 287 1405 328 Punico
1436 289 1540 330 bello
1573 290 1728 330 celebre

176 359 321 386 nomen
353 343 472 383 huius
503 342 622 396 piscis
655 342 799 391 fuisse,
844 342 1011 396 accipite
1040 347 1086 382 ut
1117 342 1343 382 meminerit
1372 344 1457 385 eius
1488 346 1656 386 Plautus
1688 345 1728 385 in

178 402 307 442 sabula
335 413 438 454 quac
468 398 697 439 inscribitur
724 398 937 439 Baceharia
967 412 1012 438 ex
1045 412 1214 453 persona
1252 399 1436 452 parasiti:

139 458 164 498 2
347 457 446 505 Qm's
479 463 531 496 est
555 456 729 496 mortalis
758 463 865 495 tanta
889 457 1052 509 sertzma
1087 455 1257 509 adfectus
1285 470 1471 511 umquam

349 512 438 561 Qua
468 527 534 566 eqo
563 526 669 552 num
698 527 796 559 sum,
831 513 943 552 cw‘us
975 512 1067 552 baec
1096 512 1223 552 ventri
1244 520 1428 566 portatur
1454 513 1629 566 pompa?

348 568 438 608 *Vel
462 582 580 616 nime,
610 568 681 622 qui
707 568 807 608 mila·
836 568 878 608 in
907 569 1014 608 mari
1038 569 1259 622 aect'penser
1287 568 1400 608 latm't
1429 568 1602 615 antehac,

350 625 495 665 *Cuius
514 639 579 677 eye
602 625 702 663 latus
729 625 771 664 in
795 624 959 664 latebras
980 624 1142 664 reddam
1165 625 1257 664 meis
1281 624 1455 664 dentibus
1481 632 1513 664 et
1538 623 1731 664 manibus.

142 680 256 731 3Et,
287 694 336 721 ne
364 680 479 721 vilior
509 680 560 720 sit
589 679 702 719 testis
731 685 869 733 poeta,
911 680 1078 734 accipite
1107 679 1312 720 adsertore
1342 679 1538 721 Cicerone
1573 679 1612 719 in
1640 693 1731 733 *quo

98 544 200 621 δ[36η

270 804 371 846 [mss.
398 803 633 835 ABGPSMV.

180 859 216 890 S.
242 877 282 881 ——
309 864 351 890 ut
378 860 484 891 latam
512 859 549 890 A.
578 877 616 881 —
641 858 832 890 sestertium
859 857 1130 890 c-hBGPSMV.

180 904 263 934 dum
292 905 477 935 Sestertio.
528 903 670 934 Adhibe
695 902 747 934 sis
778 906 918 944 patrem
947 902 1010 933 lib.
1038 903 1093 933 lv.
1121 914 1198 944 pec.
1219 908 1290 934 vot.
1315 914 1392 943 cap.
1416 904 1473 933 4.⁴‘
1497 902 1608 933 Gron.

273 947 364 978 xvi.
419 949 529 990 Caput
554 948 652 979 XM.
676 948 761 989 (p-b
786 948 859 978 Lib.
890 948 934 978 Η.
966 949 1050 988 (ἀρ.
1077 948 1176 984 XM]
1217 949 1265 979 De
1290 949 1485 989 acipensere
1509 946 1550 983 (h
1576 946 1732 988 accip.],

181 993 300 1032 mullo,
327 1003 437 1031 scaro„
464 994 555 1034 lupo.
589 992 691 1023 ch-b.
746 993 830 1034 Cap.
862 992 922 1022 lx.
966 992 1015 1022 De
1040 993 1268 1034 accipensere
1293 991 1326 1022 vi
1355 993 1418 1029 (v3
1442 991 1562 1032 arip.)
1702 991 1732 1019 l.

182 1037 379 1078 accipenser
400 1040 584 1078 (semper)
604 1038 629 1068 A
661 1037 708 1074 (B
730 1037 844 1067 semel
876 1037 1018 1077 aucip.)
1044 1036 1374 1067 GSMi‘vlihl‘effl.
1423 1036 1644 1077 accipienser
1670 1033 1732 1064 ΡΞ).

182 1082 372 1122 aeipenser
397 1084 580 1123 (semper)
606 1082 730 1122 eng-b.
773 1099 801 1103 —
856 1092 931 1123 qua
956 1081 1034 1111 SM.
1173 1084 1206 1112 2.
1249 1081 1333 1121 Quis
1358 1078 1419 1121 est]
1445 1080 1500 1110 Cf.
1528 1079 1648 1110 Plaut.
1675 1079 1731 1109 cd.

182 1125 313 1157 Weisii
338 1125 383 1157 11.
410 1137 441 1165 p.
467 1135 549 1156 xnl.
578 1131 665 1167 etp.
691 1126 767 1156 4145.
802 1143 843 1147 —-
879 1136 909 1155 v.
938 1126 962 1154 l.
1000 1125 1075 1165 Qui
1099 1125 1201 1163 (add.
1227 1137 1242 1155 s
1269 1135 1288 1155 a
1313 1136 1385 1155 sec.
1413 1124 1478 1165 m.)
1505 1123 1544 1155 Β,
1580 1142 1620 1146 ——-
1653 1133 1729 1154 um-

182 1180 283 1211 quam
309 1181 376 1200 0¹¹1.
406 1169 577 1208 Weisius,
609 1169 668 1211 qui
701 1169 832 1201 statuit
862 1169 929 1199 lios
957 1180 1083 1201 versus
1117 1180 1198 1201 esse
1223 1169 1435 1205 Saturnios,
1475 1179 1508 1209 p.
1535 1178 1637 1205 xlii„
1675 1178 1730 1198 re—

184 1213 294 1245 tinuit
320 1214 415 1245 idem
441 1225 473 1255 p.
499 1215 576 1246 445.
603 1233 641 1237 —
674 1225 707 1245 v.
728 1216 759 1244 2.
791 1214 913 1254 Quam
939 1214 1029 1244 Edd.
1054 1214 1094 1245 P.
1128 1214 1246 1245 Plaut.
1272 1214 1328 1244 ed.
1353 1213 1464 1244 VVeis.
1513 1214 1599 1254 quia
1622 1211 1660 1243 S.
1692 1230 1726 1233 —

181 1263 395 1300 portaretur
425 1257 500 1290 SM.
535 1275 575 1281 -
616 1270 646 1289 v.
673 1261 703 1290 3.
740 1259 799 1289 sel
832 1258 898 1289 hic
928 1259 986 1299 qui
1017 1259 1102 1290 mihi
1127 1260 1303 1300 acipenser
1329 1258 1431 1290 latuit
1457 1258 1490 1288 in
1518 1257 1608 1287 mari
1633 1261 1730 1287 ante>-

183 1303 248 1334 hac
266 1303 374 1334 W'eis
395 1304 415 1334 l.
436 1314 464 1332 c.
486 1320 527 1325 —-
555 1314 586 1334 v.
603 1305 634 1334 4.
660 1303 743 1334 meis
768 1303 926 1333 <lentibus
951 1303 1094 1334 reddam
1121 1307 1210 1340 (om.
1233 1308 1263 1334 et
1289 1303 1464 1340 manibus)
1484 1300 1595 1331 WVeis.
1628 1300 1730 1339 „red-

184 1347 263 1378 dam
290 1348 383 1378 forte
410 1346 604 1388 scripserit
629 1347 795 1378 Plautus.
845 1346 1032 1387 Suspicnri
1063 1352 1179 1378 tamen
1206 1346 1298 1378 libet
1325 1347 1357 1377 in
1386 1346 1537 1377 latebras
1555 1345 1732 1376 condam.

183 1391 283 1421 Idem
311 1391 481 1431 Epidico:
518 1392 553 1423 ἱη
586 1392 738 1423 latebras
767 1391 896 1422 condas
924 1391 1054 1432 pectori
1081 1392 1294 1433 penitissime
1326 1391 1450 1430 [immo
1477 1389 1620 1421 Cistell.
1645 1388 1673 1427 I,
1702 1391 1731 1428 l,

185 1437 239 1466 64.
273 1436 306 1466 in
337 1436 486 1467 latebras
511 1436 712 1467 abscondas
732 1440 873 1476 pectore
897 1435 1135 1478 penitissima}
1183 1435 1392 1466 Turnebnm
1419 1444 1524 1469 vero,
1552 1443 1657 1474 quem
1684 1433 1729 1464 il-

185 1480 336 1511 latebras
361 1480 485 1521 legere
507 1480 648 1521 reperio
669 1484 703 1511 et
725 1478 831 1519 tueri,
847 1479 1026 1520 quomodo
1049 1478 1235 1521 sequen-‘3⁶⁴
1253 1480 1357 1510 Pont.
1376 1479 1410 1510 in
1432 1479 1475 1509 dz
1504 1477 1582 1509 Vid.
1600 1481 1672 1508 not.
1689 1495 1728 1500 —

186 1524 370 1564 „dentibus
395 1530 426 1556 et
445 1525 651 1564 saucibus
677 1524 840 1555 emendo.
888 1522 949 1554 Sic
978 1523 1074 1556 infra
1099 1523 1262 1565 loquitur
1288 1535 1328 1555 ex
1355 1523 1423 1555 hoc
1449 1533 1555 1554 versu
1583 1521 1732 1553 indubie

186 1568 397 1600 Macrobius
421 1579 499 1610 cap.
528 1571 576 1600 17.
602 1568 635 1609 [ἓ
662 1568 728 1609 15]
757 1569 839 1600 Cum
868 1568 1035 1599 Antonias
1059 1594 1065 1599 .
1083 1592 1112 1599 ..
1138 1569 1301 1608 faucibus
1323 1579 1362 1599 ac
1387 1567 1544 1598 dentibus
1561 1567 1632 1597 suis
1651 1566 1731 1597 sub-

185 1613 290 1644 deret.
339 1613 461 1644 Possit
484 1612 541 1644 cni
572 1613 683 1644 etiam
712 1612 907 1654 legendum
940 1612 1055 1644 videri
1095 1613 1252 1644 dentibus
1277 1617 1306 1644 et
1333 1611 1544 1651 maxillis,
1586 1610 1641 1642 vel
1674 1614 1734 1648 (ut

188 1657 309 1697 placet
333 1668 464 1700 magno
487 1657 700 1700 scaligero)
730 1657 1035 1689 mandibulis.“
1057 1657 1194 1689 Meurs.
1330 1659 1364 1688 3.
1401 1660 1608 1688 assertorem
1638 1656 1732 1687 Cice-

1179 870 1242 891 sex
1252 859 1388 891 tertium
1404 857 1482 890 Avi.
1505 855 1731 899 „Corrigen-

187 1778 267 1797 nam
292 1772 489 1808 permutare
515 1768 651 1810 quidem
675 1769 786 1810 pretio
815 1768 927 1800 noluit

188 1812 304 1843 aliave
345 1823 464 1844 merce.
524 1813 638 1844 Huius
675 1814 796 1845 villam
835 1814 927 1844 iutra

188 1866 292 1896 qnam.
324 1857 492 1888 modicum
526 1858 742 1900 quadragies
771 1858 928 1900 piscinae

187 1900 427 1941 vendiderunt,
456 1901 517 1932 ubi
545 1901 756 1933 Macrobius
781 1902 928 1933 videtur

190 1944 330 1983 legisse
355 1946 448 1977 iutra
474 1957 576 1987 quam
602 1947 797 1978 modicam.
831 1946 927 1977 Fons

190 1988 303 2019 Plinii
342 1995 397 2020 est
435 1989 547 2021 Varro
584 1990 625 2021 R.
664 1990 706 2021 R.
745 1990 819 2025 111,
853 1994 925 2021 l7.:

193 2033 337 2063 Memini
361 2034 450 2064 hunc
472 2035 617 2065 Caesari
643 2035 710 2065 duo
732 2035 830 2065 milia
854 2045 929 2065 mu-

191 2087 375 2108 raenarum
397 2082 544 2108 mutua
571 2078 741 2109 dedisse
766 2079 806 2108 in
830 2089 928 2119 pon-

191 2121 269 2151 dus
292 2125 322 2151 et
347 2126 488 2163 propter
505 2121 649 2163 piscium
671 2123 927 2153 multitudinem

191 2165 405 2207 quadragies
430 2166 583 2197 sestertio
607 2166 726 2197 villam
753 2166 908 2196 veniisse.

237 2209 452 2251 quadragies
482 2209 571 2249 HS]
612 2209 674 2240 Sic
713 2209 866 2251 scripsi,
909 2219 927 2240 a

192 2250 370 2283 Cicerone
394 2254 487 2293 apud
515 2253 612 2284 Gell.
638 2253 681 2291 X,
708 2256 735 2292 1,
753 2257 784 2284 7.
813 2253 930 2285 moni·-

192 2298 268 2333 tns,
306 2301 345 2327 ut
376 2296 596 2328 soloecismo
624 2298 820 2329 liberarem
852 2298 927 2328 Ma-

192 2339 369 2379 ‹tu-obium„
389 2352 454 2371 nec
474 2345 593 2372 tamen
614 2346 791 2373 mutarem
811 2342 928 2373 omni-

192 2394 236 2414 no
269 2384 303 2414 id
330 2385 422 2425 qued
460 2385 493 2416 in
529 2386 697 2418 omnibus
727 2396 820 2427 quae
853 2385 926 2417 vidi

192 2429 465 2468 exemplaribus
503 2429 663 2472 legitur,
714 2431 929 2473 quadragies

194 2473 354 2504 sestertia
364 2484 406 2504 m.

237 2516 329 2554 XVI,
346 2519 375 2547 1.
410 2517 616 2559 accipenser]
636 2517 813 2558 Quamvis
833 2518 929 2550 falsa

192 2559 241 2591 sit
264 2560 356 2591 haec
381 2561 582 2602 scriptura,
622 2566 741 2593 tamen
767 2562 801 2593 in
829 2567 929 2594 tanto

193 2604 352 2636 omnium
403 2606 568 2637 codicum
619 2617 798 2638 consensu
850 2617 927 2638 eam

193 2648 421 2680 retinendam
449 2661 530 2681 esse
556 2650 693 2691 putavi.

236 2695 267 2722 2.
305 2693 320 2709 *
337 2695 396 2724 l‘el
420 2705 510 2725 nunc
537 2717 567 2725 ..
593 2694 727 2726 *Cuius
746 2705 811 2737 ego
837 2694 930 2725 latus

192 2736 227 2766 iu
256 2736 405 2768 latebras
429 2737 586 2779 reddam]
613 2738 702 2769 Vide
728 2749 771 2769 ne
804 2738 930 2780 legen-

194 2778 276 2810 dum
303 2781 368 2811 sit:
406 2782 514 2813 l'alz!
535 2794 625 2813 nnnc
654 2807 661 2814 .
679 2806 686 2813 .
712 2782 836 2821 huius,
860 2793 930 2823 que

192 2822 425 2863 significetur
443 2836 582 2857 summa
602 2826 752 2867 parasiti
776 2826 930 2858 laetitia.

193 2866 395 2900 Pronomen
422 2870 537 2909 euius,
574 2871 667 2912 quod
695 2871 807 2913 vulgo
835 2869 931 2913 legi—

998 1770 1067 1807 tur,
1093 1767 1212 1798 fateor
1232 1777 1288 1797 me
1312 1765 1496 1808 explicare
1518 1777 1585 1797 non
1609 1776 1734 1808 posse:

996 1823 1062 1843 nec
1109 1811 1255 1843 tollitur
1304 1811 1521 1850 difficultas,
1577 1811 1606 1842 si
1652 1821 1733 1841 cum

997 1856 1137 1888 chisio
1187 1855 1384 1888 scribimus
1429 1856 1483 1887 hic
1526 1866 1589 1896 pro
1630 1866 1734 1894 nunc,

997 1911 1078 1932 nam
1126 1912 1324 1942 pronomen
1373 1900 1464 1931 illud
1512 1911 1580 1931 non
1622 1899 1736 1931 habet

996 1956 1064 1986 quo
1097 1946 1291 1976 referatur.
1345 1944 1453 1976 Latus
1486 1944 1643 1976 ridicule
1679 1943 1734 1975 di-

996 1990 1091 2020 citur
1117 2000 1248 2030 corpus
1280 1988 1411 2029 piscis‚
1452 2000 1521 2030 quo
1554 1992 1736 2029 augeatur

996 2033 1245 2065 nunoininatio
1267 2044 1360 2073 quae
1385 2037 1440 2063 est
1465 2033 1499 2063 in
1525 2033 1646 2063 verbis
1677 2033 1733 2063 Ia-

996 2078 1062 2109 tuit
1093 2082 1129 2108 et
1161 2078 1312 2108 latebris.
1361 2076 1435 2108 Nec
1459 2087 1516 2107 me
1543 2077 1639 2107 male
1668 2075 1734 2108 lia-

997 2122 1057 2152 bet
1085 2122 1233 2153 verbum
1267 2121 1422 2152 reddam.
1461 2120 1531 2161 Qui
1564 2120 1734 2159 antehac,

995 2165 1132 2206 inquit,
1163 2164 1271 2196 latuit
1297 2165 1330 2196 in
1357 2163 1467 2203 mari,
1494 2164 1603 2196 huius
1639 2165 1735 2196 latus

995 2221 1090 2240 nunc
1117 2209 1247 2240 iterum
1277 2209 1406 2241 latebit
1430 2209 1465 2240 in
1488 2220 1569 2240 meo
1595 2214 1734 2241 ventre.

997 2253 1204 2293 Turnebus,
1229 2254 1271 2284 ad
1296 2265 1401 2295 quem
1426 2254 1579 2294 respicit
1602 2254 1736 2285 Ponta—

997 2309 1084 2336 nus,
1122 2298 1272 2329 Advers.
1309 2298 1444 2335 xxm,
1475 2301 1505 2329 4.
1546 2298 1738 2330 illatebras

997 2342 1125 2384 legens
1156 2342 1248 2373 haec
1280 2343 1394 2373 verba
1425 2341 1478 2373 sic
1515 2341 1736 2384 interpreta-

1000 2391 1076 2418 tur:
1113 2386 1310 2425 „Officiam
1344 2387 1514 2418 (lentibus
1547 2391 1583 2417 ct
1617 2385 1735 2418 mani-

997 2432 1063 2462 bus
1091 2431 1202 2469 meis,
1244 2442 1287 2462 ne
1320 2430 1354 2462 iu
1390 2431 1469 2462 eius
1496 2431 1608 2462 latere
1634 2431 1735 2471 quic-

996 2486 1102 2516 quum
1125 2475 1238 2506 celari
1266 2474 1393 2516 possit,
1418 2475 1468 2507 ita
1493 2474 1735 2516 discerpendo

1001 2519 1206 2561 aperiam.“

1042 2585 1125 2616 meis
1162 2585 1318 2616 dentibus
1350 2589 1381 2616 et
1419 2582 1594 2624 manibus]
1636 2582 1735 2615 Inest

997 2629 1175 2670 quoddam
1209 2624 1355 2669 ὕστερον
1380 2624 1573 2668 πρότερον,
1598 2627 1734 2659 tolcra-

997 2673 1071 2704 bile
1097 2676 1216 2704 tamen
1245 2672 1355 2709 illud,
1391 2676 1429 2702 ut
1454 2682 1522 2702 non
1552 2671 1736 2703 assentiar

998 2716 1045 2748 iis
1083 2716 1143 2758 qui
1187 2716 1279 2747 haec
1318 2715 1400 2746 ideo
1439 2719 1613 2747 censeant
1653 2727 1734 2748 esse

999 2760 1186 2792 mutanda.
1223 2759 1401 2791 Numeros
1430 2759 1588 2792 viderint
1615 2760 1695 2792 alii.

1043 2828 1075 2857 3.
1125 2824 1312 2867 adsertore]
1349 2824 1373 2856 i.
1403 2836 1433 2857 e.
1466 2828 1628 2858 auctore.
1680 2825 1734 2858 Cf.

999 2881 1029 2902 c.
1057 2872 1107 2900 18.
1134 2871 1154 2909 g
1185 2871 1233 2900 ιι.
