1845 3131
168 26 252 69 602
794 23 1068 67 MACROBII

170 142 255 176 tum
283 134 323 174 in
353 133 496 174 divinis
526 131 764 185 corporibus
790 132 1009 183 invenitur,
1046 134 1289 188 sphaeralcm
1322 137 1431 187 dico,
1463 151 1545 192 quo
1572 151 1704 179 move-

170 197 236 232 tur
261 189 427 237 caelum,
456 201 537 240 quo
570 187 712 236 sidera,
743 202 825 242 quo
855 195 984 229 cetera
1017 196 1227 231 moventur
1255 191 1459 234 elementa.
1519 193 1704 234 Terrenis

168 245 405 287 animalibus
446 243 500 284 illi
537 257 605 283 sex
642 244 854 297 praecipue
887 244 1098 286 familiares
1138 251 1249 294 sunt,
1292 248 1359 288 sed
1400 263 1703 303 nonnumquam

168 301 382 342 adhibetur
409 303 449 339 et
477 298 681 352 septimus.
740 299 817 340 Sed
846 313 912 340 sex
942 300 995 340 illi
1026 306 1071 341 ut
1101 301 1239 342 directi
1269 301 1322 342 ita
1349 308 1387 343 et
1417 303 1587 353 innoxii,
1617 319 1703 358 sep-

167 357 309 404 timus,
344 355 382 394 id
415 359 475 395 est
500 354 567 408 qui
598 368 714 408 gyros
742 354 881 404 efficit,
913 357 1052 397 crebro
1075 370 1267 397 conversu
1294 357 1430 399 turbat
1461 364 1500 398 et
1524 359 1702 400 humori-

169 413 245 453 bus
293 410 432 465 capitis
475 410 637 451 involvit
679 411 963 464 spiramentum
1013 413 1120 465 quod
1161 413 1332 453 animam
1381 414 1543 454 cerebro
1590 416 1703 468 quasi

129 470 311 509 5omnes
341 479 480 507 sensus
510 465 688 520 corporis
716 467 952 520 gubernanti
989 468 1197 508 ministrat.
1256 470 1344 509 Hoc
1373 474 1433 509 est
1463 475 1594 510 autem
1627 471 1705 523 spi-

98 527 413 577 [241Jramentum
449 522 557 575 quod
595 521 774 562 ambiens
814 524 1021 564 cerebrum
1061 524 1224 577 singulis
1259 524 1438 565 sensibus
1475 524 1554 565 vim
1593 537 1704 565 suam

165 583 358 633 praestat,
404 577 481 618 hoc
517 582 577 617 est
613 577 721 630 quod
759 579 887 619 nervis
918 584 957 620 et
992 579 1181 620 musculis
1219 579 1398 634 corporis
1429 580 1702 620 fortitudinem

164 635 340 689 praebet.
406 633 514 685 Ergo
549 632 740 685 vertigine
777 635 980 675 turbatum
1016 640 1055 675 et
1098 635 1213 676 simul
1258 635 1414 688 agitatis
1464 635 1700 676 humoribus

164 702 400 743 oppressum
439 688 659 741 languescit
691 694 731 728 et
761 689 1026 730 ministerium
1060 704 1177 730 suum
1216 691 1374 732 deserit.
1435 691 1532 732 Inde
1564 691 1607 731 fit
1639 691 1700 731 his

125 746 233 799 ssqui
260 750 469 798 raptantur
500 744 539 783 in
565 757 681 796 gyros
713 743 896 784 hebetior
919 745 1093 793 auditus,
1120 745 1226 786 visus
1259 746 1479 787 obscurior.
1540 746 1701 787 Postre-

164 815 230 841 mo
257 799 387 840 nervis
415 804 454 840 et
493 799 685 839 musculis
712 799 857 839 nullam
886 801 934 840 ab
961 814 1007 840 eo
1039 800 1225 841 virtutem
1256 802 1369 854 quasi
1399 801 1607 842 deficiente
1635 816 1702 843 su-

164 855 365 897 mentibus
394 860 525 895 totum
559 868 724 908 coerS,
768 855 876 909 quod
906 855 952 895 iis
983 855 1202 896 sustinetur
1231 861 1270 896 et
1301 857 1339 897 in
1374 857 1498 896 robur
1526 857 1703 910 erigitur,

126 912 364 953 7desertum
390 910 465 950 iam
497 910 736 950 fulcimentis
763 911 843 951 suis
870 911 1017 951 labitur
1043 912 1083 951 in
1118 912 1288 952 ruinam.
1335 911 1412 952 Sed
1437 916 1574 952 contra
1607 912 1703 953 baec

162 968 297 1007 omnia
333 966 604 1015 consuetudo,
654 980 772 1019 quam
815 967 1029 1007 secundam
1065 973 1247 1008 naturam
1288 967 1558 1020 pronuntiavit
1592 981 1702 1016 usus,

163 1023 250 1063 illos
280 1023 388 1063 iuvat
419 1022 487 1075 qui
524 1022 563 1061 in
600 1021 667 1061 tali
699 1028 812 1062 motu
847 1036 963 1076 saepe
994 1028 1212 1063 versantur.
1273 1023 1566 1077 Spiramentum
1597 1023 1702 1063 enim

164 1078 330 1126 cerebri,
360 1077 471 1131 quod
500 1077 620 1130 paule
653 1082 744 1117 ante
775 1077 964 1126 diximus,
993 1078 1204 1118 adsuetum
1234 1078 1289 1118 rei
1317 1078 1394 1118 iam
1424 1092 1504 1118 non
1530 1078 1604 1119 sibi
1630 1092 1703 1118 no-

162 1148 233 1175 vae
269 1147 349 1173 non
383 1132 557 1187 pavescit
591 1132 696 1172 hunc
737 1138 890 1173 motum
932 1147 1004 1173 nec
1036 1133 1253 1174 ministeria
1286 1148 1357 1175 sua
1389 1133 1546 1174 deserit.
1606 1134 1702 1175 Ideo

123 1189 365 1232 &consuetis
394 1189 511 1229 etiam
545 1187 619 1228 iste
648 1188 818 1242 agitatus
851 1189 1036 1229 innoxius
1069 1195 1140 1229 est.
1187 1191 1255 1240 [Et
1274 1190 1536 1244 Euangelus1]
1560 1190 1701 1230 Inreti-

161 1250 245 1285 tum
270 1250 310 1285 te
340 1244 431 1292 iam,
459 1243 610 1291 Disari,
639 1248 773 1292 teneo,
801 1250 840 1284 et
866 1245 897 1284 si
922 1258 1013 1285 vere
1037 1245 1198 1299 opinor,
1226 1259 1423 1299 nusquam
1455 1245 1574 1286 hodie
1602 1246 1699 1286 efl'u-

160 1301 253 1354 gies.
312 1300 366 1340 Et
399 1300 497 1339 alios
531 1300 636 1339 enim
672 1299 711 1339 in
748 1305 832 1340 arte
862 1300 932 1340 tibi
970 1300 1100 1341 socios
1130 1307 1169 1341 et
1197 1301 1325 1354 ipsum
1357 1307 1396 1341 te
1425 1300 1557 1342 audivi
1583 1315 1700 1354 saepe

160 1357 358 1396 dicentem
387 1355 551 1395 cerebro
586 1369 665 1394 non
695 1354 823 1395 inesse
853 1370 1030 1404 sensum,
1076 1356 1144 1396 sed
1174 1362 1218 1397 ut
1248 1370 1355 1405 ossa,
1390 1362 1435 1397 ut
1465 1356 1617 1405 dentes,
1655 1362 1701 1397 ut

160 1411 341 1465 capillos,
376 1410 430 1450 ita
459 1415 498 1450 et
525 1410 732 1450 cerebrum
766 1424 850 1451 esse
883 1411 967 1451 sine
996 1425 1125 1451 sensu.
1186 1413 1389 1452 Verumne
1419 1418 1478 1452 est
1505 1411 1601 1452 haec
1630 1426 1699 1453 vos

119 1467 290 1510 9dicere
316 1466 472 1514 solitos,
503 1480 553 1506 an
580 1471 625 1505 ut
656 1465 796 1506 falsum
828 1465 1007 1506 refelles?
1064 1468 1232 1516 Verum,
1268 1467 1323 1507 ait
1352 1467 1427 1507 ille.
1484 1467 1589 1507 Ecce
1621 1467 1697 1507 iam

158 1523 317 1563 clausus
355 1534 408 1562 es.
475 1522 528 1563 Ut
561 1520 667 1561 enim
704 1522 920 1562 concedam
959 1522 1028 1562 tibi
1067 1528 1222 1575 praeter
1257 1522 1418 1576 capillos
1452 1521 1491 1562 in
1539 1522 1700 1563 homine

160 1578 309 1632 aliquid
336 1591 422 1617 esse
453 1577 537 1617 sine
566 1590 702 1625 sensu,
735 1578 842 1630 quod
875 1592 955 1618 non
984 1577 1098 1618 facile
1127 1592 1321 1632 persuasu
1351 1583 1427 1627 est,
1467 1582 1600 1618 tamen
1626 1592 1698 1618 cur

158 1647 298 1675 sensus
327 1646 465 1673 omnes
495 1633 613 1686 paulo
646 1637 737 1672 ante
768 1633 899 1673 dixisti
928 1647 950 1673 a
983 1634 1145 1674 cerebro
1183 1633 1415 1682 ministrari,
1462 1647 1551 1673 cum
1590 1647 1697 1674 cerc-

160 1692 231 1731 bro
275 1703 357 1730 non
398 1688 527 1729 inesse
563 1702 722 1729 sensum
761 1688 844 1743 ipse
887 1688 1072 1730 fatearis?
1131 1690 1323 1730 Potestne
1357 1702 1546 1730 excusare
1579 1688 1699 1730 huius

245 1817 349 1859 [Mas.
378 1815 513 1848 APSH.

155 1873 258 1905 liures
283 1872 320 1904 S.
343 1889 383 1895 —
413 1871 472 1902 sed
496 1881 698 1913 nunquam
728 1869 765 1902 A.
792 1888 832 1894 -
859 1871 955 1903 idem
979 1872 1038 1914 qui
1058 1882 1090 1904 v.
1122 1889 1153 1894 —
1187 1871 1331 1912 efficiat
1354 1871 1401 1902 Η.
1430 1889 1462 1894 -
1492 1881 1697 1903 conversum

155 1928 186 1949 v.
223 1935 266 1940 —-
301 1916 498 1948 humoribus
524 1916 647 1956 capitis
671 1915 815 1947 involvit
840 1916 1089 1957 spiramentum
1116 1914 1199 1957 eet]
1232 1915 1285 1946 Cf.
1314 1915 1486 1947 Alexand.
1512 1915 1694 1947 Problein.

156 1961 263 2003 phys.
289 1960 318 2000 l,
346 1962 416 1991 131.
440 1977 482 1982 —-
507 1960 627 1990 crebro
659 1958 692 1989 11.
720 1978 762 1981 -
785 1960 937 2001 corporis
961 1971 1077 1991 sensus
1101 1960 1140 1991 P.
1165 1977 1205 1982 --
1232 1959 1447 1991 ministrant
1472 1962 1526 1990 vl.
1663 1962 1695 1991 5.

155 2016 285 2037 sensus
310 2006 377 2036 vim
406 2015 501 2035 suam
527 2003 564 2034 P.
611 2004 675 2034 vim
699 2014 794 2034 suam
823 2004 976 2035 sensibus
1005 2015 1083 2044 v-g.
1111 2023 1152 2027 ——
1177 2004 1226 2035 iis
1251 2014 1329 2045 v-g.
1355 2022 1391 2026 —-
1429 2004 1632 2045 rapiuntur
1662 2014 1694 2036 v.

291 2051 323 2079 6.
367 2048 458 2089 quod
480 2047 540 2078 his
564 2047 631 2078 AS.
771 2050 801 2078 7.
839 2048 946 2089 paulo
973 2048 1065 2088 anic]
1089 2049 1109 2086 S
1134 2049 1165 2078 4.
1198 2065 1239 2070 -
1278 2049 1325 2077 ad
1349 2058 1482 2078 verum
1507 2048 1557 2078 rei
1582 2047 1617 2078 S.
1653 2065 1689 2070 -

153 2092 320 2124 misteria
347 2092 384 2122 A.
520 2093 541 2120 8
592 2092 638 2122 Et
667 2091 873 2132 Euangelus
895 2091 1005 2122 c—bll.
1055 2102 1124 2121 «un.
1149 2090 1247 2121 APS.
1302 2091 1505 2133 Euangelus
1529 2095 1616 2126 (om.
1643 2093 1692 2126 cl)

153 2136 199 2167 vi.
225 2154 266 2159 —
292 2136 353 2167 tibi
380 2135 413 2166 ἰιι
441 2139 514 2167 arte
534 2134 569 2165 S.
601 2152 633 2156 —
661 2146 727 2165 non
753 2145 829 2165 csse
857 2134 998 2176 HSv-g.
1029 2153 1063 2157 —
1090 2140 1126 2167 et
1157 2135 1302 2175 capillos
1328 2133 1361 2164 S.
1391 2152 1422 2156 —-
1452 2135 1590 2174 refelles
1619 2134 1690 2165 Di-

152 2178 269 2211 sari?
296 2190 370 2221 v-g.
508 2182 540 2209 9.
584 2178 854 2220 Euangelus:
884 2179 971 2209 Ecce
996 2189 1073 2219 v—g.
1105 2196 1141 2200 -
1179 2179 1248 2208 iam
1275 2188 1343 2208 om.
1368 2188 1399 2208 v.
1427 2194 1467 2200 -—-
1501 2183 1555 2209 est
1582 2177 1622 2209 P.
1648 2195 1691 2200 ——-

151 2234 360 2266 persuasum
385 2233 404 2254 v
431 2222 475 2259 (A
502 2225 634 2263 puncto
660 2221 778 2263 posito
798 2223 864 2254 sub
889 2225 953 2259 m).
980 2240 1019 2244 —
1043 2222 1151 2264 paulo
1177 2220 1270 2263 ante]
1297 2223 1316 2261 ἓ
1343 2223 1373 2253 4.
1400 2238 1441 2243 —-
1471 2221 1624 2254 Potesne
1650 2224 1690 2252 vl

197 2347 228 2376 4.
284 2346 320 2377 in
354 2345 480 2377 divinis
515 2345 723 2387 corporibus]
765 2345 819 2377 Cf.
859 2357 888 2377 c.
958 2345 1056 2376 valet
1092 2344 1185 2386 qnod
1215 2349 1263 2376 ut.
1311 2343 1388 2376 Vid.
1422 2347 1494 2376 not.
1523 2343 1567 2376 ad
1602 2354 1630 2375 c.
1660 2345 1694 2382 3,

158 2392 199 2420 15
283 2391 334 2421 14.

197 2389 262 2485 ‹⁹123›
293 2448 446 2476 movetur
478 2443 622 2486 caelum]
660 2443 715 2476 Cf.
749 2444 887 2477 Coruin.

153 2488 180 2529 Ι,
212 2490 263 2527 17,
287 2491 309 2519 8
333 2499 409 2529 sqq.

199 2532 330 2574 sidera]
357 2532 411 2563 Cf.
438 2531 578 2563 Connu-
605 2532 634 2573 1,
663 2534 714 2570 18,
745 2534 757 2563 Ι
788 2543 864 2574 sqq.

198 2587 378 2628 clementa]
406 2586 461 2618 Cf.
489 2586 629 2617 Connn.
645 2587 692 2626 11,
711 2589 762 2626 12,
783 2589 821 2618 14
837 2599 888 2629 sq.

195 2641 456 2682 spiramentum]
505 2641 582 2672 vid.
640 2642 808 2684 prolegg.
854 2654 887 2683 p.

152 2694 240 2715 xmi.
267 2685 360 2716 med.
403 2684 459 2716 Cf.
494 2684 596 2716 Alex.
633 2685 670 2723 l,
704 2688 777 2717 131.
808 2680 888 2718 “On

152 2722 392 2768 ἀναγκάζουσι
416 2726 456 2761 vd
483 2725 683 2769 ψυχικὸν
708 2727 751 2761 ἐν
775 2728 887 2771 ἐγκε-

152 2768 279 2813 φάλῳ
318 2772 501 2813 πνεῦμα
544 2770 792 2815 ταράσσεσθαι
828 2772 888 2806 καὶ

152 2812 326 2847 ethicam
352 2813 418 2848 σὺν
442 2818 518 2854 τοῖς
542 2813 676 2858 ὑγροῖς.

197 2868 313 2910 quasi]
352 2870 387 2902 h.
421 2871 446 2904 l.
470 2874 506 2903 et
537 2871 632 2903 infra
671 2873 692 2911 S
725 2874 756 2903 6.
789 2871 885 2904 idem

1002 2436 1033 2464 6.
1082 2432 1211 2464 labitur
1248 2432 1282 2463 ιή
1322 2431 1476 2472 ruinam]
1520 2430 1574 2462 cf.
1612 2431 1692 2471 §2-

956 2482 1071 2509 ruimt.

1002 2525 1031 2552 7.
1058 2519 1239 2562 consuetis]
1254 2518 1374 2560 inagis
1393 2517 1504 2549 etiam
1522 2527 1628 2558 quam
1654 2515 1690 2548 id

957 2566 1048 2605 quod
1078 2564 1281 2603 antecedit,
1304 2567 1475 2594 assuetum
1501 2565 1690 2602 poetarum

957 2613 1013 2641 est
1040 2608 1238 2651 proprium,
1263 2607 1293 2638 si
1320 2607 1463 2648 quidem
1498 2606 1542 2637 ad
1571 2604 1690 2636 horni-

956 2664 1035 2684 nein
1072 2653 1246 2689 refertur,
1293 2661 1358 2681 non
1399 2649 1442 2681 ad
1485 2660 1578 2680 rem:
1624 2649 1688 2680 sed

955 2697 1066 2729 eliani
1090 2695 1295 2727 Columella
1320 2694 1353 2731 I,
1377 2697 1416 2731 8,
1439 2695 1470 2724 2.
1496 2692 1606 2725 dicit:
1632 2693 1688 2725 lu-

953 2741 1143 2783 panaribus
1166 2742 1426 2770 consuetum.

998 2784 1151 2826 pavescit
1174 2804 1181 2811 -
1199 2805 1206 2813 .
1229 2780 1368 2822 motum]
1393 2780 1450 2811 Cf·
1471 2779 1591 2812 Tacit.
1619 2779 1689 2812 An-

955 2829 1028 2860 nal.
1053 2828 1082 2867 1,
1106 2828 1139 2857 4.
1163 2835 1344 2867 pavescere
1370 2825 1505 2856 bellum.

998 2874 1031 2903 8.
1051 2869 1235 2913 nusquam]
1253 2869 1314 2902 i.e.
1330 2868 1365 2901 in
1379 2869 1518 2902 nullam
1534 2871 1685 2910 partein.
