1871 3126
216 135 392 176 volatus:
421 137 513 173 ante
542 131 660 186 pedes
690 132 819 185 imago
845 132 1013 174 feminea
1037 139 1108 183 est,
1129 133 1243 174 euius
1264 133 1425 175 dextera
1447 133 1639 188 laevaque
1666 139 1759 175 sunt

151 191 204 234 68
218 191 328 245 signa
360 189 615 230 seminarum:
662 201 707 229 ea
739 188 862 243 cingit
896 190 1073 230 ssexuoso
1105 189 1307 230 volumine
1338 190 1470 231 draeo.
1529 190 1679 231 Radios
1718 191 1757 231 in

217 253 362 288 terram
394 258 564 299 superne
598 244 670 285 iaci
698 244 820 286 barba
849 245 1021 286 demissa
1050 245 1267 299 signifieat:
1293 246 1469 287 calathus
1498 261 1643 288 aureus
1673 260 1759 287 sur-

216 316 309 357 gens
348 301 388 341 in
425 302 548 342 altum
587 306 784 341 monstrat
818 302 990 343 aetheris
1030 316 1250 351 summam,
1300 302 1406 343 unde
1449 303 1542 343 solis
1585 303 1761 343 ereditur

217 372 304 398 esse
334 358 572 399 substantia:
613 357 749 398 hastae
779 363 899 412 atque
931 358 1076 399 loricae
1107 364 1341 411 argumento
1370 359 1500 411 imago
1532 358 1761 412 adiungitur

215 414 378 463 Martis,
427 428 545 468 quem
574 413 745 454 eundem
776 428 819 455 ae
852 415 975 455 solem
1001 428 1088 455 esse
1118 414 1335 468 procedens
1366 428 1496 455 sermo
1529 414 1759 468 patefaciet:

217 470 397 511 Victoria
436 475 606 511 testatur
645 475 788 511 cuneta
831 471 1011 512 submitti
1053 470 1171 511 huius
1213 470 1351 511 sideris
1394 470 1600 524 potestati:
1651 470 1760 511 ssoris

217 527 366 581 species
400 526 537 568 ssorem
575 540 708 567 rerum
745 533 987 580 protestatur
1018 541 1117 581 quas
1154 526 1216 567 hie
1248 527 1345 567 deus
1375 526 1587 567 inseminat
1616 540 1758 580 proge-

153 583 206 625 69
219 589 332 624 nerat
360 583 466 624 fovet
494 583 619 623 nutrit
650 588 916 637 maturatque.
975 583 1135 638 Species
1166 582 1335 624 feminea
1365 588 1493 624 terrae
1525 583 1655 636 imago
1687 588 1759 633 est,

220 653 340 693 quam
371 640 429 680 sol
457 639 629 693 desuper
656 639 858 680 inlustrat:
890 639 999 693 signa
1027 640 1108 680 duo
1133 653 1260 693 aeque
1289 639 1456 680 feminea
1475 639 1620 693 quilius
1649 639 1759 679 amb-

217 696 298 736 itur
336 695 452 749 hjlen
491 701 756 749 naturamque
792 696 1015 749 significant
1048 695 1378 736 confamulantes:
1425 701 1464 736 et
1493 694 1676 735 draconis
1706 694 1760 735 ef-

219 751 329 805 figies
359 752 580 792 flexuosum
615 751 689 791 iter
719 751 858 792 sideris
891 757 1103 792 monstrat:
1151 752 1307 805 aquilae
1336 758 1500 806 propter
1530 751 1759 791 altissimam

154 807 207 848 70
219 808 468 849 velocitatem
498 808 653 848 volatus
684 807 932 848 altitudinem
971 808 1064 848 solis
1101 808 1329 848 ostendunt.
1388 808 1536 848 Addita
1567 813 1626 848 est
1657 807 1757 848 Gor-

219 878 346 917 gonea
375 863 508 913 vestis,
537 863 643 917 quod
668 863 860 912 Minerva,
894 878 1012 918 quam
1040 863 1158 904 huius
1188 863 1409 918 praesidem
1437 863 1668 917 accipimus,
1698 877 1760 904 so-

218 920 265 960 lis
294 921 417 961 virtus
446 920 512 960 sit:
543 919 646 960 sicut
677 925 716 960 et
744 920 991 975 Porphyrius
1022 924 1192 960 testatur
1217 920 1437 960 Minervam
1465 933 1551 960 esse
1576 919 1760 960 virtutem

219 976 315 1017 solis
347 990 450 1030 quae
476 976 660 1016 humanis
691 976 891 1017 mentibus
920 976 1169 1031 prudentiam
1208 976 1494 1017 subministrat.
1540 976 1641 1018 Nam
1672 975 1761 1017 ideo

219 1032 316 1073 haec
363 1033 436 1073 dea
478 1033 584 1073 lovis
628 1032 757 1087 eapite
798 1038 991 1087 prognata
1032 1037 1297 1082 memoratur,
1340 1032 1379 1072 id
1421 1038 1480 1073 est
1520 1031 1569 1072 de
1608 1045 1763 1073 summa

220 1088 390 1130 aetheris
420 1094 531 1142 parte
562 1088 679 1138 edita,
710 1089 817 1130 unde
846 1089 958 1143 origo
990 1089 1084 1129 solis
1113 1093 1184 1129 est.

334 1146 488 1186 XVIII.
551 1146 659 1185 Haec
698 1159 800 1199 quae
836 1146 884 1186 de
921 1145 1107 1199 Apolline
1143 1144 1314 1185 diximus
1352 1147 1521 1198 possunt
1560 1142 1677 1184 etiam
1715 1143 1764 1183 de

156 1200 393 1254 [2991Libero
441 1201 544 1241 dicta
589 1201 817 1242 existimari.
888 1202 986 1243 Nam
1033 1201 1293 1249 Aristoteles,
1341 1200 1408 1254 qui
1439 1199 1763 1254 Theologumena

221 1257 400 1312 scripsit,
447 1257 671 1312 Apollinem
710 1263 749 1298 et
785 1258 971 1299 Liberum
1012 1263 1162 1313 patrem
1202 1271 1327 1299 unum
1360 1256 1613 1311 eundemque
1644 1256 1764 1297 deum

309 1370 411 1412 [uss.
440 1370 604 1403 ABGPS.

217 1435 287 1467 qua
313 1425 408 1457 nihil
436 1426 572 1458 clarius
598 1425 780 1469 integrius
807 1426 1025 1459 sincerius.“
1052 1426 1165 1458 Gron.

218 1470 301 1502 add.
333 1475 372 1508 a]
399 1470 442 1502 G.
468 1489 510 1494 --
537 1471 665 1502 descrit
686 1471 813 1503 BGSa.
837 1491 873 1495 —
904 1473 1009 1515 sigua
1030 1477 1108 1503 suut
1127 1471 1165 1502 A.

1214 1424 1292 1457 Vid.
1318 1426 1391 1456 not.
1430 1441 1473 1447 —-
1506 1424 1639 1465 semiue
1664 1423 1763 1465 (sup.

1283 1472 1336 1500 68.
1373 1480 1517 1511 superne
1541 1468 1623 1500 add.
1650 1479 1671 1500 a
1691 1480 1765 1500 sec.

218 1526 265 1546 m.
293 1514 335 1546 G.
362 1533 402 1538 —
428 1516 583 1547 dimissa
602 1516 674 1547 BG.
698 1534 737 1538 —
763 1516 845 1559 sig't
870 1515 906 1548 S.
953 1517 1086 1559 siguat
1111 1526 1187 1557 v-g.
1212 1531 1253 1538 —-
1278 1519 1448 1546 monstrat
1471 1514 1533 1546 ati
1558 1517 1655 1555 (δῖψ-
1682 1514 1765 1545 add·

219 1560 248 1596 l)
269 1560 418 1591 aetheris
441 1560 478 1591 A.
504 1578 544 1583 ——
566 1572 746 1592 summum
763 1572 843 1603 v-g.
870 1579 910 1584 --
937 1561 1079 1592 matris
1100 1560 1139 1591 A.
1168 1577 1209 1582 —
1232 1558 1419 1602 procedens
1443 1558 1565 1599 sermo]
1590 1569 1620 1588 e.
1646 1560 1697 1589 19.
1721 1575 1765 1581 —

215 1605 376 1646 patefiet
401 1606 500 1645 (sup.
529 1605 610 1649 add.
629 1608 687 1642 ac)
705 1606 742 1637 A.
770 1623 812 1629 —
838 1607 947 1638 nutrit
968 1607 1066 1646 fovet
1082 1604 1189 1646 Sv-g.

1304 1605 1361 1634 69.
1393 1602 1547 1635 ambitus
1565 1602 1594 1633 B
1617 1602 1669 1643 (G
1690 1612 1710 1634 a
1732 1612 1767 1643 p.

221 1652 299 1686 nr).
324 1668 365 1672 -—
391 1649 505 1689 hylem
534 1649 569 1680 S.
594 1668 637 1673 —
661 1651 873 1690 fluxuosum
902 1661 934 1681 v.
959 1668 1001 1673 —-
1027 1650 1062 1681 id
1088 1654 1136 1681 est
1161 1659 1231 1679 om.
1255 1647 1292 1678 A.

310 1693 437 1724 xvlll.

221 1747 319 1779 quem
346 1738 461 1769 solem.
494 1738 597 1769 ch-b.

222 1783 277 1813 ber
300 1788 412 1823 paler.
442 1792 461 1813 v
489 1782 530 1822 (i.
563 1784 647 1825 Cap.
675 1784 787 1821 XL).

487 1695 609 1735 Caput.
637 1695 776 1726 ΧΙἸΙΙ.
822 1695 978 1726 Liberum
1006 1704 1138 1736 quoque
1165 1698 1298 1735 patrem
1326 1702 1401 1723 eum
1427 1691 1538 1733 ipsum
1562 1700 1633 1722 esse
1664 1690 1765 1722 deum

650 1740 733 1780 Cap.
762 1739 857 1771 XXI.
895 1740 944 1770 De
972 1739 1091 1770 Libero
1114 1743 1236 1780 patre.-
1269 1736 1426 1778 qnodque
1449 1736 1537 1767 idem
1566 1735 1616 1766 sol
1641 1740 1672 1767 et
1701 1735 1764 1766 Li-

841 1793 894 1815 DE
926 1793 1073 1815 Ltnfflto
1108 1790 1233 1814 stirme
1267 1781 1312 1821 (Α
1341 1780 1375 1811 in
1402 1780 1495 1822 ing.)
1523 1779 1674 1810 BGP12.

270 1829 299 1858 l.
338 1828 380 1859 de
406 1827 528 1860 Libero
549 1833 680 1870 patre
705 1829 779 1860 s-b.
809 1846 851 1851 —
880 1829 1073 1862 aestimari
1098 1838 1169 1860 s-z.
1201 1844 1244 1849 —
1279 1826 1395 1858 multis
1421 1826 1510 1866 (oui.
1537 1825 1636 1861 aliis)
1664 1823 1765 1855 Ps-z.

218 1925 265 1957 ris
289 1925 478 1957 Genetricis
501 1931 622 1968 postca
648 1928 860 1960 ‹ledicavit.“
886 1927 958 1959 Ad-

219 1969 384 2001 verbium
409 1976 549 2013 propter
576 1982 644 2003 uon
673 1976 768 2011 tnui,
807 1976 846 2004 ut
879 1973 959 2003 vult

219 2014 449 2054 Gronovius,
491 2026 571 2046 eum
606 2017 718 2047 verbo
750 2017 959 2058 exprimunt,

219 2069 325 2099 quiam
349 2070 428 2090 cum
454 2059 599 2090 nomine
625 2062 774 2102 Aquilae
796 2064 852 2093 est
877 2061 958 2092 iun-

218 2104 389 2144 gendum.
461 2104 636 2145 Expliees
682 2106 828 2147 Aquilae
869 2115 958 2147 quae

215 2158 323 2190 prope
351 2148 479 2180 adsunt
503 2152 538 2180 et
564 2148 732 2181 conferas
760 2148 898 2181 Comm.
926 2149 954 2188 l,

217 2194 280 2231 21,
308 2195 338 2224 9.
373 2193 623 2234 Acgyptiorum
650 2199 769 2225 retro
795 2195 958 2225 maiores.

219 2240 256 2267 et
284 2237 327 2268 (le
349 2236 427 2268 (lill'.
457 2240 513 2276 15,
541 2240 593 2269 19.
622 2239 730 2270 omnis
753 2243 868 2270 retro
899 2249 959 2270 ae-

219 2286 294 2320 tas,
336 2282 503 2323 prolegg.
538 2293 571 2323 p.
603 2293 719 2321 xmv.;
762 2282 833 2314 uisi
864 2283 959 2314 forte

217 2331 360 2367 proptor
393 2337 518 2358 errore
551 2327 622 2358 hue
658 2328 876 2360 translatum
905 2332 961 2360 est

225 2381 244 2401 e
271 2372 290 2409 ἓ
317 2373 371 2402 (39.

262 2415 403 2446 dextera
431 2414 613 2457 laevaque]
654 2415 677 2446 i.
703 2426 733 2447 e.
759 2426 778 2448 a
805 2416 957 2448 dextera

220 2459 399 2501 laevaque
427 2463 542 2500 purte,
569 2460 614 2490 el‘.
638 2460 653 2501 {j
680 2463 732 2491 69.

262 2506 317 2535 65.
367 2505 401 2536 in
440 2510 565 2536 terram
600 2516 746 2547 superne
778 2504 858 2547 iaci]
897 2504 954 2536 Cf.

219 2559 248 2579 e.
276 2551 329 2579 22.
358 2550 377 2588 §
404 2551 435 2580 2.
476 2551 631 2590 Superue
658 2550 692 2580 h.
720 2550 741 2581 l.
772 2549 865 2581 idem
894 2559 956 2581 va-

218 2593 268 2624 let
293 2593 387 2633 quod
414 2604 453 2625 er
479 2594 569 2625 allo:
595 2594 656 2625 sed
684 2594 779 2625 idem
804 2594 897 2635 quod
922 2595 957 2625 in

218 2637 329 2669 altum
354 2638 451 2679 apud
477 2638 637 2670 Plinium
663 2638 704 2669 N.
734 2639 778 2671 H.
806 2638 903 2677 XIX,
924 2640 956 2669 5.

220 2692 247 2712 s.
273 2684 327 2713 25.
364 2682 379 2723 §
412 2685 465 2713 76.
503 2682 622 2714 Solum.
658 2683 719 2715 hoc
750 2694 863 2726 genus
894 2694 958 2714 su-

217 2737 344 2766 perne
366 2727 496 2766 teudit,
534 2739 602 2759 non
627 2733 665 2761 ut
691 2733 804 2761 cetera
830 2728 864 2760 in
888 2733 958 2760 ter-

220 2780 308 2800 ram.

262 2815 448 2854 procedens
498 2826 605 2849 sermo
649 2815 852 2859 patefaciet]
903 2814 958 2847 Cf·

222 2857 392 2898 prolegg.
424 2871 454 2899 p.
487 2870 576 2892 xnn.

262 2903 486 2944 protestatur]
520 2904 598 2937 Hoc
627 2905 740 2938 verbo
766 2915 852 2937 usus
878 2914 958 2936 esse

1026 1925 1172 1958 videtur
1198 1924 1420 1963 Macrobius,
1448 1935 1492 1955 ne
1519 1933 1631 1966 parvo
1652 1922 1767 1955 inter-

1029 1971 1126 2002 vallo
1159 1973 1389 2011 repeteretur
1421 1969 1573 2000 verbum
1608 1973 1767 2001 testatur.

1027 2015 1083 2046 Cf.
1111 2015 1279 2056 prolegg.
1308 2025 1342 2055 p.
1370 2023 1468 2045 xcxv.

1071 2062 1126 2090 69.
1175 2058 1290 2100 hylen]
1334 2057 1390 2089 Cf.
1432 2068 1463 2089 c.
1501 2059 1554 2088 22.
1597 2057 1617 2097 ἓ
1656 2059 1687 2088 3.
1729 2060 1766 2089 et

1029 2103 1169 2135 Comui.
1197 2103 1225 2142 Ι,
1260 2105 1311 2141 12,
1340 2104 1395 2133 11.

1068 2152 1209 2191 propter
1230 2147 1436 2179 altissimam
1462 2145 1678 2177 velocitatem
1702 2155 1766 2176 vo-

1027 2192 1134 2233 latus]
1166 2191 1367 2223 Dicendum
1408 2194 1507 2222 erut:
1543 2194 1683 2231 propter
1711 2189 1766 2220 al-

1025 2238 1196 2270 tissimum
1234 2241 1265 2268 et
1307 2236 1557 2267 velocissimum
1597 2233 1765 2266 volatum.

1027 2280 1177 2314 Similia
1206 2280 1276 2312 vid.
1302 2280 1469 2322 proh-gg.
1492 2290 1525 2320 p.
1549 2288 1640 2310 nn.

1072 2329 1128 2358 70.
1177 2336 1279 2367 quarn
1314 2325 1416 2356 huius
1446 2323 1640 2366 praesidem
1673 2321 1766 2353 acci-

1026 2369 1157 2413 pimus]
1192 2369 1215 2401 i.
1247 2381 1279 2401 e.
1315 2369 1420 2401 euius
1452 2368 1549 2400 hane
1579 2366 1766 2408 propriam

1027 2426 1107 2447 esse
1129 2413 1346 2456 accipimus.

1069 2460 1110 2491 de
1152 2470 1286 2490 summa
1326 2457 1474 2490 aetheris
1513 2459 1615 2498 parte
1655 2453 1765 2494 edita]

1025 2503 1128 2535 Coui'.
1158 2503 1233 2542 111,
1263 2504 1296 2542 4,
1323 2505 1354 2534 8.
1403 2502 1589 2533 Pantanus
1614 2498 1767 2529 adnota-

1026 2549 1096 2580 vit:
1144 2547 1354 2589 „Arnobius
1392 2544 1477 2587 [111‚
1514 2543 1588 2584 31.]
1629 2542 1768 2574 doetis-

1027 2593 1137 2625 sime:
1188 2592 1347 2623 Eandem
1387 2590 1477 2621 hanc
1517 2588 1582 2620 alii
1620 2587 1766 2619 aethe-

1024 2648 1136 2670 reum
1176 2636 1384 2668 verticem
1422 2638 1461 2665 et
1498 2631 1767 2664 summitatis

1026 2681 1166 2724 ipsius
1189 2690 1259 2711 esse
1277 2688 1475 2711 summam
1494 2677 1666 2708 dixerunt.
1691 2676 1767 2708 Me·

1026 2725 1171 2757 moriam
1196 2723 1368 2761 nonnulli,
1393 2722 1485 2753 unde
1506 2721 1618 2763 ipsum
1644 2730 1767 2752 nomeu.

1031 2770 1202 2805 Minerva,
1229 2768 1329 2809 quasi
1350 2766 1521 2809 quaedam
1540 2765 1767 2804 Meminerva,

1025 2817 1219 2855 formatum.
1246 2812 1333 2844 est.“

1072 2856 1201 2895 xvnl,
1221 2858 1249 2888 l.
1285 2855 1480 2898 Apollinem
1503 2858 1534 2886 et
1554 2853 1713 2885 Liberum
1736 2877 1743 2883 .
1759 2877 1766 2884 .

1027 2902 1172 2936 eundem
1197 2901 1297 2935 deum
1317 2899 1402 2941 esse]
1427 2898 1533 2932 Conf.
1549 2897 1684 2933 Arnob.
1700 2895 1766 2937 111,
