1845 3131
214 160 286 202 per
317 146 444 195 sileri,
488 156 570 185 non
597 147 657 184 est
678 143 783 184 ultra
809 143 1104 196 quaerendum,
1147 144 1250 185 inter
1279 158 1436 187 mensas
1472 144 1753 200 philosophan-

214 203 309 244 dum
339 214 465 242 necne
496 199 558 240 sit.
618 198 659 240 Si
690 212 785 241 vero
813 213 894 240 non
921 204 1041 240 erunt
1069 204 1179 240 muta
1210 200 1400 251 convivia,
1424 215 1507 251 cur,
1528 201 1597 242 uhi
1622 214 1754 242 sermo

214 256 474 313 permittitur,
513 255 705 297 honestus
737 268 868 296 sermo
897 254 1150 309 prohibetur,
1184 256 1355 297 maxime
1385 270 1476 298 eum
1510 271 1591 297 non
1621 256 1754 297 minus

151 313 332 368 lSquam
367 311 536 352 dulcedo
574 310 654 352 vini
690 310 860 352 hilarent
890 311 1008 352 verba
1048 310 1299 352 convivium?
1357 312 1478 362 Nam,
1524 313 1556 353 si
1588 313 1752 353 Homeri

214 370 400 410 latentem
441 366 692 422 prudentiam
739 366 925 408 scruteris
968 366 1107 416 altius,
1155 366 1457 408 delinimentum
1501 368 1598 408 illud
1646 368 1754 422 quod

213 425 365 465 Helena
394 423 486 465 vino
515 422 686 471 miscuit,

420 476 648 533 Νηπενθές
674 475 709 518 τ’
741 474 898 529 ἄχολόν
926 491 970 518 τε
997 478 1144 519 κακῶν
1175 477 1381 531 ἐπίληθον
1411 473 1624 528 ἁπάντων,

214 551 296 578 non
332 536 456 577 herba
491 534 588 584 suit,
639 548 720 575 non
758 548 805 574 ex
836 533 950 574 India
984 547 1127 583 sucus,
1176 534 1244 574 sed
1281 533 1467 574 narrandi
1506 533 1756 587 oportunitas

150 593 200 633 19
214 607 316 647 quae
354 591 551 645 hospitem
586 589 779 630 moeroris
815 589 983 630 oblitum
1015 589 1123 630 flexit
1152 589 1201 629 ad
1233 589 1436 643 gaudium.
1496 589 1620 630 Ulixis
1648 589 1752 629 enim

213 648 412 703 praeclara
444 646 618 686 facinora
646 645 729 686 filio
763 651 969 699 praesente
999 645 1206 686 narrabat:

418 698 526 742 Οἷον
555 700 628 742 καὶ
655 698 743 741 τόδ’
774 699 885 754 ἔρεξε
913 700 986 741 καὶ
1017 700 1111 754 ἔτλη
1140 698 1344 753 καρτερὸς
1374 697 1496 753 ἀνήρ.

149 760 351 814 [2051Erg0
382 764 587 812 paternam
623 756 790 810 gloriam
828 762 868 796 et
898 756 1052 810 singula
1082 757 1168 797 eius
1198 756 1297 796 sacta
1331 756 1447 797 fortia
1472 756 1641 797 dicendo
1671 756 1754 796 ani-

214 828 324 855 mum
357 814 424 854 [ilii
449 812 541 853 fecit
569 812 814 859 alacriorem,
840 816 880 852 et
903 811 957 852 ita
987 812 1136 852 credita
1162 817 1221 852 est
1250 817 1387 851 contra
1418 825 1636 852 maerorem
1662 811 1755 853 vino

145 872 201 914 20
214 870 435 911 remedium
465 868 683 910 miscuisse.
745 867 855 918 Quid
886 867 974 916 hoc,
1000 868 1146 922 inquis,
1170 867 1219 907 ad
1243 866 1564 921 philosophiam?
1624 869 1754 908 Immo

215 926 312 967 nihil
347 931 427 966 tam
469 929 682 978 cognatum
718 923 936 977 sapientiae
972 937 1092 977 quam
1133 922 1230 963 locis
1264 927 1303 962 et
1341 922 1589 976 temporibus
1620 927 1756 977 aptare

215 996 419 1024 sermones
458 993 719 1035 personarum
749 993 852 1033 quae
889 979 1059 1020 aderunt
1094 978 1370 1019 aestimatione
1409 978 1448 1018 in
1480 978 1655 1019 medium
1686 992 1754 1019 vo-

147 1039 197 1079 21
216 1043 313 1079 cata.
373 1037 486 1078 Alios
514 1036 619 1077 enim
652 1036 774 1076 relata
802 1035 1018 1076 incitarunt
1048 1035 1228 1089 exempla
1258 1034 1469 1083 virtutum,
1507 1034 1605 1074 alios
1635 1035 1754 1075 bene-

216 1094 423 1144 ficiorum,
449 1092 663 1134 nonnullos
696 1091 933 1141 modestiae,
959 1096 1005 1132 ut
1033 1096 1072 1132 et
1102 1090 1170 1145 qui
1201 1089 1314 1131 aliter
1346 1090 1515 1144 agebant
1540 1103 1657 1145 saepe
1685 1103 1755 1131 au-

304 1216 409 1259 [Mss.
436 1215 617 1248 Apsum.

213 1290 254 1296 —-
288 1272 499 1314 permittitur
525 1270 653 1302 inhon
666 1275 804 1309 estus,
839 1270 999 1302 honestus
1026 1268 1226 1311 prohibetur
1255 1278 1332 1310 v-g.
1476 1269 1525 1298 18.
1561 1266 1591 1297 si
1617 1266 1756 1298 Homeri

214 1316 297 1357 cct.]
321 1316 376 1347 Cf.
403 1316 499 1348 Plut.
526 1315 550 1346 Ι.
579 1325 621 1353 0.,
645 1316 676 1346 4.
704 1332 736 1338 -—
767 1315 805 1346 iu
817 1315 977 1346 scruteris
994 1323 1073 1355 v-g.
1107 1330 1152 1335 —
1177 1313 1454 1344 delenimentum
1479 1310 1582 1342 s-bP.
1603 1327 1649 1334 ——·
1676 1310 1758 1352 Νη-

212 1358 356 1402 πενθές]
385 1360 452 1392 011.
475 1355 523 1399 δ’,
547 1361 626 1390 221.
677 1356 870 1399 Νηπενθὲς
895 1380 926 1389 ..
953 1352 1125 1389 ἁπάντων
1149 1367 1219 1387 om.
1243 1355 1460 1387 ASH12v-a.
1500 1371 1542 1377 -—-
1577 1351 1756 1395 ἐπίληθες

214 1404 278 1446 hg.
418 1407 470 1435 19.
516 1403 627 1434 Ulixis
651 1403 771 1434 Aine.
828 1402 947 1443 myxis
970 1400 1044 1433 Svi.
1100 1400 1247 1442 Utyssis
1270 1399 1375 1430 c-bP.
1414 1417 1449 1422 —
1484 1399 1658 1430 narravit
1684 1398 1754 1430 fle.

215 1448 342 1488 ,Adde
368 1447 562 1486 Menelaus,
599 1457 643 1478 ne
666 1446 808 1477 Helena
833 1445 1068 1487 intelligatur
1093 1455 1134 1475 ex
1160 1442 1460 1476 antecedentibus
1486 1446 1612 1474 contra
1635 1442 1755 1473 locum

215 1492 284 1525 011.
312 1488 362 1532 δ’,
388 1494 494 1523 271.“
522 1490 632 1522 Zeun.
683 1490 759 1522 tid.
792 1494 865 1521 not.
907 1507 948 1513 —-
992 1485 1084 1520 Οἷον
1189 1484 1281 1529 (ἰνήρ
1315 1498 1384 1518 0111.
1417 1486 1543 1519 Asin.
1585 1487 1656 1518 Pro
1684 1486 1755 1518 hoc

215 1547 322 1568 versu
349 1536 383 1567 in
409 1546 477 1578 v-g
501 1535 674 1576 leguntur
699 1534 767 1566 od.
796 1530 839 1573 δ’,
862 1535 1020 1565 240—43.
1050 1529 1177 1564 Ποὶντα
1200 1528 1264 1572 μὲν
1291 1528 1357 1563 οὐκ
1381 1525 1426 1562 (ἲν
1449 1527 1516 1572 ἐγὼ
1539 1527 1755 1572 μυθήσομαι

215 1604 247 1612 ..
274 1576 338 1612 ὅθι
363 1576 512 1621 πάσχετε
539 1575 672 1620 πήματ’
702 1574 840 1619 Ἀχαιοί.
888 1577 989 1618 Apud
1017 1576 1257 1608 Plutarchum
1286 1576 1460 1616 leguntur
1494 1584 1525 1606 v.
1550 1576 1627 1605 242.
1656 1570 1750 1606 Ἀλλ’

214 1621 293 1656 οἷον
318 1620 393 1655 τόδ’
421 1621 514 1665 ἔρεξε
537 1622 597 1654 καὶ
621 1620 701 1664 ἔτλη
730 1618 903 1663 καρτερὸς
927 1617 1033 1663 ἀνὴρ,
1059 1624 1095 1652 et
1119 1631 1150 1651 v.
1177 1621 1252 1651 244.
1280 1616 1394 1651 αὐτόν
1416 1629 1476 1660 μιν
1498 1640 1530 1650 ..
1557 1614 1753 1658 δαμάσσας.

214 1686 256 1692 -
286 1669 474 1699 ις’.»ιιΤοΝΔ
502 1667 539 1698 Ρ.
565 1684 599 1689 —-·
627 1675 901 1699 GTAHKAPSPOC
923 1669 1029 1697 ANSIT
1051 1665 1086 1696 Ρ.
1115 1683 1148 1687 -
1173 1664 1285 1703 sortia
1308 1668 1395 1702 (om.
1418 1663 1540 1703 facta)
1566 1661 1614 1693 vi.
1641 1663 1756 1703 fortia

209 1715 312 1754 sacta
333 1713 407 1744 c-b.
433 1728 475 1735 -
501 1711 716 1753 digerendo
741 1710 845 1741 s-bP.
868 1728 902 1732 —
927 1710 1013 1749 fecit
1026 1709 1101 1751 filii
1122 1709 1190 1740 H2.
1294 1710 1348 1739 20.
1378 1708 1470 1748 Quid
1491 1707 1610 1739 hoc...
1627 1708 1667 1746 (ἓ
1678 1706 1754 1747 23.)

216 1761 350 1799 sperate
372 1756 505 1798 parati]
531 1755 586 1786 Cf.
612 1755 664 1786 10.
690 1754 835 1786 Saresb.
862 1754 884 1785 l.
911 1765 941 1785 c.
981 1772 1020 1777 -—-
1061 1753 1153 1794 Quid
1179 1752 1282 1784 haec
1305 1751 1342 1784 S.
1379 1770 1420 1775 ——-
1456 1752 1573 1793 inquit
1601 1762 1676 1792 c-g.
1712 1767 1754 1774 —

215 1801 408 1843 sapientiae
430 1804 528 1842 (sup.
557 1799 639 1832 add.
662 1801 730 1836 est)
758 1798 822 1830 112.
848 1815 890 1821 ·-
924 1798 1158 1830 extimatione
1182 1795 1218 1828 S.
1354 1798 1409 1828 21.
1442 1796 1538 1827 Alios
1562 1795 1650 1827 enim
1674 1793 1755 1836 cet.]

216 1845 268 1877 Cf.
292 1846 388 1878 Plut.
415 1845 440 1876 1.
468 1856 511 1887 c.,
533 1846 565 1876 4.
592 1861 627 1866 —
658 1843 868 1876 incitabant
890 1842 994 1875 s-bP.
1018 1860 1060 1865 —
1084 1842 1193 1874 adeo
1217 1845 1254 1873 ut
1283 1841 1349 1873 H2.
1377 1859 1416 1864 —
1440 1840 1595 1872 venirent
1619 1849 1688 1871 om.
1715 1839 1754 1871 P.

216 1960 439 1992 Plutarchus
464 1960 497 1999 l,
525 1962 562 1992 1.
584 1961 686 2010 ΖΗΙ).
712 1960 789 1990 613.
818 1958 860 1991 Β.
885 1958 953 1990 ha-

548 1998 560 2003 ,
1019 1957 1094 1991 πίοι
1114 1954 1296 1998 Ὀρέστης,
1331 1952 1419 1996 μήτε
1443 1950 1575 1992 ἐκεῖνος
1600 1950 1753 1996 ἄχθοιτο

215 2006 293 2037 hett
340 2003 390 2035 Εἰ
417 2001 481 2045 μὲν
517 2004 582 2037 οὐν
617 2012 763 2045 ωσπερ
801 2001 841 2035 οἱ
874 2001 953 2035 τὸν
1440 1995 1448 2007 ’

1019 1998 1106 2035 καθ’
1129 1998 1244 2033 αὐτὸν
1267 1998 1379 2031 πίνων
1401 2009 1522 2039 μονος.

212 2045 420 2090 Ὀρέστην
453 2046 686 2084 ἑστιῶντες
711 2044 747 2078 ἐν
772 2047 953 2087 θεσμοθε-

214 2092 295 2134 τείῳ
326 2102 375 2135 πῃ
406 2089 553 2133 τρώγειν
581 2090 642 2123 καὶ
673 2090 786 2122 πίνειν
816 2087 954 2131 ἐμέλλο-

213 2145 288 2177 μεν.
350 2136 594 2178 Areopagitas
635 2145 705 2166 11011
745 2139 843 2165 recte
883 2135 954 2165 huc

216 2179 328 2212 traxit
374 2180 606 2218 Macrobius,
656 2189 737 2210 nam
786 2178 953 2210 Orestem

216 2224 377 2266 hospitio
452 2223 596 2266 excepit
672 2222 950 2254 Atheniensium

217 2279 300 2307 rex,
345 2267 424 2300 sive
474 2267 705 2309 Demophon,
754 2270 792 2298 ut
839 2267 952 2298 refert

216 2312 426 2344 Athenaeus
452 2312 501 2352 X,
522 2315 576 2344 49.
610 2323 642 2353 p.
667 2312 753 2350 437,
781 2322 835 2351 c.,
873 2310 951 2342 sive

216 2356 400 2396 Pandion,
438 2356 532 2398 quod
564 2366 692 2387 nomen
725 2355 759 2386 ei
784 2355 891 2386 datm·
916 2354 951 2386 in

216 2400 372 2432 scholiis
419 2401 463 2433 ad
507 2398 762 2441 Aristophanis
804 2398 953 2440 Equites

218 2456 251 2475 v.
276 2447 353 2483 95..
391 2448 427 2477 et
457 2444 500 2476 ad
528 2445 783 2476 Acharnenses
811 2454 845 2474 v.
873 2446 951 2474 972.

215 2490 345 2530 (960³,
372 2489 431 2521 uhi
458 2489 631 2530 leguntur
654 2489 811 2521 haecce:
843 2484 953 2528 Ὀρέ-

220 2541 321 2574 στης
354 2531 442 2574 μετὰ
477 2532 541 2576 τρν
576 2529 689 2575 φόνον
722 2531 770 2569 εἰς
799 2527 952 2573 Ἀθήνας

219 2573 458 2618 ἀφικόμενος,
491 2578 537 2620 ἠν
567 2575 603 2609 δὲ
638 2573 743 2618 ἑορτὴ
769 2574 951 2607 Διονύσου

219 2621 392 2662 Ληναίου,
419 2618 465 2659 ὤς
485 2619 533 2663 μὴ
558 2619 696 2662 γένοιτο
722 2619 841 2661 σφίσιν
868 2616 952 2660 ὁμό-

219 2664 372 2703 σπονδος
395 2661 599 2703 ἀπεκτονώς
622 2662 688 2706 τὴν
707 2662 853 2706 μητέρα,
871 2662 952 2704 ἐμη-

218 2706 400 2750 χανήσατο
427 2707 564 2742 τοιόνδε
587 2721 620 2740 τι
650 2707 830 2741 Πανδίων.
873 2706 951 2739 Xe&

219 2752 320 2784 οἴνου
354 2754 425 2785 τῶν
457 2751 682 2794 δαιτυμόνων
717 2749 851 2796 ἑκάστῳ
884 2762 951 2782 πα-

220 2794 400 2838 ραστήσας
432 2795 468 2838 ἐξ
503 2794 618 2830 αὐτοῦ
654 2796 768 2829 πίνειν
797 2792 952 2827 ἐκέλευσε

218 2838 352 2889 μεηδὲν
400 2838 734 2883 ὑπομιγνύντας
775 2835 951 2881 ἀλλήλοις,

220 2893 268 2919 ως
303 2882 389 2925 μήτε
421 2881 493 2918 cino
525 2886 591 2918 τοῦ
627 2880 743 2917 αὐτοῦ
774 2882 952 2925 κρατῆρος

1066 2045 1227 2085 maxime]
1256 2044 1404 2086 ponitur
1435 2053 1499 2084 pro
1535 2042 1751 2084 pracsertim.

1021 2091 1077 2122 Cf.
1103 2101 1133 2121 c.
1158 2092 1189 2120 2.
1213 2091 1233 2128 ἓ
1255 2092 1287 2119 4.

1067 2136 1119 2165 18.
1167 2133 1424 2164 delinimentum
1460 2127 1560 2168 illud]
1609 2128 1754 2159 Plutar-

1022 2179 1112 2210 chus
1137 2177 1159 2208 l.
1187 2188 1214 2207 c.
1237 2177 1268 2206 4.
1298 2186 1331 2216 p.
1358 2176 1435 2204 614.
1462 2173 1523 2204 B.:
1546 2169 1754 2213 Ἀπομιμού-

1019 2232 1120 2263 μενοι
1154 2217 1220 2261 τὴν
1251 2215 1444 2259 Ὁμηρικὴν
1479 2213 1618 2257 Ἑλένην
1651 2213 1753 2248 ὓπο-

1020 2261 1382 2307 φαρμάττουσαν
1407 2258 1470 2292 τὸν
1495 2256 1663 2301 ἄκρατον.

1062 2308 1234 2341 narramli
1277 2304 1508 2349 oportunitas]
1556 2303 1632 2335 Vid.
1671 2314 1755 2346 pro-

1021 2354 1120 2395 lcgg.
1144 2364 1179 2394 p.
1205 2362 1295 2383 xnu.

1064 2395 1242 2439 hospitem]
1275 2392 1554 2426 Telemachum.

1065 2444 1118 2474 19.
1164 2438 1345 2481 narrabat]
1376 2436 1535 2468 Zeuuius
1562 2434 1645 2467 addi
1676 2435 1755 2466 vult

1024 2485 1221 2517 Menelaus:
1259 2486 1296 2515 et
1326 2486 1381 2514 est
1412 2491 1499 2513 sane
1533 2489 1661 2510 versus
1690 2477 1754 2519 qui

1021 2529 1159 2572 legitur
1195 2528 1231 2559 in
1270 2525 1451 2559 Macrobii
1492 2522 1679 2555 codicibus
1718 2525 1754 2554 et

1020 2574 1100 2606 edd.
1141 2575 1291 2604 recentt.
1329 2581 1348 2602 e
1388 2566 1547 2600 Menelai
1586 2576 1754 2598 sermone

1020 2621 1205 2659 sumptus:
1257 2614 1318 2647 sed
1368 2611 1588 2644 Plutarchus
1640 2609 1753 2642 claris

1020 2662 1142 2695 verbis
1168 2659 1275 2692 dicit:
1310 2654 1332 2698 ἦ
1357 2652 1424 2698 γὰρ
1449 2651 1565 2694 Ἑλένη
1590 2652 1753 2685 πίνουσιν

1020 2702 1146 2742 αὐτοῖς
1170 2704 1342 2745 διηγεῖται
1366 2698 1446 2740 περὶ
1467 2698 1531 2729 τοῦ
1543 2694 1751 2737 Ὀδυσσέως,

1019 2755 1054 2782 et
1078 2759 1203 2780 versus
1229 2745 1291 2786 qui
1315 2744 1408 2784 apud
1436 2753 1517 2774 eum
1549 2745 1584 2773 et
1614 2741 1649 2772 iu
1676 2742 1752 2773 Ma-

1019 2792 1135 2825 crobii
1179 2789 1260 2821 edd.
1306 2790 1391 2819 vett.
1438 2787 1613 2828 leguntur
1660 2785 1752 2824 (vid.

1019 2839 1121 2878 app.)
1152 2832 1288 2874 sumpti
1312 2834 1396 2863 sunt
1422 2841 1463 2862 ex
1485 2830 1650 2862 Helenae
1675 2840 1752 2862 ser-

1019 2890 1134 2913 mone.
1184 2876 1422 2910 Statuendum
1459 2878 1515 2907 est
1550 2884 1639 2917 ergo
1673 2874 1751 2906 Ma-
