1844 3168
419 53 892 96 SATURNALIORUM
931 53 1029 95 LIB.
1063 54 1114 95 ΙΙ.
1155 55 1273 97 CAP.
1311 57 1354 97 V.
1569 61 1648 101 2⁴7

102 164 282 205 debatur.
343 165 581 206 Ammonuit
611 171 723 219 paler
753 166 923 219 scripto:

95 221 302 276 principes
328 221 497 274 seminas
529 224 733 263 interesset.
789 222 1003 273 Eleganter
1043 223 1107 263 illa
1148 224 1369 277 rescripsit:
1415 226 1463 265 1ιί
1495 226 1539 266 lei
1568 242 1645 268 me-

100 292 187 318 cum
212 291 318 317 senes
339 278 443 331 sient.
505 278 656 318 Eadem
688 278 788 318 iulia
816 284 969 319 mature
996 278 1140 318 babere
1170 286 1355 332 eoi-perat
1382 296 1514 329 canos,
1543 297 1646 336 quos
1664 283 1686 321 7

101 332 232 386 legere
271 339 423 372 secrete
462 334 625 375 solebat.
686 334 852 374 Subitus
892 334 1136 373 interminus
1173 335 1293 387 patris
1328 336 1542 390 aliquando
1575 354 1645 393 op-

101 389 244 442 pressit
279 389 507 429 ornatrires.
574 390 851 430 Dissimulavit
885 393 1092 441 Augustus
1129 390 1386 443 deprebensis
1425 407 1544 447 super
1583 409 1645 435 xe-

102 449 199 485 stem
238 458 373 485 earum
414 445 542 485 ranis:
587 451 626 486 et
662 446 747 485 aliis
781 446 1034 485 sermonibus
1066 451 1244 499 tempore
1275 453 1452 487 exn-avt«,
1492 450 1647 491 induxit

99 501 241 541 aetatis
273 501 534 548 mentionem,
566 501 905 554 interrogavitque
939 501 1070 550 liliam,
1105 508 1239 542 utrum
1274 509 1363 556 post
1393 504 1545 557 aliquot
1577 522 1644 546 an-

100 571 172 597 nos
211 571 308 598 vana
343 571 429 597 esse
463 557 594 597 mallet
633 570 682 596 an
723 557 847 596 calva:
895 562 933 597 et
965 571 1053 598 eum
1089 557 1151 597 illa
1187 559 1474 612 respondisset:
1525 563 1710 614 &soff-3491

97 621 228 669 paler,
260 628 360 654 euna
390 628 466 653 esse
493 613 615 660 malo,
645 612 699 652 sic
727 613 779 653 illi
810 613 1059 653 mendac-ium
1086 614 1256 654 obiecit:
1287 617 1395 663 Quid
1425 631 1514 669 erqo
1553 619 1645 658 islae

101 679 132 710 le
162 670 309 710 ealcmn
344 677 422 708 tam
461 670 534 709 cito
563 670 744 723 facium?
812 670 911 709 Item
946 684 1035 710 rum
1070 683 1227 722 gravem
1263 672 1435 712 amicum
1470 673 1682 714 audisset&

101 725 199 765 lulia
230 724 462 764 suadentem
500 724 641 765 melius
674 724 864 765 facturam
901 725 931 765 si
970 740 1011 767 se
1048 726 1327 780 conposuisset
1360 728 1408 767 ad
1445 729 1646 783 exemplar

99 786 285 835 paternae
324 780 575 832 frugalitatis,
618 781 693 821 ait:
739 782 808 822 Ille
839 782 1080 824 obliviscitur
1111 785 1312 824 caesarem
1351 800 1391 825 se
1429 800 1529 826 ‹ns-se:
1577 801 1642 839 eqo

97 837 258 877 ηιεηιίηί
284 851 343 877 me
373 838 550 878 Caesaris
571 838 706 891 sileam.
786 837 971 891 Cumque
1003 838 1151 879 conscii
1183 839 1421 891 flagitiorum
1453 840 1680 881 miraren-S)

89 889 405 946 'tfii‘'‘'t1⁴1‘16‘iiik'5‹lo
441 892 596 933 similes·
625 892 827 947 Agrippae
863 894 962 934 {ilios
998 900 1153 949 pareret
1185 909 1287 949 quae
1317 902 1395 936 tam
1425 897 1541 947 vulg-:o
1571 912 1641 951 po-

98 953 280 989 testatem
313 949 492 1003 eorporis
524 949 584 989 sui
616 948 778 998 faceret,
813 950 886 990 ait:
930 951 1152 1006 Numquam
1177 953 1279 992 euim
1306 954 1386 993 nisi
1408 955 1507 994 nari
1522 954 1642 1008 plena

96 1006 184 1046 tollo
212 1013 409 1046 vectorem.
482 1005 619 1045 Simile
650 1005 798 1046 dietum
828 1006 1022 1059 l'opuliae
1052 1007 1177 1048 Marci
1210 1008 1322 1056 tiliae,
1353 1022 1455 1062 quae
1483 1009 1641 1050 miranti
1660 1010 1708 1049 10

97 1061 267 1109 cuidam,
300 1061 395 1115 quid
427 1067 532 1101 esset
563 1067 807 1115 quapropter
837 1062 935 1102 aliae
968 1063 1116 1104 bestiae
1143 1078 1362 1118 numquam
1393 1079 1541 1105 marem
1573 1066 1640 1106 ‹le-

982 167 1152 217 l'e'deret,
1197 175 1383 222 quantum
1417 171 1517 211 inter
1549 172 1648 212 duas

96 1116 315 1157 siderarent
351 1117 425 1157 nisi
462 1131 552 1159 cum
589 1123 849 1172 praegnantes
883 1119 1027 1160 vellent
1066 1119 1172 1171 fieri,
1219 1120 1442 1176 respondit:
1489 1122 1642 1164 Bestiae

97 1174 197 1214 enim
226 1180 325 1214 suut.

1145 1299 1236 1331 Edd.
1264 1298 1548 1342 vi‹:abgspdzb.]

94 1350 239 1383 debatur
264 1349 395 1382 BGVv.
420 1369 462 1374 -
496 1355 534 1384 et
565 1352 628 1384 illa
655 1351 720 1384 BG
742 1351 785 1393 (S
811 1351 846 1383 in
871 1363 944 1395 mg.
970 1352 1017 1384 al.
1041 1353 1161 1392 Iulia).
1199 1373 1233 1377 —
1268 1355 1409 1396 scripsit
1434 1354 1469 1386 S.
1607 1359 1641 1387 7.

93 1400 223 1428 secreto
248 1394 384 1438 ASv-g.
413 1413 453 1419 —-
479 1401 603 1428 vestem
628 1398 722 1429 eius
747 1397 850 1430 s-bP.
877 1397 942 1437 „ln
960 1397 1026 1429 Hs.
1050 1403 1131 1430 erat
1155 1410 1286 1440 earum,
1313 1399 1458 1430 scilieet
1483 1400 1643 1431 ornatri-

93 1450 188 1471 cum.

93 1528 154 1561 Sv.
184 1546 226 1552 —
259 1530 323 1561 ille
350 1529 449 1571 (sup.
473 1531 502 1570 ι’)
527 1530 567 1561 Β.

92 1618 148 1649 sui
170 1618 321 1660 corporis
346 1619 448 1651 s-bl’.
476 1637 517 1642 —-
553 1620 647 1652 tolle
671 1620 708 1653 V.

90 1667 142 1695 tes
165 1673 242 1695 cum
267 1662 310 1695 G.

136 1764 170 1792 7.
219 1772 321 1804 super
346 1767 471 1793 vestem
503 1762 636 1804 carum]
662 1763 740 1794 Hoc
762 1773 831 1794 non

93 1811 290 1837 excusatur
333 1806 481 1847 quidem
525 1818 566 1838 eo
614 1808 706 1848 qnod
756 1808 833 1838 col·

94 1849 228 1881 iectivo
261 1861 368 1891 quem
396 1855 526 1882 vocant
557 1862 665 1883 sensu
697 1851 833 1883 dicitur

94 1896 264 1937 stragula
287 1896 414 1935 vestis,
438 1900 501 1926 aut
525 1894 620 1935 (Cic.
649 1908 680 1938 p.
703 1896 830 1928 Plane.

96 1941 153 1977 12,
176 1942 249 1977 29.)
276 1950 360 1981 qnos
384 1941 508 1971 uidetis
545 1946 641 1973 veste
669 1946 831 1972 mutata:

92 1984 156 2015 sed
185 1988 304 2015 tamen
331 1989 478 2027 propter
500 1984 681 2016 eiusmodi
702 1985 833 2016 dictio-

93 2038 158 2059 nes
201 2028 271 2059 hoc
316 2029 389 2060 sibi
437 2028 638 2061 indulsisse
685 2029 832 2061 videtur

93 2072 320 2104 Macrobius.

137 2120 170 2148 8.
227 2122 396 2160 paternae
445 2117 691 2160 frugalitatis]

92 2159 244 2193 Sueten.
271 2162 400 2193 Octav.
424 2165 467 2193 72
491 2173 568 2202 sqq.

137 2209 170 2237 9.
229 2206 427 2247 Numquam
478 2207 546 2237 nisi
592 2207 678 2237 ηαυὶ
725 2207 830 2248 plena

92 2250 178 2282 tollo
227 2250 411 2291 vectorem]
466 2250 602 2291 „Casp.
652 2251 831 2282 Bartliius

95 2293 247 2325 Advers.
272 2295 335 2325 lib.
362 2294 547 2333 XXXVII,
577 2305 653 2337 cap.
680 2298 711 2327 6.
747 2306 831 2336 pro-

95 2337 183 2369 bare
218 2338 311 2369 mihi
350 2338 449 2369 haud
491 2349 673 2379 quaquam
711 2342 832 2381 potest

95 2392 176 2413 eam
201 2392 282 2413 esse
308 2383 502 2413 verborum
530 2383 660 2414 horum
683 2388 831 2415 senten-

95 2425 205 2465 tiam,
239 2431 278 2458 ut
300 2432 433 2466 vector,
469 2426 557 2458 licet
582 2438 624 2458 ea
655 2427 832 2468 ambigua

94 2481 164 2502 vox
195 2470 261 2510 sit,
299 2475 335 2502 et
365 2471 471 2502 modo
504 2481 585 2501 eum
620 2471 682 2512 qui
717 2471 831 2511 vehit,

94 2515 202 2547 modo
228 2514 289 2556 qni
315 2515 482 2555 vehitur,
508 2514 744 2557 significans,
770 2516 832 2547 hic

95 2560 323 2592 navarchum
348 2564 467 2591 notet:
492 2559 670 2601 quasique
693 2559 831 2591 dictum

96 2604 257 2636 voluerit
298 2604 395 2636 Iulia
442 2615 480 2635 se
524 2616 593 2636 non
637 2605 834 2636 admittere

96 2659 179 2680 eum
209 2648 271 2690 qni
300 2653 404 2691 pater
429 2653 528 2681 esset
559 2649 721 2688 futurus,
761 2648 832 2680 nisi

96 2693 198 2734 prius
221 2693 343 2726 alieno
367 2705 567 2735 congressu
590 2693 727 2725 satiata
749 2693 833 2725 libi-

98 2737 203 2778 dine3
245 2749 325 2770 cum
350 2739 496 2770 omnino
521 2738 743 2770 contrarium
771 2749 832 2769 ve-

98 2780 167 2821 lit,
212 2794 252 2814 se
289 2782 464 2815 nimirum
509 2794 579 2814 non
618 2782 691 2815 nisi
727 2782 833 2825 plena

99 2827 200 2865 navi,
237 2827 275 2858 id
305 2831 362 2859 est
393 2832 496 2860 utero
524 2828 598 2860 iam
631 2838 674 2859 ex
708 2825 835 2859 mariti

100 2870 360 2912 congressione
383 2872 536 2913 impleto
557 2873 768 2913 clausoque,
786 2875 834 2910 et,

101 2916 142 2946 ut
179 2914 342 2956 loquitur
376 2916 643 2960 Hippocrates,
687 2916 751 2949 ubi
795 2915 833 2948 in

739 2117 830 2159 yid.

237 1440 446 1472 Praecessit
477 1441 573 1472 enim
604 1441 828 1473 ornatricum
854 1442 1114 1474 vocabulum.“
1149 1443 1252 1475 l'ont.
1295 1462 1339 1467 —
1382 1444 1514 1486 aliquot
1548 1445 1640 1476 dics

93 1487 194 1526 (sup.
221 1485 348 1525 annos)
375 1485 419 1516 G.
449 1503 492 1508 -—
527 1497 572 1517 an
598 1487 740 1518 calvam
764 1487 804 1518 A.
828 1504 872 1510 —-
909 1487 973 1518 illa
998 1499 1067 1518 om.
1095 1498 1127 1518 v.

1172 1489 1237 1520 ille
1267 1488 1291 1519 i.
1321 1506 1360 1511 —
1397 1489 1640 1530 responderet

705 1534 737 1562 S.
767 1533 950 1572 facturam
975 1542 1044 1563 om.
1073 1532 1112 1563 P.
1152 1534 1330 1572 futuram
1355 1532 1483 1564 13G1’2.
1525 1535 1641 1573 futu-

91 1584 179 1605 rum
203 1573 264 1605 1²5.
290 1591 332 1596 —-
356 1575 402 1605 ad
427 1575 589 1616 exempla
615 1585 648 1607 v.
675 1593 717 1598 —
744 1587 795 1608 mc
819 1586 889 1607 om.
915 1575 953 1607 S.

1045 1579 1078 1608 9.
1107 1577 1206 1617 filios
1227 1581 1468 1619 procrearet
1494 1588 1572 1619 v-g.
1596 1595 1638 1601 -—-

850 1623 900 1651 10.
939 1622 1074 1654 martis
1098 1624 1198 1663 [sup.
1224 1623 1272 1659 ci)
1301 1622 1344 1653 G.
1370 1640 1412 1645 -—
1433 1633 1639 1665 praegnan-

899 1766 1027 1795 ventre
1063 1762 1255 1802 habuerit,
1295 1763 1458 1806 recipcre
1494 1765 1639 1796 adulte-

900 1819 1001 1849 rum,
1031 1820 1136 1850 quem
1163 1808 1308 1839 nomine
1331 1809 1475 1841 vectoris
1498 1809 1639 1841 intelli-

901 1852 967 1894 git.
1098 1853 1227 1885 Navim
1265 1858 1385 1883 autem
1426 1864 1489 1895 pro
1528 1854 1638 1886 horto

902 1896 1075 1928 muliebri
1103 1897 1353 1939 metaphorice
1378 1897 1495 1939 accipi
1528 1898 1638 1939 inque

899 1941 1092 1973 obscoenis
1128 1941 1257 1973 baberi
1294 1941 1410 1982 liquet
1442 1953 1483 1973 ex
1516 1942 1638 1975 Plauti

900 1986 1129 2017 Menaeebm.
1161 1985 1230 2027 [ΙΙ,
1256 1988 1294 2023 3,
1320 1986 1404 2027 50.].
1453 1986 1637 2019 Videndus

898 2031 1009 2062 etiam
1040 2029 1189 2072 Lipsius
1214 2030 1371 2071 Epistol.
1404 2036 1543 2071 ‹litaesh
1574 2032 1636 2063 lib.

899 2075 937 2114 V,
965 2086 1020 2116 ep.
1047 2077 1080 2105 3.
1107 2079 1143 2106 et
1169 2074 1326 2106 maxime
1353 2074 1514 2107 Andreas
1539 2076 1636 2108 Lau-

899 2120 1038 2150 rentius
1077 2119 1139 2151 lib¹
1164 2119 1257 2150 vlll.
1296 2118 1438 2151 Ilistor.
1475 2124 1635 2152 anatom.

897 2168 1039 2205 quaest.
1077 2166 1153 2203 22„
1199 2163 1262 2194 nbi
1306 2174 1438 2196 causas
1473 2165 1636 2206 adducit,

898 2219 962 2239 cur
994 2209 1102 2239 bruta
1135 2208 1290 2250 gravida
1315 2219 1452 2240 marem
1478 2221 1547 2241 non
1573 2210 1638 2241 ad-

900 2252 1047 2284 mittant
1076 2255 1115 2284 ut
1149 2253 1244 2284 inter
1267 2252 1433 2284 homines
1460 2254 1636 2286 mutim-‚²⁶

899 2297 1012 2329 Pow.
1046 2315 1086 2320 --
1130 2296 1361 2328 Taubmann.
1398 2297 1440 2329 ad
1478 2298 1637 2331 Rudent.

898 2341 946 2379 lt,
968 2344 1000 2382 3,
1024 2344 1080 2373 24.
1105 2342 1295 2373 adnotavit
1319 2341 1384 2373 illo
1403 2342 1638 2375 Menaechmi

899 2385 979 2417 loco
1014 2385 1178 2428 intelligi
1218 2387 1415 2418 succubam
1455 2391 1489 2419 et
1526 2387 1638 2429 pelli-

898 2441 990 2468 cem,
1012 2430 1075 2462 ubi
1096 2430 1246 2462 Erotius
1271 2430 1433 2472 quaerit:
1464 2432 1575 2472 Quam
1599 2437 1636 2464 tu

898 2475 983 2506 mihi
1003 2485 1149 2506 navem
1172 2474 1324 2506 narras?
1348 2475 1403 2506 Cf.
1423 2475 1532 2506 etiam
1554 2476 1635 2507 Mil.

899 2518 974 2556 111,
1001 2520 1039 2555 3,
1064 2521 1139 2557 423
1162 2518 1392 2550 Macrobium
1418 2519 1556 2550 Comm.
1587 2520 1635 2558 Π,

902 2563 999 2601 14,8.
1023 2563 1065 2595 L't
1086 2563 1119 2594 in
1139 2564 1223 2594 navi
1244 2564 1382 2595 sarcina
1407 2574 1465 2594 seu
1490 2568 1634 2595 vector

901 2606 1162 2647 quiescens,ubi
1185 2606 1254 2638 vid.
1282 2611 1374 2646 not.;
1401 2607 1562 2639 Martial.
1585 2608 1633 2646 ΙΙ,

904 2652 956 2689 14,
978 2653 1030 2681 17.
1061 2651 1193 2692 Perque
1218 2657 1334 2689 tuam,
1360 2656 1506 2683 vector
1529 2652 1635 2684 lasci-

900 2705 958 2733 re,
1004 2695 1178 2736 puellam;
1234 2695 1459 2736 lnterpretes
1504 2696 1635 2727 Petro-

901 2738 952 2770 nii
981 2739 1024 2770 ad
1051 2750 1080 2769 c.
1110 2741 1183 2769 103.
1223 2740 1316 2770 snus
1335 2741 1430 2779 sorte
1455 2751 1471 2771 e
1496 2746 1636 2773 vecto-

899 2783 1040 2820 ribus,
1075 2786 1111 2814 et:
1145 2782 1188 2813 ad
1218 2794 1247 2814 c.
1278 2786 1351 2814 107.
1386 2784 1497 2824 Quum
1523 2786 1634 2817 omnis

900 2832 1051 2859 vector
1086 2827 1174 2858 nihil
1210 2828 1306 2870 prius
1342 2834 1488 2870 quaerat
1531 2841 1634 2872 quam

901 2872 996 2905 cuius
1021 2883 1055 2904 sc
1081 2872 1289 2914 diligentiae
1316 2873 1450 2905 tradat.

946 2919 1000 2949 10.
1045 2915 1229 2960 Populiae]
1267 2916 1348 2949 Hoc
1377 2927 1508 2950 nomen
1533 2917 1635 2951 vide-
