1845 3126
239 44 294 87 62
869 39 1144 83 MACROBII

237 160 315 205 set,
362 150 519 194 invenio
557 149 690 190 fanum
726 147 899 192 Saturno
930 165 977 193 ex
1016 157 1110 194 voto
1147 152 1438 195 consecravisse
1473 160 1512 196 et
1550 155 1773 197 Saturnalia

236 217 333 253 tunc
364 208 536 270 primum
566 206 720 247 Romae
747 205 945 248 instituta:
978 207 1158 262 quamvis
1188 209 1316 250 Varro
1343 209 1443 251 libro
1469 216 1593 261 sexto,
1622 211 1691 266 qui
1715 217 1775 252 est

237 268 287 308 de
321 277 440 306 sacris
473 260 655 310 aedibuS,
697 261 844 303 scribat
872 263 1011 304 aedem
1040 264 1201 305 Saturni
1230 264 1278 305 ad
1307 265 1437 307 forum
1469 266 1685 308 faciendam
1716 268 1773 308 lo-

237 334 346 363 casse
376 320 419 360 L.
451 317 712 372 Tarquinium
745 331 900 372 regem,
933 319 1068 360 Titum
1099 334 1191 361 vero
1222 321 1406 362 Larcium
1438 322 1669 364 dictatorem
1703 324 1773 365 Sa-

237 376 458 418 turnalibus
487 388 573 415 eam
603 374 815 415 dedicasse.
867 376 949 417 Nec
982 389 1044 416 me
1071 375 1169 429 fugit
1193 376 1363 418 Gellium
1393 379 1563 419 scribere
1593 384 1774 420 senatum

238 434 419 474 decresse
460 436 507 472 ut
537 430 654 471 aedes
685 431 844 473 Saturni
877 431 1005 481 lieret,
1046 431 1163 486 eique
1198 432 1254 473 rei
1284 434 1327 474 L.
1365 435 1531 476 Furium
1571 435 1774 476 tribunum

199 489 409 532 2militum
436 487 662 543 praefuisse.
722 488 853 529 Habet
877 501 984 528 aram
1016 493 1055 529 et
1085 493 1175 529 ante
1202 488 1450 531 Senaculum.
1506 491 1591 531 Illic
1623 490 1776 532 Graeco

331 622 436 665 [Mss.
464 619 630 653 ABGPS.

238 698 280 703 -—
305 687 535 711 consecrasse
559 675 643 708 cah.
670 693 711 699 —
735 675 955 716 faciendum
981 674 1090 720 Av-g.
1117 694 1156 700 —
1186 676 1346 709 Larcium
1373 676 1635 711 BPs-zGP2M.
1690 679 1776 711 Lar-

240 724 334 757 tium
362 721 457 754 Ash.
508 720 695 771 Largium
717 719 839 763 vicag.
871 738 915 744 —-
949 722 1115 764 gellium
1143 721 1241 764 (sup.
1260 722 1295 764 e)
1320 721 1357 754 S.
1386 740 1421 746 —-
1449 724 1601 756 decresse
1623 723 1777 766 ABs-gb

239 768 334 808 „.Ms
358 766 419 799 Sic
438 775 555 816 supra·
569 763 662 796 dixit
675 765 792 806 flesse,
816 765 1004 808 supplesse,
1028 767 1142 805 scisse,
1165 767 1333 809 implesse,
1353 773 1570 807 consuerunt,
1595 772 1630 800 et
1654 778 1777 800 amoe-

239 823 307 844 nus
334 811 368 843 in
393 810 454 842 his
481 809 712 851 antiquorum
738 810 840 842 lusus
864 809 1031 842 omnibus
1056 814 1186 842 ῐιοῐιιιε.ι
1191 811 1341 843 ‘.Gron
1389 813 1598 845 decrevisse
1624 812 1776 844 GPSs-z

241 857 291 889 Μ.
317 875 360 880 —-
382 856 413 887 ei
434 856 523 895 (om.
550 857 631 896 que)
655 854 728 885 s—b.
863 856 894 885 2.
928 859 1008 886 ante
1031 856 1228 887 senaculum
1251 855 1311 887 AB
1335 856 1387 893 (G
1411 867 1431 888 a
1485 879 1490 885 .
1517 860 1583 894 ιιι)
1610 857 1776 888 s—bPM3.

240 906 320 933 ante
344 899 550 933 cenaculum
579 898 611 930 G
636 909 657 931 a
683 909 754 931 sec.
784 909 829 930 m.
841 911 851 938 ς
887 898 1011 931 SMiz.
1059 904 1140 932 ante
1171 910 1213 932 se
1245 868 1477 932 cenaculump
1477 912 1544 944 v-g
1570 901 1612 939 (Ιι
1640 900 1676 932 ἰη
1704 912 1777 944 mg.

241 1021 322 1053 Huc
348 1020 505 1053 fortasse
529 1018 707 1061 pertinet
714 1018 748 1051 id
776 1019 869 1061 qnod
891 1019 978 1051 Dio·

239 1077 319 1108 nys.
345 1065 383 1097 A.
409 1064 541 1101 R.111,
569 1067 621 1095 35.
652 1063 779 1096 retulit
805 1068 977 1105 tanquam

240 1120 389 1142 causam
426 1120 490 1140 cur
529 1107 633 1140 suni
672 1108 827 1140 Hostilii
867 1109 978 1140 aedes

241 1154 395 1187 fulmine
418 1153 513 1185 ictae
534 1163 615 1184 esse
628 1153 865 1206 dicerentur?
890 1150 980 1184 ε’κλι-

240 1200 320 1230 πεῖν
351 1195 419 1241 γὰρ
444 1195 500 1229 ἐπὶ
524 1196 588 1238 τῆς
616 1192 728 1239 ἀρχῆς
750 1197 813 1248 τῆς
843 1193 978 1229 ἐκείνου

238 1242 413 1295 πατρίους
434 1238 534 1279 τινὰς
550 1241 696 1281 θυσίας,
718 1238 839 1293 ἑτέρας
858 1237 887 1273 ὁ
912 1236 978 1282 οὐχ

238 1282 474 1328 υπαρχούσας
532 1282 743 1327 ἐπιχωρίους
794 1281 979 1326 Ρωμαίοις

238 1340 401 1372 παραγα)
402 1332 473 1362 εῖν.
505 1347 546 1353 -—·
577 1330 803 1372 „Dionysius
829 1330 913 1361 Hal.
938 1329 977 1360 A.

240 1375 283 1406 R.
309 1375 360 1414 11,
385 1378 439 1406 50.
465 1355 591 1406 narrat
615 1374 658 1406 T.
691 1374 840 1406 Tatium
871 1373 978 1406 Sabi-

240 1430 346 1458 num,
380 1430 484 1460 quem
519 1419 555 1450 in
587 1418 800 1451 societatem
833 1417 979 1460 imperii

240 1465 422 1505 receperit
464 1463 663 1503 Romulus,
712 1468 857 1504 praeter
902 1463 978 1494 alia

242 1508 379 1549 templa
394 1508 528 1539 Romae
549 1508 658 1538 etiam
674 1507 832 1539 Saturno
850 1507 976 1539 aedem

241 1564 285 1584 ex
337 1556 422 1584 voto
477 1552 714 1584 exstruxisse.
782 1551 976 1583 Caeterum

241 1596 329 1629 olim
355 1597 390 1629 in
419 1596 528 1628 ltalia
560 1601 643 1628 ante
668 1597 819 1628 Romam
852 1595 976 1627 condi-

240 1645 314 1674 tam
362 1641 466 1683 plura
513 1639 672 1672 Saturno
724 1641 808 1673 fana
856 1641 977 1672 dicata

242 1685 358 1717 fnisse
383 1690 419 1716 et
450 1684 500 1716 rei
526 1690 653 1716 natura
680 1684 791 1717 facile
813 1685 916 1716 docet
943 1688 979 1716 et

242 1729 410 1772 Dionysii
436 1729 464 1767 l,
491 1732 544 1760 34.
574 1734 609 1762 et
634 1729 691 1769 w,
719 1732 748 1760 l.
777 1729 978 1761 auctoritas

241 1774 333 1806 satis
358 1772 590 1806 confirmat-‘⁴
616 1774 726 1806 zmm.
742 1793 779 1797 -—
797 1773 850 1806 Cf.
868 1774 978 1805 Varro

244 1819 283 1851 L.
308 1818 345 1850 L.
374 1819 413 1857 V,
437 1819 492 1849 74.

289 1862 498 1895 Saturnalia
538 1867 618 1894 tunc
657 1862 806 1904 primum
847 1862 979 1893 Romae

240 1907 417 1948 instituta]
449 1906 574 1943 „Huic
598 1906 743 1938 videtur
773 1916 979 1948 repugnare

243 1953 345 1984 locus
381 1950 477 1982 Livii
513 1950 567 1989 11,
601 1953 657 1982 21.
691 1949 754 1992 [2.]
801 1951 978 1989 Consules,

242 1995 380 2037 inquit,
412 1996 476 2036 Qu.
510 1995 660 2026 Cloelius
687 2000 718 2027 et
751 1996 789 2026 T.
828 1995 978 2027 Lartius.

243 2041 329 2072 Inde
357 2041 384 2071 A
414 2039 636 2080 Sempronius
660 2044 691 2071 et
729 2039 775 2071 M.
809 2039 979 2072 Minutius

243 2084 290 2126 [a.
321 2095 355 2116 u.
387 2095 416 2115 c.
447 2082 625 2124 chvr}
685 2083 750 2115 His
786 2084 979 2116 consulibus

242 2129 345 2161 aedes
373 2129 526 2160 Saturno
551 2128 731 2159 dedicata.-
768 2128 978 2160 Saturna-

242 2174 307 2206 lia
359 2173 599 2205 institutus
653 2174 790 2208 festus
845 2173 978 2204 ‹lics.“

244 2218 357 2250 Zmin.
382 2235 426 2242 -·
445 2216 500 2248 cf.
525 2215 614 2248 ibid.
637 2215 753 2256 XXII,
780 2219 807 2256 l,
831 2219 882 2248 19.
913 2217 979 2248 Po-

241 2267 364 2295 stremo
384 2261 558 2293 Decembri
579 2262 647 2292 iam
665 2271 780 2293 mense
796 2261 843 2293 ad
861 2262 978 2293 aedem

247 2307 394 2340 Saturni
416 2307 544 2338 Romae
567 2306 782 2338 immolatum
805 2310 866 2346 est.
885 2306 980 2338 lecti-

243 2352 476 2393 sterniumque
504 2351 709 2393 imperatum
740 2373 771 2381 ..
801 2356 832 2383 et
865 2351 980 2382 convi-

243 2396 338 2428 vium
366 2396 559 2438 publicum:
596 2406 636 2426 ac
665 2405 727 2436 per
761 2395 874 2426 urbem
905 2396 979 2426 Sa-

244 2441 446 2473 turnalia
481 2440 570 2471 diem
602 2451 642 2471 ac
676 2444 806 2471 noctem
844 2440 977 2471 clama-

243 2490 334 2525 tum,
377 2484 597 2527 populusque
639 2494 724 2515 eum
768 2484 875 2515 diem
914 2486 977 2524 fe-

243 2534 350 2562 stum
379 2529 534 2562 habere
565 2540 605 2560 ac
634 2538 771 2560 servare
797 2528 831 2560 in
855 2539 977 2571 perpe-

243 2579 339 2606 tuum
366 2573 491 2606 iussus

288 2617 409 2649 aedem
436 2617 581 2650 Saturni
606 2617 652 2649 ad
675 2618 789 2655 forum
819 2640 853 2648 ..
873 2640 880 2647 .
919 2615 978 2648 de-

243 2661 388 2715 dicasse]
425 2662 479 2694 Cf.
512 2661 662 2716 Dionys.
697 2661 735 2693 Α.
771 2660 813 2691 R.
848 2659 912 2699 Vl
948 2662 975 2691 1.

243 2703 300 2738 ε’πι
325 2705 462 2739 τούτων
494 2704 583 2748 φασὶ
611 2705 683 2738 τῶν
712 2701 859 2737 ὑπάτων
891 2700 978 2745 (Αὔ-

245 2750 308 2781 λου
337 2750 573 2803 Σεμπρωνίου
596 2748 657 2782 καὶ
676 2746 833 2791 Μάρκου
862 2749 978 2780 Μινυ-

246 2792 343 2830 mov)
383 2793 446 2827 τὸν
484 2792 576 2827 νεὼν
612 2793 890 2848 καθιερωθῆναι
926 2792 976 2844 τῷ

250 2834 377 2882 Κρόνῳ
400 2837 492 2871 κατὰ
517 2836 583 2881 τὴν
607 2834 741 2871 ἄνοδον
769 2835 835 2880 τὴν
864 2836 912 2875 εἰς
935 2827 976 2870 τὸ

250 2872 474 2915 Καπιτωλιον
497 2882 680 2935 φέρουσαν
700 2881 736 2915 ἐκ
757 2883 820 2925 τῆς
843 2877 977 2924 ἆγορᾶς

246 2923 306 2956 καὶ
327 2924 527 2967 δημοτελεῖς
549 2923 809 2969 ἀναδειχθῆναι
829 2926 878 2970 τῷ
899 2926 976 2970 θεῷ

1046 1015 1133 1053 καθ’
1158 1016 1307 1052 ἕκαστον
1328 1018 1494 1053 ἐνιαυτὸν
1518 1019 1645 1074 ἑορτάς
1666 1031 1703 1054 τε
1719 1033 1780 1054 και

1045 1063 1254 1101 θυσίας..
1277 1061 1342 1106 τὴν
1367 1062 1404 1096 δὲ
1429 1063 1574 1119 γραφὴν
1595 1066 1657 1108 τῆς
1679 1062 1779 1107 ιδρύ-

1048 1117 1134 1145 σεως
1166 1108 1231 1140 τοῦ
1259 1109 1351 1140 ναοῦ
1385 1106 1475 1147 τινὲς
1500 1107 1563 1151 μὲν
1595 1085 1780 1162 ἱστοροῦσι

1045 1152 1168 1195 λαβεῖν
1202 1153 1312 1184 Τῖτον
1343 1149 1501 1191 Λάρκιον
1532 1152 1597 1186 τὸν
1624 1149 1780 1186 νπατεύ-

1046 1206 1159 1228 σαντα
1188 1197 1238 1240 τῷ
1268 1194 1429 1249 πρόσθεν
1456 1194 1630 1252 ἐνιαυτῷ·
1671 1196 1706 1231 οἱ
1742 1195 1780 1231 δὲ

1045 1237 1192 1293 βασιλέα
1210 1239 1412 1294 Ταρκυνιον
1428 1238 1492 1274 τὸν
1508 1232 1700 1275 ἐκπεσόντα
1716 1242 1779 1284 τῆς

1045 1281 1169 1326 αρχῆς.
1205 1282 1271 1338 τὴν
1296 1283 1333 1317 δὲ
1357 1285 1574 1328 καθιέρωσιν
1598 1286 1662 1318 τοῦ
1686 1286 1778 1319 ναοῦ

1045 1330 1088 1361 λα
1117 1331 1168 1361 εῖν
1210 1327 1425 1371 Πόστουμον
1468 1330 1640 1372 Κομίνιον
1685 1326 1779 1362 κατὰ

1044 1379 1215 1415 ψηφισμα
1242 1373 1385 1417 βουλῆς.
1434 1374 1510 1407 Vid.
1535 1375 1629 1407 Livii
1659 1376 1778 1407 locum

1047 1419 1151 1449 modo
1175 1419 1348 1459 allatum,
1375 1424 1410 1450 et
1443 1420 1485 1451 de
1510 1419 1692 1461 scriptura
1717 1431 1780 1451 no-

1047 1461 1156 1493 minis
1183 1463 1341 1495 Larcius
1362 1463 1447 1496 Mai.
1475 1465 1518 1496 ad
1540 1463 1616 1496 Cic.
1641 1464 1684 1496 de
1703 1475 1779 1507 rep.

1046 1507 1091 1546 ΙΙ,
1124 1510 1177 1537 32.

1094 1549 1256 1592 Gellium]
1284 1551 1374 1589 „Est
1400 1550 1461 1582 hic
1487 1551 1523 1582 C.
1545 1552 1690 1584 Gellius
1717 1562 1781 1584 an-

1045 1595 1182 1626 nalium
1207 1594 1378 1637 scriptor,
1406 1596 1510 1628 cuius
1536 1596 1702 1628 meminit
1727 1596 1783 1628 in-

1044 1640 1101 1671 fra
1128 1650 1204 1681 cap.
1234 1642 1286 1670 16.
1314 1640 1342 1680 [ἕ
1365 1640 1450 1681 21.]
1478 1641 1540 1672 lib.
1569 1641 1641 1681 lll,
1668 1653 1698 1672 c.
1728 1644 1780 1673 17.

1047 1684 1083 1725 [g
1110 1683 1172 1725 3.].
1224 1684 1504 1716 Restituendnm
1546 1685 1615 1717 hoc
1652 1697 1780 1717 nomen

1045 1728 1249 1760 Atticarum
1269 1733 1363 1759 noct.
1382 1728 1553 1772 scriptori
1572 1730 1633 1762 lib.
1653 1730 1782 1762 xull.

1047 1783 1126 1813 cap.
1156 1775 1204 1803 12
1236 1771 1266 1815 [§
1296 1772 1459 1814 6.],u1›i
1486 1775 1582 1807 male
1612 1776 1671 1806 Cn.
1702 1775 1780 1806 lel

1047 1818 1127 1848 lius.
1171 1816 1270 1858 Lego
1297 1818 1662 1850 C11.Geltius.xide
1692 1830 1780 1850 eim-

1047 1862 1128 1893 ‹lem
1161 1861 1200 1892 Λ.
1237 1861 1400 1892 Gellium
1434 1862 1496 1893 lib.
1526 1863 1621 1895 wll.
1653 1874 1683 1895 c.
1714 1865 1780 1904 14„

1046 1906 1111 1938 lib.
1141 1905 1249 1946 xlll,
1278 1916 1307 1936 c.
1332 1908 1386 1937 22.
1424 1906 1460 1947 [S
1490 1907 1556 1950 13.]
1583 1912 1619 1940 et
1644 1907 1781 1940 Censo—

1046 1950 1165 1982 rinum
1189 1960 1266 1990 cap.
1292 1952 1339 1980 17.
1371 1950 1514 1982 Mmssns.

1096 1994 1131 2026 L.
1151 1994 1289 2025 Furium
1308 1994 1479 2026 tribunum
1497 1994 1657 2038 militum]
1673 1994 1780 2027 Com-

1046 2038 1171 2080 plures
1201 2037 1240 2068 L.
1269 2037 1371 2070 Furii
1403 2039 1599 2072 Medullini
1634 2040 1782 2072 fuerunt

1045 2081 1181 2114 tribuni
1207 2081 1368 2114 militnm
1393 2085 1577 2116 consulari
1603 2089 1782 2126 potestate

1045 2127 1137 2167 (vid.
1154 2127 1272 2169 Pauly
1288 2127 1540 2171 chl-Encycl
1574 2129 1645 2161 vol.
1663 2129 1728 2160 111.
1746 2140 1779 2171 p.

1044 2173 1110 2203 553
1132 2171 1221 2213 sq.),
1254 2182 1273 2202 e
1298 2172 1429 2214 quibus
1454 2173 1535 2215 quis
1560 2173 1621 2205 hic
1653 2174 1780 2213 fuerit,

1047 2227 1114 2248 non
1141 2219 1296 2247 constat.
1337 2216 1493 2248 Becker.
1521 2218 1666 2250 Handb.
1691 2218 1718 2249 Ι.
1747 2229 1779 2260 p.

1046 2262 1123 2292 314.
1143 2259 1354 2302 suspicatur
1377 2262 1502 2294 aedem
1526 2261 1676 2295 Saturni
1698 2272 1718 2294 a
1741 2262 1780 2294 L.

1045 2305 1157 2337 Furio
1203 2309 1441 2338 restauratam
1481 2318 1563 2339 esse
1605 2317 1637 2339 a.
1679 2318 1712 2339 u.
1749 2318 1780 2338 c.

1045 2349 1270 2381 cccxxiii.

1091 2396 1125 2426 2.
1174 2394 1286 2426 Habet
1318 2405 1417 2426 aram
1445 2400 1476 2427 et
1511 2400 1592 2428 ante
1627 2395 1780 2427 Senacu-

1046 2439 1129 2481 lum]
1155 2437 1360 2477 „Onnl'rius
1388 2438 1422 2470 in
1449 2440 1538 2471 urbe
1561 2440 1696 2479 Roma,
1723 2450 1780 2471 re-

1047 2483 1156 2524 gione
1181 2483 1274 2514 Vlll.
1302 2494 1394 2524 quae
1418 2483 1550 2515 Forum
1577 2484 1779 2515 Romanum

1045 2527 1249 2569 appellata:
1302 2528 1477 2569 Templum
1520 2527 1665 2560 Saturni
1705 2538 1780 2559 cum

1046 2583 1147 2612 ara,
1183 2572 1241 2603 ubi
1272 2576 1346 2603 erat
1378 2572 1563 2603 aerarium.
1611 2571 1780 2603 Valerius

1045 2626 1187 2658 quoque
1210 2614 1351 2647 notavit
1378 2615 1440 2647 lib.
1466 2615 1510 2647 11.
1535 2625 1612 2656 cap.
1634 2617 1691 2655 2.,
1717 2614 1780 2647 ubi

1045 2661 1096 2693 ita
1120 2659 1372 2691 constituenda
1400 2659 1479 2691 eius
1504 2661 1633 2691 verba:
1670 2661 1780 2692 Antea

1049 2706 1198 2736 Senatus
1223 2704 1404 2735 stationem
1430 2715 1466 2735 eo
1494 2705 1559 2736 loci
1587 2705 1780 2748 peragebat

1045 2749 1105 2791 qui
1125 2748 1290 2790 hodieque
1312 2749 1517 2780 Senatulum
1543 2749 1779 2791 appellatur.“

1044 2793 1158 2825 PoN'r.
1181 2811 1224 2816 —-
1247 2792 1320 2832 „Ut
1341 2793 1578 2825 coenaculum
1601 2797 1656 2825 est
1677 2794 1779 2825 locus

1045 2836 1106 2869 ubi
1133 2840 1327 2875 coenatur,
1360 2836 1413 2869 ita
1442 2837 1650 2869 Senaculum
1677 2837 1780 2869 vide-

1044 2886 1103 2914 tnr
1129 2892 1209 2914 esse
1242 2881 1345 2913 locus
1375 2880 1437 2913 ubi
1469 2885 1657 2914 senatores
1686 2881 1780 2914 deli·

1043 2925 1196 2959 beraudi
1219 2936 1330 2959 cansa
1352 2925 1566 2959 consistunt.
1594 2926 1675 2958 Huc
1698 2937 1779 2969 per-
