1871 3126
222 36 305 78 240
862 30 1138 73 MACROBII

159 146 336 189 l5sum?
392 141 714 185 Nomenculatori
746 153 832 190 sue,
861 140 909 181 de
940 141 1054 181 euius
1082 140 1282 182 oblivione
1312 141 1565 195 querebatur,
1591 141 1759 183 dicenti:

221 201 423 256 Numquid
451 199 503 239 ad
526 200 659 253 forum
682 196 875 237 mandas?
917 197 1078 252 Accipe,
1110 196 1258 250 inquit,
1290 199 1638 247 commendatitias,
1669 199 1761 253 quia

160 260 303 300 lssz‘lle‘c
332 257 523 297 neminem
551 255 665 294 nosti.
732 251 894 292 Vatinio
926 252 965 292 in
993 252 1118 306 prima
1150 266 1221 293 sua
1251 258 1380 293 aetate
1410 254 1608 306 eleganter
1637 253 1759 293 insul-

224 313 331 353 tavit.
392 312 594 352 Ctmtusus
622 309 684 349 ille
716 308 889 362 podagra
917 308 1074 349 volebat
1103 313 1233 348 tamen
1264 308 1388 349 videri
1417 309 1650 350 discussisse
1682 309 1758 349 iam

223 368 381 416 vitium,
428 372 467 408 et
509 366 614 407 mille
657 378 796 419 passus
835 364 1038 404 ambulare
1076 377 1117 403 se
1158 364 1411 415 gloriabatur.
1471 365 1545 405 Cui
1593 366 1759 405 Caesar:

160 426 310 466 17N0n
339 425 483 472 miror,
530 422 681 476 inquit:
727 422 808 461 dies
835 421 1034 475 aliquanto
1068 429 1158 460 sunt
1187 421 1391 474 lonyz'ores.
1467 420 1605 460 Relata
1637 421 1686 460 ad
1720 435 1761 461 sc

223 479 496 533 magnitudine
520 478 620 519 aeris
649 477 782 525 alieni,
824 490 941 530 quam
970 476 1129 529 quidam
1161 489 1283 529 eques
1310 477 1516 516 Romanus
1546 476 1639 515 dum
1667 475 1763 517 vixit

221 536 476 577 excedentem
509 533 713 575 ducenties
744 533 953 580 celaverat,
984 531 1166 572 culcitam
1196 531 1273 571 emi
1304 531 1572 572 cubicularem
1607 531 1646 571 in
1675 531 1762 572 eius

222 592 408 633 auctione
433 590 506 632 sibi
535 590 671 639 iussit,
701 593 740 629 et
769 593 1023 643 praeceptum
1058 587 1293 628 mirantibus
1321 587 1424 627 hanc
1454 587 1646 627 rationem
1672 587 1760 627 red-

224 648 344 689 didit:
379 647 571 689 Habenda
600 653 652 686 est
680 645 732 686 ad
754 659 932 686 somnum
958 645 1096 685 culcita
1124 645 1167 684 in
1196 658 1272 698 qua
1300 644 1378 692 ille,
1407 658 1494 684 cum
1520 651 1668 684 {clintum
1696 644 1760 684 de-

160 704 345 753 leeret,
376 704 548 745 dornu're
576 702 716 757 potuit.
791 701 883 742 Non
918 706 978 740 est
1009 699 1331 740 intermittendus
1360 712 1491 740 sermo
1523 698 1609 740 eius
1642 712 1761 752 quem

224 759 388 802 Catonis
427 757 569 799 honori
607 756 726 797 dedit.
786 756 907 796 Venit
935 755 1037 796 forte
1074 755 1114 795 in
1143 755 1305 796 domum
1338 754 1378 795 in
1408 769 1486 809 qua
1515 755 1615 796 Cato
1650 754 1760 796 habi-

222 822 386 858 taverat.
446 815 549 855 Dein
584 813 779 854 Strabone
807 811 846 851 in
874 811 1141 851 adulationem
1171 811 1351 852 Caesaris
1382 811 1483 851 male
1512 810 1762 851 existimante

223 873 272 913 de
315 870 531 927 pervicacia
578 868 760 917 Catonis,
807 867 879 908 ait:
923 867 1111 922 Quisquis
1142 875 1386 921 praesentem
1418 874 1559 907 statum
1595 867 1762 908 civitatis

156 928 470 982 [343]eonmularz‘
495 941 576 967 non
599 926 706 973 volet,
739 931 772 965 et
801 925 895 965 civis
922 930 955 964 et
982 924 1046 963 vir
1076 923 1199 963 bonus
1228 930 1291 964 est.
1351 922 1455 963 Satis
1486 922 1589 963 serio
1619 927 1657 962 et
1686 922 1760 963 Ca-

223 990 358 1026 tonem
389 982 563 1025 laudavit
590 987 629 1022 et
659 981 747 1030 sibi,
776 993 826 1020 ne
854 978 942 1034 quis
972 978 1190 1019 adsectaret
1218 992 1280 1019 res
1309 992 1469 1027 novare,
1500 977 1712 1019 consuluit.

312 1097 415 1138 [Mss.
444 1093 609 1127 ABGPS.

266 1153 320 1182 15.
367 1162 488 1183 nomen
522 1148 713 1181 ioculatori
754 1147 795 1178 A.
856 1145 1119 1178 nomenclatori
1155 1144 1259 1177 c-bP.
1300 1143 1403 1184 „Non
1444 1147 1581 1176 temere
1616 1143 1762 1176 Scrive-

221 1195 276 1227 rio
308 1199 477 1227 censente
509 1194 544 1225 in
578 1192 726 1234 scriptis
759 1191 928 1229 (AssGvi)
963 1190 1146 1233 reperitur
1175 1190 1497 1228 nomenculatorif‘
1532 1189 1635 1221 Pont.
1684 1189 1760 1220 Vid.

223 1245 296 1272 not.
334 1258 378 1264 —
420 1238 734 1272 commendaticias
770 1235 883 1267 HGs-i.
1024 1238 1074 1267 16.
1125 1234 1298 1266 Vatinius
1333 1233 1369 1265 S.
1408 1251 1450 1257 —-
1489 1239 1664 1266 contusus
1697 1233 1761 1265 bP.

222 1286 403 1325 confusus
429 1281 858 1316 ABGSv-zulss31'2567.
901 1279 1027 1322 „Lege
1053 1280 1252 1319 confissus.
1290 1277 1497 1309 Gronoxius
1524 1284 1696 1317 contusus,
1723 1283 1762 1310 ut

221 1329 407 1361 luvenalis
434 1329 558 1370 [immo
588 1325 764 1358 Horatius
797 1325 873 1356 Sat.
904 1325 955 1365 11,
988 1329 1028 1364 7,
1058 1323 1140 1366 15.]:
1173 1328 1356 1365 postquam
1388 1323 1441 1354 illi
1473 1323 1565 1354 iusta
1596 1323 1761 1365 podagra

221 1374 419 1417 [cheragra]
447 1372 609 1405 Contudit
633 1371 808 1403 articulos.
844 1369 892 1400 Ac
914 1370 1077 1410 confissus
1104 1372 1160 1399 est
1184 1377 1204 1398 a
1230 1368 1386 1408 confindo
1407 1372 1442 1399 et
1456 1368 1572 1407 findo,
1598 1368 1761 1399 Martial.

227 1418 267 1459 X,
289 1421 321 1449 2.
352 1419 529 1449 Marmora
557 1416 727 1448 Messalae
747 1414 895 1455 findit
921 1414 1113 1456 caprificus.
1162 1412 1251 1443 Item
1277 1410 1339 1449 lx,
1363 1412 1418 1442 94.
1448 1411 1615 1454 Podagra
1646 1411 1761 1443 cleira-

221 1474 358 1505 graque
387 1466 563 1494 secatur
588 1461 703 1492 Caius.
753 1459 867 1499 Atque
893 1457 944 1489 ita
968 1459 1131 1498 confissus
1157 1456 1248 1487 nihil
1275 1460 1330 1486 est
1354 1455 1454 1487 aliud
1481 1466 1588 1496 quam
1613 1458 1761 1487 scctus.“

223 1508 322 1539 llaec
345 1506 380 1538 in
406 1507 448 1537 (lz
475 1505 682 1537 tribuuntur
696 1504 871 1540 Pontanm
898 1502 960 1534 sed
988 1501 1022 1532 iu
1049 1506 1178 1533 neutra
1205 1500 1245 1531 ed
1279 1500 1381 1531 Pont.
1408 1510 1477 1541 ego
1501 1510 1543 1531 ea
1569 1499 1701 1540 reperi.
1719 1517 1761 1524 --

222 1551 438 1593 „Bentleius
471 1551 514 1581 ad
545 1550 672 1580 llorat.
699 1548 815 1579 Scrm.
843 1547 896 1585 ΙΙ,
929 1550 968 1585 7,
1001 1548 1052 1577 15.
1090 1556 1171 1576 cum
1205 1543 1390 1576 Gronovio
1428 1548 1527 1575 recte
1562 1545 1759 1586 legendum

220 1601 345 1628 censet
373 1601 541 1628 contusus.
591 1593 652 1625 Sic
683 1593 780 1624 enim
806 1592 901 1633 apud
929 1591 1055 1622 Horat>
1090 1591 1111 1622 l.
1139 1590 1160 1621 l.
1191 1589 1366 1630 chiragra
1391 1587 1526 1619 dicitur
1555 1589 1763 1621 contundere

222 1641 404 1681 articulos,
443 1644 478 1671 et
503 1638 597 1680 apud
625 1638 725 1669 Pers.
755 1636 829 1668 Sat.
858 1636 902 1676 V,
928 1638 983 1666 ol.
1013 1637 1188 1677 frangere
1219 1633 1421 1665 articulos.“
1453 1633 1565 1665 Zeun.
1607 1650 1649 1656 —
1692 1633 1762 1664 iam

222 1697 290 1717 om.
322 1696 399 1725 v-g.
542 1686 590 1714 17.
639 1682 813 1714 ducenties
841 1680 1046 1712 sestertia
1076 1671 1115 1710 S:
1166 1678 1338 1709 ducenties
1374 1677 1477 1708 LLS
1516 1678 1583 1708 ica.
1634 1678 1762 1709 ducen-

222 1731 304 1763 tcis
331 1729 434 1760 LLS
458 1728 511 1769 hg
559 1739 583 1770 g
608 1726 643 1759 in
670 1737 743 1768 mg.
769 1725 997 1763 ducenties).
1022 1741 1063 1746 -—
1092 1723 1281 1754 culcitram
1305 1721 1392 1764 Svg.
1419 1740 1458 1745 -
1486 1723 1625 1754 actione
1652 1722 1690 1753 A.
1719 1739 1760 1744 —

222 1775 416 1807 orationem
449 1777 601 1816 (puncto
630 1782 706 1814 pos.
733 1770 800 1802 sub
827 1770 864 1810 o)
895 1769 934 1800 A.
977 1787 1010 1791 —
1048 1768 1204 1800 culcitra
1236 1777 1313 1809 v-g.
1454 1767 1504 1799 18,
1549 1767 1591 1798 de
1622 1766 1762 1798 Catonis

1027 1881 1159 1920 quanta
1206 1881 1254 1909 est
1290 1876 1378 1919 gula
1419 1876 1544 1908 centies
1580 1877 1762 1908 comesse.“

1028 1923 1140 1953 Pom.
1179 1939 1220 1943 —
1259 1920 1313 1952 Cf.
1349 1921 1364 1962 §
1399 1923 1453 1952 23.
1513 1921 1762 1962 intelligenda

1027 1971 1111 1998 suut
1151 1966 1338 1997 ducenties
1387 1970 1539 1997 centena
1588 1965 1762 1997 sestertia

1026 2011 1084 2041 vel
1114 2010 1301 2041 ducenties
1339 2014 1489 2041 centena
1522 2009 1625 2040 milia
1659 2020 1762 2041 num-

1027 2065 1136 2085 mum.
1186 2053 1318 2085 Contra
1346 2053 1417 2085 vid.
1451 2065 1482 2085 c.
1507 2057 1538 2084 7.
1572 2055 1591 2092 ἓ
1622 2056 1653 2084 8.
1686 2065 1761 2084 cum

269 1887 322 1916 15.
376 1882 666 1924 Nomenculator-i]
702 1879 790 1922 „Sic
823 1879 959 1911 diserte

225 1929 333 1961 ess‘ert
360 1928 543 1960 Martialis
576 1927 639 1958 lib.
673 1926 720 1965 X,
752 1925 869 1966 epigr.
902 1927 956 1954 30.

225 1974 327 2015 [23.]:
380 1973 658 2005 Nomenculator
683 1971 849 2012 mugilem
876 1969 959 2000 citat

222 2024 352 2050 notum.
399 2017 463 2047 Est
496 2021 532 2048 et
565 2016 600 2047 in
638 2013 958 2055 inscriptionilms:

224 2072 259 2094 c.
291 2070 493 2093 EGNATH'S
530 2069 565 2092 c.
599 2070 633 2091 L.
671 2067 846 2090 RVRIPVS
883 2066 958 2088 No-

224 2114 525 2145 MENGVLATOR,
563 2103 729 2145 (luamvis
761 2103 795 2133 in
827 2101 958 2133 iisdem

224 2162 366 2192 quoque
404 2148 649 2180 monumentis
684 2150 853 2178 occurrat
888 2156 957 2176 non

223 2196 338 2227 semel
366 2194 627 2231 nomenclator,
667 2191 717 2223 ita
745 2196 783 2222 ut
806 2195 958 2230 utroque

223 2240 329 2271 modo
357 2239 426 2269 hoc
457 2249 584 2269 nomen
618 2241 832 2277 usurpatum
858 2239 959 2265 vete-

224 2285 326 2316 ribus
381 2282 584 2314 ι’ἰάυειῑιινέ·ι
634 2282 746 2312 ΡοΝΤ.
805 2297 845 2302 —-
902 2278 956 2308 Cf.

224 2327 436 2360 Schneider.
459 2325 738 2366 Elementarl.p.
760 2326 832 2355 171.
856 2326 891 2354 et
914 2322 958 2353 (le

224 2385 262 2405 re
291 2373 369 2414 ipsa
394 2371 545 2402 Becker.
576 2371 598 2401 Ι.
616 2380 645 2400 c.
674 2381 705 2411 p.
734 2370 807 2399 114.
830 2369 956 2399 81219.

267 2414 578 2456 commendatitias]
615 2425 663 2445 sc.
698 2413 853 2445 litteras.
902 2411 957 2442 Cf.

223 2462 297 2494 Cic.
320 2462 363 2493 ad
385 2461 485 2491 Fam.
512 2459 550 2498 V,
575 2462 607 2496 5,
630 2461 658 2489 1.

270 2509 322 2537 16.
371 2505 569 2537 discussisse
605 2504 674 2534 iam
712 2500 847 2541 vitium]
894 2497 956 2531 Sic

222 2550 372 2592 saepius
398 2550 535 2581 dicitur
561 2545 693 2579 discuti
726 2546 878 2583 morbus,
919 2547 957 2575 ut

223 2596 315 2627 Plin.
334 2594 360 2626 N
390 2594 433 2625 11.
451 2593 612 2629 xxviii,
630 2603 657 2622 c.
676 2594 691 2621 7
709 2595 812 2628 extr„
830 2594 865 2621 et
884 2588 956 2620 cal-

223 2641 374 2671 culorum
397 2639 481 2670 vitia
507 2638 553 2668 ih.
583 2635 710 2669 xxxi,
736 2637 757 2665 2
783 2645 810 2664 s.
834 2637 880 2673 8,
898 2634 955 2672 fc-

224 2685 292 2716 bris
320 2684 405 2715 ibid.
431 2687 466 2714 et
491 2682 585 2713 Cels.
602 2681 648 2721 11,
671 2683 729 2717 173
756 2677 956 2716 111,15.a1.

274 2732 321 2759 17.
381 2728 593 2759 c.rcedeutem
651 2722 836 2764 ducenties]
891 2721 957 2759 „ln

224 2772 446 2804 editionibus
472 2770 619 2812 priscis:
646 2768 819 2800 ducenties
854 2765 958 2797 LLS.

224 2817 268 2847 Et
299 2818 417 2847 solent
443 2816 495 2846 sic
521 2824 661 2856 quoque
694 2811 868 2844 sestertia
896 2820 958 2840 no-

225 2864 301 2891 tare
322 2865 475 2891 veteres.
509 2857 640 2891 Omitti
663 2861 782 2888 tamen
804 2856 958 2886 honeste

225 2908 356 2946 potest.
404 2903 587 2935 Martialis
625 2901 685 2942 [1'7
716 2904 776 2940 70,
808 2898 879 2940 5.]:
930 2897 957 2928 0

1026 2099 1225 2140 quingentis
1255 2099 1419 2130 sestertiis
1453 2102 1489 2129 et
1525 2097 1620 2128 iufra
1655 2099 1674 2137 ἓ
1707 2099 1760 2128 24.

1026 2148 1175 2180 centurn,
1211 2142 1234 2173 i.
1264 2153 1293 2173 e.
1318 2141 1529 2183 quingentis
1553 2141 1703 2173 milibus
1727 2145 1762 2173 et

1026 2190 1168 2218 centum
1196 2186 1299 2217 milia
1321 2186 1543 2218 sestertium.
1570 2186 1625 2218 Cf.
1644 2186 1762 2217 Krue—

1026 2242 1101 2274 ger.
1130 2231 1292 2262 Gramm.
1320 2242 1352 2272 p.
1379 2232 1454 2261 739.

1073 2278 1124 2306 18.
1195 2276 1286 2306 male
1344 2273 1575 2315 existimante]
1632 2273 1762 2313 „Valet

1025 2320 1118 2361 quod
1171 2319 1264 2362 apud
1316 2318 1449 2350 Graios
1497 2317 1761 2360 λοιδοροῦντος.

1025 2364 1215 2405 Quomodo
1247 2367 1282 2394 et
1309 2362 1449 2395 Seneca
1476 2363 1520 2394 de
1546 2362 1622 2394 vita
1653 2362 1760 2393 beata

1025 2409 1091 2440 sub
1118 2408 1222 2439 linem
1253 2407 1309 2450 [de
1335 2407 1409 2439 otio
1432 2410 1463 2439 5.
1484 2409 1503 2447 ἓ
1528 2406 1593 2448 16]
1620 2407 1670 2438 De
1695 2417 1760 2448 quo

1024 2453 1135 2484 male
1165 2453 1413 2484 existimare
1442 2452 1694 2487 consuevimus,
1725 2453 1761 2481 et

1024 2497 1156 2529 iterum
1183 2497 1246 2528 lib.
1262 2496 1326 2527 ΙΙΙ.
1352 2497 1394 2527 de
1422 2496 1477 2527 ira
1495 2495 1563 2536 [22‚
1578 2494 1622 2536 2.]
1644 2494 1711 2534 Qui
1731 2516 1759 2525 ..

1026 2543 1067 2573 de
1085 2552 1168 2584 rege
1186 2552 1246 2572 suo
1273 2541 1382 2572 male
1405 2540 1668 2571 existimant.
1687 2539 1759 2568 Au-

1025 2587 1137 2617 dierat
1171 2586 1287 2616 omnia
1312 2585 1522 2626 Antigonus.
1558 2582 1646 2613 Vide
1670 2581 1758 2613 item

1025 2630 1238 2661 Ciceronem
1266 2628 1382 2669 Epist.
1408 2627 1472 2659 lib.
1498 2626 1602 2668 XIII,
1633 2637 1688 2667 ep.
1713 2626 1758 2657 ad

1026 2673 1157 2706 Servil.
1175 2672 1212 2714 [i.
1233 2683 1262 2703 e.
1280 2683 1333 2712 ep,
1355 2674 1408 2709 69,
1426 2674 1457 2702 2.
1478 2675 1514 2702 ut
1536 2671 1578 2702 de
1603 2681 1636 2701 se
1661 2671 1760 2702 bene

1027 2715 1271 2757 existimes]
1299 2716 1410 2747 Pon‘r.
1430 2734 1473 2739 —
1498 2714 1597 2745 Adde
1623 2714 1666 2745 (le
1697 2714 1758 2746 oss'.

1026 2762 1072 2800 ΙΙ,
1094 2765 1146 2800 10,
1162 2763 1217 2791 36.
1244 2760 1319 2791 Non
1338 2770 1450 2791 omnes
1471 2770 1526 2790 eos
1541 2764 1758 2791 contemnunt

1026 2808 1066 2837 de
1093 2805 1213 2847 quibus
1240 2804 1347 2835 male
1374 2804 1637 2835 existimant.
1681 2802 1757 2834 Υἱό-

1026 2849 1229 2880 Casaubon.
1257 2848 1299 2879 ad
1318 2847 1419 2879 Suet.
1435 2847 1513 2879 Oct.
1530 2850 1598 2886 51„
1618 2845 1678 2878 uhi
1706 2847 1758 2878 ci-

1027 2898 1124 2926 tatur
1148 2892 1286 2925 Seneca
1313 2903 1368 2934 ep.
1391 2894 1446 2933 31,
1472 2895 1510 2932 93
1537 2894 1591 2931 Ge,
1616 2894 1653 2932 ὃς
1683 2894 1756 2931 107,
