1871 3126
227 61 311 102 206
863 57 1137 100 MACROBII

227 172 374 213 fulmen
403 175 442 210 et
465 168 613 222 spicas,
661 180 765 220 quac
795 173 938 209 cuneta
977 169 1082 210 Iovis
1116 168 1292 222 solisque
1327 169 1594 210 consociatam
1625 174 1763 224 poten-

164 229 322 272 13tiam
352 228 584 267 monstrant.
649 223 780 263 Huius
808 223 945 279 templi
982 224 1120 277 religio
1155 224 1272 264 etiam
1306 224 1548 266 divinatione
1583 226 1762 280 praepol-

228 286 292 331 let,
320 296 422 336 quae
449 280 498 321 ad
526 279 722 334 Apollinis
753 285 989 333 potestatem
1019 280 1201 329 refertur,
1230 279 1299 334 qui
1328 280 1431 321 idem
1459 287 1580 335 atque
1607 282 1665 322 sol
1694 288 1764 322 est.

227 339 398 380 Vehitur
426 336 529 378 enim
561 335 847 376 simulachrum
879 335 941 376 dci
968 336 1254 390 Heliopolitani
1287 335 1449 385 ferculo,
1478 337 1538 377 uti
1564 337 1765 379 vehuntur

228 397 267 436 in
310 407 456 449 pompa
498 392 683 433 ludorum
725 391 971 433 Circensium
1009 392 1175 433 deorum
1215 391 1470 432 simulachra:
1518 397 1558 433 et
1590 394 1765 434 subeunt

228 453 479 514 plerumque
497 448 723 503 provinciae
754 461 955 502 proceres,
985 461 1074 489 raso
1107 448 1255 502 eapite,
1291 447 1395 502 longi
1425 448 1617 502 temporis
1649 449 1763 489 casti-

228 521 362 549 monia
393 505 501 561 puri,
533 504 795 558 ferunturque
825 505 957 546 divino
986 504 1146 559 spiritu,
1173 518 1255 544 non
1285 517 1358 544 suo
1359 478 1554 544 DarlJitrio
1585 504 1652 544 sed
1670 517 1764 567 quo

230 565 328 605 deus
366 560 550 617 propellit
582 560 788 601 vehentes:
832 566 878 601 ut
905 560 1086 601 videmus
1118 560 1224 614 apud
1256 559 1422 600 Antium
1455 560 1679 614 promoveri
1713 560 1762 600 si-

168 623 218 662 14
231 619 434 662 mulaehra
461 619 729 658 Fortunarum
761 617 808 657 ad
839 617 966 657 danda
998 630 1200 679 responsa.
1259 616 1486 657 Consulunt
1510 615 1616 656 hunc
1645 616 1764 657 deum

231 683 270 718 et
307 677 488 717 absentes
529 672 657 712 missis
700 672 981 726 diplomatibus
1016 672 1280 726 consignatis:
1322 672 1585 726 rescribitque
1628 671 1767 712 ordine

229 734 279 774 ad
311 745 356 772 ea
399 743 501 784 quae
534 728 827 769 consultatione
860 729 992 769 addita
1034 729 1300 769 continentur.
1366 728 1431 769 Sic
1470 733 1510 768 et
1549 728 1768 782 imperator

230 789 424 831 Traianus
454 785 624 826 initurus
657 799 704 824 ex
733 798 777 824 ea
803 784 1005 839 provincia
1028 784 1232 825 Parthiam
1262 798 1353 825 cum
1384 783 1558 825 exercitu
1583 789 1766 824 constan-

230 845 405 886 tissimae
436 840 638 895 religionis
670 840 923 881 hortantibus
956 840 1111 889 amieis,
1146 840 1213 894 qui
1245 839 1415 880 maxima
1444 839 1610 880 huiusce
1636 839 1765 880 numi-

230 902 291 942 nis
339 903 524 953 ceperant
563 896 848 950 experimenta,
893 902 938 937 ut
969 896 1017 936 de
1050 902 1194 937 eventu
1237 896 1462 936 consuleret
1499 896 1554 936 rei
1591 901 1767 950 coeptae,

166 957 337 1013 [322iegit
362 957 545 996 Romano
578 952 744 993 consilio
776 953 884 1007 prius
914 952 1157 1006 explorando
1189 951 1307 991 fidem
1337 951 1557 1005 religionis,
1591 965 1640 991 ne
1668 951 1769 991 forte

233 1014 339 1054 fraus
379 1011 561 1053 subesset
596 1009 786 1049 humana:
834 1014 873 1050 et
911 1008 1082 1062 primum
1118 1007 1226 1048 misit
1261 1007 1436 1060 signatos
1476 1007 1678 1047 codicillos
1719 1007 1768 1047 ad

169 1071 336 1125 l5quos
379 1067 451 1108 sibi
495 1065 657 1106 rescribi
704 1065 830 1106 vellet.
902 1065 1013 1105 Deus
1053 1064 1167 1104 iussit
1205 1063 1334 1104 afferri
1378 1063 1554 1103 chartam
1599 1076 1768 1117 eamque

234 1124 376 1179 signari
419 1136 557 1178 puram
601 1126 639 1161 et
686 1121 809 1169 mitti,
858 1120 1111 1175 stupentibus
1157 1119 1430 1160 sacerdotibus
1478 1119 1527 1159 ad
1572 1119 1769 1159 eiusmodi

235 1182 399 1222 factum:
442 1178 675 1232 ignorabant
712 1177 859 1231 quippe
894 1177 1164 1217 conditionem
1207 1175 1493 1216 codicillorum.
1553 1175 1638 1215 Hos
1677 1188 1767 1215 eum

236 1237 406 1279 maxima
443 1233 704 1275 admiratione
736 1234 930 1274 Traianus
966 1232 1142 1287 excepit,
1191 1231 1300 1286 quod
1339 1231 1422 1286 ipse
1465 1244 1627 1286 quoque
1661 1230 1770 1285 puris

324 1376 426 1419 [uss.
452 1374 618 1407 Assers.

235 1438 345 1466 strant
366 1442 447 1473 v-g.
589 1431 639 1461 13.
679 1428 827 1471 quidem
853 1432 956 1468 atque
981 1426 1016 1457 S.
1053 1443 1092 1448 —
1127 1424 1388 1468 hcliupolztani
1413 1424 1437 1455 A
1464 1423 1511 1465 (B
1539 1434 1619 1465 sup.
1646 1426 1695 1461 ο).
1729 1442 1770 1447 --

235 1478 366 1510 veluti
390 1487 467 1519 v-g.
493 1493 528 1498 -
563 1474 724 1506 vidimus
752 1483 820 1514 v-g
970 1473 1021 1502 11.
1065 1470 1272 1513 consignati
1296 1469 1333 1501 S.
1363 1487 1401 1492 —-
1434 1469 1552 1500 iturus
1579 1479 1610 1499 v.
1638 1485 1677 1490 —
1711 1468 1773 1499 in—

237 1528 364 1567 ceptae
383 1521 425 1553 G.
455 1538 494 1543 —
519 1519 717 1551 codicellos
744 1518 818 1558 (sie
843 1515 978 1557 semp.)
998 1515 1040 1546 G.
1160 1495 1233 1545 ⁰15.
1275 1514 1365 1545 Deus
1389 1513 1444 1554 (in
1473 1524 1546 1555 ing.
1571 1512 1710 1551 dehinc)
1731 1512 1771 1544 B

274 1645 411 1689 flagro]
439 1643 495 1675 Cf.
519 1643 557 1683 V,
587 1644 637 1683 11,
660 1644 713 1673 21.

286 1704 337 1733 13.
387 1701 603 1733 divinatione
630 1722 660 1730 ..
690 1708 776 1740 quae
801 1697 847 1728 acl
865 1695 973 1738 Apol-

238 1747 319 1779 linis
349 1750 554 1789 potestatem
578 1741 741 1785 refertur]
772 1741 826 1773 Cf.
855 1752 885 1772 c.
915 1742 970 1771 20.

239 1793 317 1832 §4.

290 1848 304 1878 l
312 1845 431 1877 ehitur
458 1866 466 1874 .
482 1868 490 1876 .
515 1844 759 1876 simulachrum
779 1842 833 1873 dei
854 1840 972 1872 Helio-

1040 1637 1126 1677 nnc)
1170 1640 1440 1679 nuncuparetur.

1039 1683 1220 1714 adnotat:
1248 1681 1368 1723 „apud
1391 1681 1545 1720 Antium,
1565 1681 1696 1717 Antii-²,
1720 1685 1772 1712 et:

1038 1726 1162 1767 ..Antii
1197 1737 1284 1768 prae
1305 1725 1438 1757 ceteris
1465 1723 1536 1756 diis
1560 1725 1775 1756 colebantur

1039 1771 1223 1803 Fortunae
1258 1770 1371 1809 duae,
1418 1780 1594 1811 prospera
1634 1774 1670 1801 et
1710 1769 1774 1800 ad-

1039 1826 1164 1854 versa,
1208 1826 1300 1856 quae
1342 1814 1558 1845 dicebantur
1591 1813 1775 1857 gemellae,

1039 1871 1182 1897 sorores,
1207 1859 1387 1902 Equestris
1411 1864 1441 1891 et
1464 1858 1573 1899 Felix,
1601 1858 1775 1890 Fortunae

1499 1635 1698 1678 Rupertius
1737 1634 1772 1666 in

236 1891 386 1933 politam*
412 1889 496 1930 cen]
524 1889 575 1919 De
602 1889 672 1919 hoc
704 1888 817 1919 refert
841 1884 972 1916 Lucia-1

239 1933 684 1986 1111s11edea831-iae.3:6
703 1925 788 1964 Eziz'
805 1924 849 1962 ἷὲν
866 1926 973 1971 ἐθέλῃ

239 1988 460 2031 χρησμηγε-ορ
448 1989 534 2016 ειν,
574 1975 611 2008 ἐν
645 1976 687 2019 τῆ
727 1973 813 2018 ἕδρῃ
845 1973 971 2025 πρῶτα

238 2022 406 2056 κινέξται·
441 2020 483 2054 οἱ
509 2019 553 2053 δέ
575 2032 646 2063 μιν
668 2018 782 2073 ἱρέες
807 2014 972 2050 αὐτίκα

240 2065 492 2120 ἀείρουσιν·
604 2061 676 2097 εὖτ’
700 2059 744 2096 (iv
776 2058 973 2097 υποδύντες

241 2109 417 2163 φέρωσιν,
454 2106 477 2141 ἅ
498 2120 544 2141 ει
574 2105 711 2161 σφέας
736 2104 852 2147 πάντη
876 2115 972 2144 περι-

241 2125 367 2188 ί(ξινέων
392 2154 452 2187 καὶ
478 2166 512 2191 ες
536 2150 642 2205 &Moy
666 2149 733 2192 ἐξ
722 2149 845 2203 ets'eqv
867 2159 972 2200 μετα-

239 2198 399 2255 πηδέων·
435 2195 533 2236 τέλος
559 2193 578 2228 ὁ
605 2192 770 2249 (Ξρχιρεὺς
803 2189 973 2229 ἀντιάσας

241 2242 422 2297 ἐπερέεται
438 2254 498 2295 μιν
520 2240 600 2283 πιρὶ
621 2237 790 2272 ἁπάντων
812 2233 974 2289 πρηγμά-

241 2299 332 2320 των·
358 2285 377 2320 ὁ
403 2286 440 2320 ὁὲ
460 2282 511 2328 ἤν
532 2298 570 2317 τι
572 2281 648 2337 μὴ
673 2281 807 2335 ἐθέλῃ
833 2278 972 2313 ποιέε-

244 2334 367 2385 σθαι,
393 2329 526 2364 ὀπίσω
559 2325 823 2383 ἀναχωρέει,
850 2321 908 2378 ἢν
927 2321 973 2357 δέ

243 2389 282 2409 τι
311 2357 510 2427 ἐπαινέῃ,
545 2371 638 2416 (lysi
671 2370 712 2410 ἐς
745 2369 792 2403 τὸ
825 2367 972 2412 πρόσω

243 2418 351 2459 τοὺς
388 2417 732 2472 προςφέροντας
775 2411 973 2455 ὅκωσπερ

244 2462 392 2507 ἠνιοχε
378 2476 470 2497 ων.

288 2522 340 2552 uti
371 2520 541 2552 vehuntur
658 2514 883 2556 simulachra]
916 2512 973 2544 Cf.

245 2566 395 2606 Dionys
423 2565 460 2596 A
488 2564 531 2594 R.
558 2562 638 2599 Ul
667 2564 720 2593 72.
751 2557 905 2592 Πάντων
936 2556 976 2589 αι

244 2610 316 2641 τῶν
338 2609 437 2641 θεῶν
464 2604 594 2644 εἰκόνες
615 2603 816 2646 ἐπόμπευον
841 2599 976 2644 ὤμοις

244 2650 313 2685 ‘in'
359 2649 535 2694 ἀνδρῶν
579 2648 827 2693 φερόμεναι.
874 2648 975 2678 Haec

246 2709 377 2740 pompa.
404 2702 712 2729 commemoratur
743 2694 853 2725 etium
887 2703 915 2723 c.
945 2693 977 2722 6.

247 2742 262 2782 §
293 2746 342 2774 lo.

291 2798 386 2839 apud
414 2796 566 2839 Antium]
604 2794 681 2826 lid.
707 2796 780 2825 not.
804 2791 849 2824 ad
876 2802 904 2822 c.
922 2792 977 2820 20.

247 2842 267 2880 §
292 2844 322 2871 6
368 2841 429 2873 Sic
462 2842 573 2873 etiam
610 2839 766 2871 'filicitus
797 2837 885 2869 A.nn
911 2834 977 2871 ΙΙΙ

248 2888 299 2916 71.
335 2885 519 2927 Repeitum
544 2890 592 2916 cst
618 2884 735 2915 aedem
764 2892 834 2913 esse
859 2878 978 2922 apud

252 2929 417 2961 lntium
437 2940 525 2971 quae
549 2930 596 2961 sic
616 2925 824 2968 (Equestris
848 2923 977 2955 Fortu-

1043 1905 1256 1942 Antiatinae
1278 1914 1430 1945 quarum
1454 1903 1547 1934 dnae
1569 1901 1714 1944 effigies
1739 1902 1774 1933 in

1042 1960 1149 1981 numo
1173 1959 1227 1989 ap.
1255 1948 1367 1980 Oisel.
1401 1959 1433 1989 p.
1460 1949 1536 1978 327.
1572 1946 1625 1978 Cf.
1635 1928 1705 1985 D15,
1718 1948 1773 1977 23.

1040 1994 1140 2025 Suet.
1167 1992 1244 2024 Cal.
1270 2003 1288 2023 e
1326 1995 1381 2023 57.
1428 1991 1588 2022 Martini.
1618 1990 1656 2031 V,
1685 1993 1714 2030 1,
1741 1992 1773 2021 3.

1041 2037 1228 2079 Bulenger
1275 2036 1319 2067 de
1364 2035 1526 2067 sortibus
1571 2034 1606 2066 in
1655 2034 1772 2066 Thes.

1041 2082 1174 2113 Graev.
1201 2079 1245 2111 T.
1278 2079 1324 2120 V,
1350 2092 1382 2121 p.
1407 2081 1485 2110 363.
1514 2079 1578 2119 (de
1610 2079 1773 2110 sortibus

1040 2124 1282 2162 Antiatinis)“
1307 2129 1375 2155 cet.
1416 2123 1546 2154 Horat.
1571 2122 1638 2154 Od.
1664 2123 1692 2161 l,
1718 2126 1774 2164 35,

1042 2173 1072 2201 1.
1109 2170 1136 2201 Ο
1162 2170 1244 2201 diva
1276 2174 1418 2211 gratum
1450 2178 1538 2209 quae
1568 2168 1663 2210 regis
1692 2169 1773 2199 An-

1040 2215 1153 2253 tium,
1178 2212 1238 2245 ubi
1255 2212 1419 2245 Orellius
1445 2212 1541 2244 inter
1562 2212 1636 2244 alia
1663 2211 1775 2244 adno-

1041 2258 1133 2291 tavit
1153 2258 1303 2289 haeecet
1330 2256 1540 2298 „lnsm-iptt.
1564 2267 1675 2288 mear.
1697 2256 1776 2289 Lat.

1041 2302 1082 2336 N.
1138 2304 1244 2333 1738·
1304 2312 1486 2333 Fon'rvms
1540 2311 1774 2332 ucrmcmvs

1041 2357 1276 2380 immin-inve.
1368 2345 1550 2377 Fortunae
1609 2345 1775 2377 Antiates

1042 2402 1236 2434 expressae
1272 2395 1355 2423 sunt
1390 2390 1425 2421 in
1464 2388 1585 2431 gentis
1624 2389 1776 2421 Rustiae

1042 2435 1192 2468 denario
1217 2435 1311 2477 apud
1340 2434 1494 2466 Eckhel.
1526 2436 1569 2465 D.
1595 2433 1635 2466 N.
1670 2434 1706 2465 V.
1741 2445 1774 2475 p.

1041 2483 1118 2513 298.
1163 2480 1236 2513 Csr.
1273 2479 1455 2511 Gerlinrd.
1494 2478 1590 2510 Text
1624 2488 1668 2509 zu
1707 2477 1775 2509 den

1043 2530 1114 2558 ant.
1150 2524 1282 2556 Bildw.
1324 2524 1359 2563 1,
1396 2535 1427 2565 p.
1463 2525 1518 2554 62.
1525 2524 1547 2539 ‘⁶
1600 2522 1775 2553 Klausen.

1043 2572 1128 2602 Aen.
1155 2569 1278 2611 1›.764
1301 2579 1353 2609 sq.

1085 2611 1291 2656 promoueri]
1311 2609 1514 2644 Orelliusl.
1534 2620 1563 2639 c.
1583 2619 1651 2640 non
1677 2613 1776 2641 recte

1044 2658 1322 2699 interpretatur.
1367 2654 1438 2686 sich
1477 2655 1643 2685 υοιιυᾶιιε
1684 2655 1776 2685 beu-

1045 2713 1125 2745 gen.
1166 2701 1347 2741 Han-tung.
1373 2698 1419 2738 ll,
1444 2709 1478 2740 p.
1502 2700 1579 2729 239.
1605 2698 1674 2730 sich
1699 2709 1778 2730 vor-

1045 2748 1151 2778 ωᾶιεε
1176 2746 1366 2786 bewegen.

1094 2791 1143 2820 14.
1221 2785 1520 2820 constantissimae
1582 2785 1776 2829 religionis]

1045 2833 1147 2866 Haec
1182 2833 1293 2864 verba
1325 2842 1405 2862 cum
1439 2830 1558 2861 amicis
1590 2829 1777 2872 iungenda

1045 2877 1215 2909 videntur
1241 2874 1453 2918 significare
1477 2885 1518 2905 eo
1544 2874 1662 2907 minus
1687 2885 1778 2916 opus

1046 2922 1161 2954 fuisse
1187 2921 1253 2954 tali
1282 2919 1544 2962 experimento.
