1844 3168
384 58 853 104 SATURNALIORUM
895 57 994 100 LIB.
1028 60 1057 100 1.
1096 59 1214 103 CAP.
1246 60 1296 101 X.
1568 57 1621 100 79

85 173 255 214 turnalia
289 172 526 228 (leputatur,
568 187 657 213 cum
702 172 873 226 primum
909 171 1082 212 Saturno
1120 173 1266 227 pariter
1309 179 1348 214 et
1382 174 1461 229 Opi
1506 174 1624 216 suerit

84 230 292 284 ascriptus,
363 231 475 270 llanc
508 236 641 270 autom
681 229 794 269 deam
827 231 957 282 Opem
994 230 1154 269 Saturni
1196 230 1405 281 coniugem
1445 232 1690 273 credide-ll)

84 291 193 333 runt,
248 292 287 325 ct
329 286 418 326 idco
461 286 534 326 lior
580 300 714 326 inonsc
757 284 981 325 Saturnalia
1021 285 1197 338 itemquo
1236 288 1378 340 Opalia
1421 288 1623 338 celebrari,

84 342 192 396 quod
227 344 422 383 Saturnus
456 343 623 396 eiusque
654 356 753 382 uxor
786 348 864 382 tam
907 341 1062 392 frugum
1098 355 1215 395 quain
1256 343 1453 384 svm-nium
1492 359 1621 399 repor-

83 404 190 438 toros
224 413 309 438 esso
350 400 579 439 credantur:
629 399 763 452 itaquo
805 398 912 438 omni
952 398 1026 438 iarn
1067 398 1145 437 solu
1176 413 1361 448 agrorum
1401 409 1540 441 roario
1573 403 1621 443 ali

84 454 312 496 hominibus
356 456 426 495 lios
471 456 566 495 (10ος
609 456 682 495 coli
726 455 837 509 quasi
886 455 986 494 vilae
1027 455 1204 495 cultioris
1246 462 1450 496 aurion-s:
1519 473 1620 512 quos
1637 460 1691 499 20

83 511 201 551 otiam
231 513 428 552 nonnullis
459 513 609 552 vaeliun
641 526 684 551 av
714 518 856 551 terrain
886 524 971 551 osso
999 525 1229 564 persuasum
1261 518 1332 560 est,
1363 514 1689 568 Saturnum-{24:31

85 581 162 620 quc
193 582 213 607 a
248 575 333 607 satu
368 569 535 611 ‹lu-luni.
585 569 698 607 (nius
729 582 845 607 rausa
879 568 926 607 (10
957 568 1065 607 caelo
1099 574 1175 615 cst,
1226 574 1262 608 et
1294 575 1437 609 terram
1477 573 1622 624 Opem,

83 624 197 663 cuius
232 638 306 677 opo
341 624 537 665 lnnnanae
574 625 676 664 xilao
705 624 889 664 alimenta
920 630 1188 677 quaeruntur,
1233 625 1288 665 iel
1323 626 1371 665 al»
1404 640 1523 680 opere
1556 642 1625 681 prr

83 680 191 733 quod
225 680 377 720 fructus
409 680 621 734 frugesque
650 686 877 721 naseuntur.
938 680 1041 721 lluir
1076 681 1172 720 (leae
1200 681 1382 723 sedentes
1412 688 1499 723 vota
1531 687 1686 727 ron-21

83 736 248 790 cipiunt,
275 742 504 790 terramque
530 737 578 777 (10
608 737 800 777 industria
829 742 1009 786 tangunt,
1037 737 1355 778 demonstrantes
1385 739 1509 793 ipsam
1542 755 1623 780 ma-

83 798 181 832 trem
220 799 364 833 terram
408 807 493 834 esso
532 794 767 834 mortalibus
803 793 1080 847 adpetendam.
1151 794 1418 836 Philochorus
1449 798 1691 840 §ammom

83 854 122 889 et
154 849 234 903 Opi
267 849 437 903 primum
469 849 507 889 in
536 850 671 890 Attica
703 850 889 890 statuisse
914 864 1021 890 aram
1055 851 1274 905 Cecropem
1307 852 1425 901 dicit,
1472 868 1623 908 cosque

82 905 178 945 deos
211 919 283 959 pro
322 906 417 947 love
456 912 642 961 terraque
681 906 864 954 voluisse,
893 906 1195 961 instituisseque
1224 914 1269 948 ut
1297 914 1427 962 patres
1458 909 1623 950 familia-

83 974 171 1002 rum
199 968 238 1002 ct
262 962 438 1015 frugibus
462 968 501 1003 et
529 963 722 1003 fructibus
754 963 828 1003 iam
862 963 1010 1003 coactis
1041 963 1187 1017 passim
1218 978 1308 1004 cum
1339 965 1461 1006 servis
1491 980 1623 1007 vesce—

81 1023 221 1058 rentur
262 1032 352 1059 cum
390 1019 536 1072 quibus
571 1019 799 1073 patientiam
831 1019 978 1060 laboris
1016 1019 1054 1059 in
1103 1020 1271 1061 colendo
1306 1035 1396 1061 rure
1431 1023 1623 1063 tolerave-

83 1080 187 1114 rant:
225 1074 411 1115 delectari
448 1075 551 1115 enim
591 1076 708 1116 (lcum
741 1076 894 1116 honore
931 1089 1134 1117 servorum
1163 1078 1437 1132 contemplatu
1464 1080 1623 1120 laboris.

84 1130 187 1171 llinc
215 1137 273 1171 est
307 1131 416 1185 quod
448 1146 494 1173 cx
526 1132 709 1173 instituto
739 1132 947 1187 peregrino
977 1131 1069 1173 huic
1099 1132 1173 1174 deo
1203 1147 1359 1175 sacrum
1392 1142 1529 1190 aperto
1560 1150 1623 1177 ca—

1129 1245 1220 1277 Edd.
1251 1245 1535 1291 vicahgspdzb.]

82 1297 158 1338 vel,
183 1301 223 1330 ut
252 1298 288 1330 in
315 1298 633 1341 Orthographicis
658 1299 894 1331 scribendum
921 1299 1102 1342 praecipit
1127 1301 1252 1334 Velius
1281 1301 1447 1345 Longus,
1475 1304 1623 1336 comisa-

81 1342 233 1374 bantur?
279 1343 398 1386 Super
425 1349 500 1375 tota
529 1355 615 1376 voce
647 1344 697 1377 ita
726 1344 878 1377 Festus:
926 1346 1133 1385 emiseno,
1174 1346 1307 1388 inquit,
1348 1359 1369 1379 a
1397 1349 1501 1389 vicis,
1541 1360 1625 1391 quos

86 1388 213 1419 Graeci
237 1385 379 1429 κώμους
404 1389 534 1427 dicunt,
561 1390 780 1432 appellatur.-
802 1390 924 1431 quibus
948 1391 983 1421 in
1008 1391 1092 1422 locis
1117 1392 1182 1422 alii
1207 1393 1296 1423 alios
1319 1394 1492 1425 convictus
1518 1405 1626 1425 causa

80 1432 290 1466 invitabant.
339 1433 496 1465 Glossac
520 1433 675 1465 Latinae
699 1435 921 1474 comisatum,
960 1431 1017 1466 ἐπὶ
1043 1434 1180 1475 κῶμον,-
1218 1436 1351 1468 Graeci
1376 1437 1497 1478 κῶμον
1519 1439 1624 1470 comi-

80 1481 214 1516 satum,
239 1477 430 1510 comis-atio.
483 1478 752 1521 Aristophanes
776 1479 886 1511 Pluto
912 1481 1056 1520 (1040):
1083 1478 1172 1512 ἔοικε
1198 1476 1288 1513 ὸ’ἐπὶ
1309 1481 1431 1522 κῶμον
1457 1481 1625 1525 βαδίζειν,

80 1522 173 1563 quod
208 1521 259 1554 ita
292 1527 454 1562 vertunt,
490 1524 626 1555 ¹videtur
649 1524 696 1556 ad
723 1524 890 1556 lascivum
922 1525 1117 1556 convivium
1150 1526 1236 1557 ire.“
1271 1525 1376 1559 Pont.
1432 1527 1536 1567 „Non
1571 1532 1627 1560 est

79 1566 172 1607 quod
198 1567 242 1598 de
267 1567 377 1599 verbo
399 1568 673 1600 clamitabantur
695 1568 946 1601 dubiteuius.“
966 1569 1077 1601 Zeun.
1114 1569 1193 1601 Vid.
1216 1575 1286 1602 not.
1315 1588 1354 1595 —
1384 1572 1539 1605 Saturni
1555 1584 1624 1614 pa-

79 1611 163 1643 riter
188 1622 220 1642 z.
364 1615 415 1643 19.
458 1614 529 1645 iam
554 1613 647 1645 omni
665 1615 746 1654 fetu
773 1613 819 1646 G.
953 1616 1007 1645 20.
1047 1618 1085 1646 et
1112 1619 1239 1647 terram
1265 1614 1371 1659 Sv-g.
1405 1635 1446 1639 —
1476 1628 1624 1659 persua-

80 1666 153 1686 sum
179 1666 268 1687 esse
295 1655 337 1687 B.
472 1659 529 1688 21.
574 1662 610 1689 et
636 1658 748 1699 ipsam
774 1658 846 1689 s-b.
889 1676 928 1681 —-
968 1663 1093 1690 terram
1120 1664 1264 1692 matrem
1289 1672 1361 1693 esse
1386 1661 1428 1693 G.
1479 1667 1625 1694 matrem

80 1710 152 1731 esse
175 1704 301 1732 terram
332 1701 405 1733 s-b.
431 1718 472 1724 —
498 1712 520 1733 a
545 1702 747 1734 mortalibus
770 1702 808 1734 P.

80 1808 312 1841 referendum
360 1821 441 1842 esse
487 1822 554 1842 non
599 1812 817 1854 putaverim,

80 1864 189 1894 quum
215 1853 342 1886 Livius
366 1855 388 1887 Ι.
416 1867 446 1887 0.
472 1856 586 1887 dicat:
627 1857 734 1889 diem
769 1869 818 1890 ac

79 1904 241 1930 noctem
269 1899 467 1939 clamatum,
489 1906 524 1932 et
548 1900 732 1934 Martialis
757 1902 817 1943 xl,

78 1945 111 1981 2,
136 1944 168 1973 5.
201 1943 363 1977 Clamant
387 1956 460 1977 cccc
482 1945 566 1977 mei:
593 1946 636 1978 10
664 1948 816 1980 Satur-

78 1986 202 2018 nalia
232 1999 362 2020 versus.

123 2033 182 2074 qui
201 2032 274 2064 (lies
298 2044 389 2065 nunc
421 2033 589 2075 Opalibus
615 2058 644 2065 ..
671 2035 819 2078 deputa-

78 2075 146 2119 tur]
182 2077 238 2109 Cf.
265 2077 376 2109 Varro
408 2076 447 2109 L.
477 2077 514 2109 L.
548 2078 611 2117 vl,
637 2081 669 2111 3.
699 2086 714 2120 ς)
743 2082 818 2111 22.;

81 2120 291 2153 Saturnalia
323 2123 416 2154 dicta
441 2122 484 2154 ab
511 2123 681 2163 Saturno,
725 2125 818 2167 quod

78 2175 117 2196 eo
142 2166 198 2197 dic
214 2167 331 2205 feriae
352 2167 445 2205 eins,
470 2172 507 2199 ut
529 2174 607 2211 post
635 2169 723 2201 diem
746 2174 816 2202 ter-

78 2209 163 2241 tium
192 2210 354 2253 Opalia
380 2212 474 2253 Opis.

126 2256 177 2286 19.
231 2255 335 2297 Opem
364 2255 512 2287 Saturni
533 2256 730 2298 coniugem]
758 2256 813 2288 Cf.

79 2298 191 2330 Varro
220 2298 260 2330 L.
284 2299 322 2331 [ι.
354 2300 399 2339 Y,
425 2303 474 2331 10.
503 2302 523 2340 §
550 2303 603 2331 57.
641 2302 817 2343 Principes

77 2343 134 2374 ‹lei
165 2343 305 2374 Caelum
336 2349 367 2375 et
403 2345 520 2376 Terra.
565 2345 612 2376 1Ιί
641 2346 697 2377 dci
725 2346 815 2377 idem

78 2387 138 2428 qui
164 2388 314 2429 Aegypti
343 2389 486 2430 Serapis
513 2393 544 2420 ct
566 2390 630 2421 Isis
654 2414 684 2421 ..
720 2391 815 2422 Idem

75 2431 248 2473 principes
288 2432 323 2463 in
370 2432 473 2465 Latio
512 2434 735 2465 Saturnus
776 2439 815 2467 et

83 2475 172 2517 Ops.
229 2474 362 2507 Festus
398 2487 455 2517 ap.
490 2476 594 2508 Paul.
626 2477 690 2509 lib.
716 2478 815 2519 xm,

78 2531 112 2561 p.
140 2522 213 2551 187.
238 2519 366 2551 Mucll.
401 2522 504 2563 Opis
528 2521 622 2553 dicta
647 2527 696 2554 cst
720 2534 814 2554 con-

77 2565 151 2596 iux
179 2565 362 2596 Saturni
394 2577 456 2607 per
493 2577 596 2608 quam
633 2568 815 2600 voluerunt

76 2613 204 2641 terram
251 2610 460 2652 significari.
537 2610 651 2643 Orell.
700 2611 814 2643 Inscr.

79 2655 174 2684 1507.
212 2653 322 2685 Locus
356 2655 568 2698 adsignatus
602 2657 682 2688 aedi
713 2656 816 2698 Opis

76 2701 115 2728 et
143 2698 338 2730 Saturni.
366 2698 542 2731 Klausen.
568 2700 652 2732 Aen.
680 2712 712 2742 p.
736 2703 814 2732 861.

77 2741 236 2774 Zeunins
267 2744 408 2776 confert
431 2743 632 2777 Cornutum
665 2745 708 2777 de
741 2749 815 2778 nat.

76 2785 174 2817 deor.
200 2788 220 2817 6
244 2790 280 2819 et
306 2790 336 2819 7.

119 2834 189 2862 tam
206 2832 356 2874 frugum
376 2843 480 2874 quam
498 2835 677 2873 fructuum
698 2845 814 2877 reper-

78 2875 179 2916 tores]
214 2875 268 2907 Ct'.
306 2886 336 2907 c.
367 2879 399 2907 7.
431 2876 447 2918 §
477 2879 521 2908 24
546 2889 620 2920 sq.,
646 2879 707 2910 ubi
738 2879 813 2911 vid.

76 2921 152 2949 not.
220 2919 273 2951 Ad
328 2919 598 2963 agriculturam
655 2922 815 2965 pertinet

77 2961 187 2994 etiam
224 2975 426 3007 cognomen
467 2966 670 3009 Consiviae.
717 2969 811 3010 quod

945 1704 1000 1734 22.
1031 1703 1190 1736 instituto
1216 1705 1304 1746 (om.
1329 1709 1387 1744 er)
1412 1706 1436 1738 S
1461 1706 1515 1745 (G
1542 1707 1624 1739 add.

887 1811 958 1853 Opi
992 1812 1115 1845 datum
1151 1825 1231 1846 esse
1264 1815 1399 1848 dicitur
1433 1817 1505 1858 111,
1528 1820 1568 1858 9,
1593 1819 1625 1850 4.

887 1856 964 1888 Vid.
989 1857 1098 1889 etiam
1127 1858 1161 1889 h.
1189 1859 1251 1891 lib.
1279 1871 1307 1891 c.
1336 1863 1387 1892 12.
1410 1863 1430 1901 §
1454 1865 1509 1894 22.

930 1902 1033 1943 quasi
1058 1903 1151 1934 vitae
1177 1904 1333 1937 cultioris
1361 1906 1530 1948 auctores]
1567 1906 1624 1939 Cf.

887 1956 916 1976 c.
943 1949 974 1977 7.
1009 1947 1029 1986 §
1059 1948 1113 1978 24.
1150 1950 1252 1990 quasi
1284 1950 1401 1983 vitae
1433 1952 1626 1984 melioris

886 1995 1075 2023 auctorem.

930 2037 985 2065 20.
1037 2037 1294 2079 Saturnumque
1317 2049 1338 2069 a
1370 2044 1450 2071 satu
1484 2039 1626 2079 dictum,

885 2080 983 2111 cuius
1009 2091 1116 2112 causa
1141 2081 1182 2112 dc
1207 2083 1301 2114 caclo
1325 2082 1386 2126 est]
1414 2084 1470 2115 Cf.
1496 2095 1524 2116 c.
1550 2087 1583 2116 8.
1608 2084 1624 2125 §

885 2126 916 2154 8.
941 2127 976 2156 et
999 2124 1129 2156 Arnob.
1158 2125 1222 2166 IV,
1240 2129 1270 2158 9.
1300 2128 1490 2160 Saturnum
1518 2139 1625 2172 prae-

884 2168 991 2200 sidem
1038 2170 1171 2202 sativis.
1237 2170 1390 2204 Servius
1437 2173 1482 2205 ad
1524 2173 1626 2215 Virg.

885 2213 1020 2255 Georg.
1048 2213 1081 2253 1,
1109 2217 1162 2246 21.
1195 2215 1310 2248 refert
1333 2227 1352 2248 a
1380 2218 1523 2250 satione
1548 2219 1626 2250 dic-

884 2261 959 2289 tum
987 2269 1068 2290 esse
1096 2259 1253 2291 Satorem
1280 2261 1399 2293 deum.

928 2303 1026 2335 cuius
1050 2314 1112 2346 ope
1140 2328 1148 2335 .
1166 2328 1173 2335 .
1201 2306 1368 2338 alimenta
1395 2306 1623 2349 quaeruntur]

884 2346 936 2378 Cf.
959 2346 1056 2379 Fest.
1082 2348 1107 2379 1.
1130 2359 1159 2380 c.
1188 2350 1273 2391 quia
1298 2362 1412 2383 omnes
1437 2362 1535 2392 opes
1560 2351 1625 2382 hu-

885 2403 987 2424 mano
1011 2393 1135 2435 generi
1158 2398 1252 2426 terra
1277 2395 1408 2428 tribuit.
1459 2395 1626 2438 Koppius

886 2437 930 2467 ad
976 2436 1148 2469 Martian.
1193 2438 1222 2470 Ι.
1269 2441 1290 2477 S
1337 2442 1391 2471 72.
1435 2440 1627 2473 adnotavit

888 2480 1003 2521 Orph.
1046 2482 1181 2524 llymn.
1221 2482 1326 2523 xm,
1368 2487 1419 2516 ll.
1465 2481 1625 2527 Εἰρήνην

885 2521 1092 2567 κατάγουσα
1118 2524 1183 2559 σὺν
1206 2523 1368 2571 εὖόλβοις
1388 2525 1579 2561 κτεάτεσσι.

929 2571 985 2600 21.
1030 2575 1226 2614 terramque
1259 2573 1301 2604 de
1332 2574 1506 2605 industria
1542 2578 1623 2605 tan-

882 2613 987 2655 gunt]
1015 2614 1070 2646 cf.
1095 2615 1161 2656 111.
1187 2619 1228 2655 9,
1258 2619 1308 2648 12.
1341 2619 1423 2650 Cum
1454 2617 1623 2649 Tellurem

884 2659 968 2690 dicit
992 2660 1151 2691 manibus
1172 2666 1338 2693 terram
1366 2662 1530 2704 tangit.

927 2704 982 2734 22.
1029 2704 1065 2734 in
1090 2705 1222 2746 Attica]
1251 2705 1307 2737 Cf.
1335 2717 1365 2737 c.
1391 2709 1422 2737 7.
1447 2708 1462 2747 9
1489 2707 1542 2737 37.

927 2752 964 2780 ut
995 2753 1115 2789 patres
1148 2750 1371 2788 familiarum
1414 2773 1448 2782 ..
1491 2749 1624 2792 passim

882 2802 955 2823 cum
982 2793 1088 2824 servis
1113 2794 1342 2835 vescerentur]
1381 2794 1437 2826 Cf.
1464 2804 1493 2826 c.
1522 2797 1573 2826 11.
1605 2793 1622 2835 §

883 2838 911 2867 l.
942 2836 1030 2877 Cap.
1056 2839 1111 2868 24.
1141 2838 1157 2878 §
1191 2840 1244 2869 23.
1280 2839 1469 2882 religiosae
1503 2839 1623 2871 domus

880 2880 1052 2913 dicuntur
1070 2883 1195 2924 prius
1210 2883 1369 2923 famulos
1393 2884 1540 2927 dapibus
1558 2884 1621 2916 ho-

879 2936 1016 2958 narare.

925 2971 1157 3014 contemplatu
1189 2971 1331 3014 laboris]
1363 2971 1420 3005 Cf.
1455 2983 1483 3003 c.
1515 2973 1567 3003 16.
1600 2973 1620 3013 §
