1830 3126
136 149 163 191 8
291 149 481 202 Superest
508 151 553 186 ut
580 145 676 200 quid
707 146 757 187 sit
789 149 1017 204 relzjqiosum
1046 165 1137 192 eum
1167 151 1332 206 Virgilio
1367 156 1721 198 communicemus.

177 205 339 248 Servius
381 202 581 257 Sulpicius
625 203 851 258 reliyionem
895 221 972 247 esse
1018 207 1160 248 dietam
1211 209 1375 251 tradidit
1422 227 1521 267 quae
1554 222 1722 268 propter

174 263 411 304 sanctitatem
440 259 614 314 aliquam
647 268 796 301 remota
829 276 875 302 ae
906 264 1073 317 seposita
1100 279 1125 304 a
1151 264 1262 305 nobis
1293 266 1362 314 sit,
1408 269 1524 323 quasi
1549 284 1573 309 α
1601 270 1721 310 relm-

136 317 325 374 9quendo
353 317 456 357 dieta
486 323 529 356 ut
553 332 577 357 a
607 317 775 358 carendo
807 319 1030 359 cerimonia.
1089 320 1177 360 Hoc
1208 320 1397 374 Virgilius
1427 337 1586 365 servans
1617 325 1694 366 ait:

344 374 415 413 Est
436 373 573 426 inqens
598 373 767 426 yele'dum
798 374 908 415 lucus
931 389 1060 430 prope
1091 376 1256 417 Caeretis
1285 392 1436 419 amnem

344 429 547 483 Reliqione
571 437 731 483 patrum
759 430 832 470 late
859 446 980 479 sacer,

176 492 216 527 et
243 485 408 535 adiecit,
443 498 523 539 quo
552 485 836 539 proprietatem
863 487 1066 541 religionis
1099 488 1357 541 exprimeret:

1009 545 1183 599 mzdique
1214 546 1324 586 eolles

347 597 546 638 Inelusere
575 598 679 645 cavi,
708 605 742 638 et
766 600 886 652 niqra
915 614 1050 641 nemus
1080 602 1199 641 abiete
1227 603 1357 656 einssit,

177 668 280 709 quae
315 667 377 694 res
418 653 560 706 utique
592 653 761 694 faciebat
800 654 934 695 lucum
976 670 997 696 a
1032 656 1168 710 populi
1200 657 1484 699 communione
1513 664 1724 700 secretum.

175 711 230 752 Et
266 715 311 751 ut
348 709 530 750 relietum
573 709 705 749 loeum
745 711 974 752 ostenderet
1017 726 1098 753 non
1142 713 1225 753 sola
1266 714 1438 755 adeundi
1480 715 1725 766 difficultate,

176 767 322 807 adiecit
352 772 392 805 et
425 765 696 805 sanctitatem:

346 822 509 862 Silvano
532 823 641 875 fama
673 829 724 862 est
759 829 901 863 veteres
930 837 1104 864 sacrasse
1126 823 1308 879 Pelasqos

346 879 544 931 Aqrorum
569 879 801 932 pecorisque
831 879 912 919 (leo.

114 932 165 974 10
181 933 413 976 Secundum
446 933 684 987 Pompeium
716 934 877 974 Festum
906 935 1083 990 reliqz‘osi
1106 943 1196 976 sunt
1219 936 1289 991 qui
1303 936 1487 991 facienda
1514 944 1546 977 et
1566 937 1728 979 vitanda,

180 993 416 1032 discernunt.
472 990 576 1030 Iline
604 991 720 1030 Maro
751 990 825 1030 ait:

349 1070 400 1075 —
430 1046 553 1086 Rz'ros
582 1046 768 1087 deducere
795 1045 906 1087 nulla

347 1102 502 1156 Reliqio
530 1103 658 1143 ‘vetuit

180 1158 303 1209 Quod
333 1163 465 1198 autem
502 1158 557 1198 ait
588 1158 795 1206 deducere,
839 1156 935 1197 nihil
973 1157 1079 1199 aliud
1115 1163 1174 1199 est
1208 1172 1326 1212 quam
1361 1158 1576 1212 detergere.
1623 1160 1726 1202 Nam

180 1215 289 1255 sestis
320 1214 460 1255 diebus
489 1214 593 1255 rivos
620 1219 771 1255 veteres
801 1213 1026 1254 sordidatos
1055 1214 1259 1268 detergere
1288 1215 1399 1263 licet⁹
1437 1229 1562 1257 novos
1590 1216 1726 1257 fodere

115 1274 160 1313 ll
180 1285 260 1312 non
292 1270 394 1312 lieet.
454 1271 501 1310 In
533 1276 766 1312 transcursu
793 1274 832 1311 et
861 1269 937 1310 boe
969 1270 1190 1312 notandum
1218 1276 1277 1311 est
1305 1271 1413 1325 quod
1442 1277 1481 1312 et
1508 1272 1591 1327 ipse
1619 1272 1727 1314 velut

110 1060 176 1104 [¹0]

267 1404 374 1446 [uss.
403 1403 572 1437 ABG-rs,

179 1461 291 1493 Zeun.
430 1462 463 1490 8.
504 1459 630 1490 dictam
664 1469 735 1490 esse
766 1459 915 1491 tradidit
946 1458 987 1491 B.
1047 1459 1195 1491 tradidit
1229 1469 1299 1490 csse
1325 1459 1451 1491 dictam
1480 1460 1522 1491 G.
1559 1476 1599 1483 —
1638 1472 1728 1503 quae

179 1516 249 1537 om.
275 1504 319 1536 G.
351 1521 392 1527 -—
418 1504 622 1535 ceremonia
652 1503 783 1535 clu—M).
920 1506 950 1535 9.
993 1503 1065 1545 Est]
1086 1503 1172 1534 Aen.
1197 1503 1291 1539 ΠΗ,
1317 1506 1393 1535 597.
1416 1522 1459 1526 -
1485 1505 1619 1536 ceretis
1646 1505 1725 1542 (AB

178 1561 199 1583 a
222 1560 295 1581 sec.
318 1549 385 1589 m.)
410 1548 480 1579 GS.
531 1548 678 1580 ceteris
704 1547 782 1586 (AB
804 1558 821 1579 a
850 1560 881 1590 p.
909 1552 988 1585 ni.)-
1042 1548 1177 1580 ceritis
1202 1547 1274 1578 via.
1306 1564 1345 1570 —
1379 1549 1542 1590 undique]
1571 1548 1619 1580 ib.
1642 1552 1724 1581 598.

188 1613 217 1617 —
246 1605 267 1625 a
292 1593 528 1625 communione
552 1593 675 1634 populi
700 1592 806 1634 Sv-g.
854 1604 874 1623 a
902 1592 1023 1635 populi
1053 1592 1392 1624 communicatione
1416 1603 1445 1623 z.
1483 1611 1527 1616 —
1567 1593 1725 1636 Silvano]

178 1638 226 1671 ib.
248 1641 326 1670 600.
351 1638 601 1679 —pecorique
625 1637 651 1668 A
675 1646 695 1668 a
723 1649 755 1679 p.
781 1648 846 1676 ιιι.;
872 1636 965 1668 ssSv.
997 1654 1027 1659 —
1057 1637 1264 1669 sordidatos
1292 1638 1390 1678 (sup.
1414 1638 1450 1678 o)
1476 1636 1514 1669 A.
1537 1655 1577 1660 —
1605 1638 1727 1680 Rivos]

175 1763 286 1791 vatem
304 1763 333 1790 et
352 1758 413 1790 deo
425 1758 565 1800 plenam
580 1762 610 1789 et
625 1758 834 1790 sacerdotem
851 1767 920 1788 non

177 1803 368 1835 ferendum
390 1809 444 1834 est
466 1802 600 1843 triplex
623 1807 671 1834 et:
699 1813 812 1844 qnare
828 1802 921 1833 Zeu-

177 1847 260 1879 nius
298 1847 442 1879 censuit
479 1847 671 1878 delendum
710 1858 792 1878 esse
828 1847 920 1878 hunc

178 1892 400 1934 particulam
428 1896 509 1933 post
528 1897 653 1923 vatem.
689 1890 759 1922 Sed
785 1902 841 1922 nie
865 1892 921 1923 of-

178 1937 295 1968 fendit
312 1936 423 1968 etium
444 1936 593 1966 verbum
611 1936 749 1967 videbat
766 1940 845 1977 post
860 1947 920 1967 vo-

176 1987 243 2019 cat,
261 1980 479 2023 praesertim
505 1984 667 2022 ternpore
688 1980 917 2021 imperfecto.

222 2029 255 2057 8.
304 2037 378 2057 cum
423 2025 574 2066 Virgilio
614 2023 914 2064 communicemus]

177 2070 200 2101 ἱ.
240 2081 270 2101 e.
310 2080 329 2100 e
368 2068 518 2110 virgilii
564 2067 767 2107 sententia,
811 2068 916 2108 quusi

178 2112 420 2145 communiter
447 2123 526 2143 cuin
554 2112 728 2152 Virgilio,
749 2111 916 2142 conside-

178 2168 312 2190 remus.
357 2156 410 2188 Cf.
439 2167 468 2186 c.
498 2159 549 2193 10,
576 2156 591 2196 §
616 2159 649 2186 5.

227 2202 369 2233 Servius
411 2200 601 2241 Sulpicius]
642 2198 816 2239 „Gellius
854 2198 918 2230 lib.

178 2246 246 2285 lv,
281 2257 310 2276 c.
336 2248 367 2276 9.
399 2244 429 2285 [§
461 2244 522 2285 8.].
572 2243 776 2275 Musurium
810 2243 921 2275 Subi—

179 2301 264 2323 num
289 2290 401 2320 huius
424 2287 629 2319 sententiae
650 2288 776 2319 laudat
794 2293 922 2319 aneto-

178 2346 267 2367 rem.
309 2332 526 2365 Necessario
555 2332 590 2364 in
614 2333 794 2364 alterutro
819 2343 920 2363 nien-

180 2380 303 2411 ‹lum.“
328 2378 472 2409 Manus.

224 2423 427 2465 religionem.
460 2432 531 2453 esse
562 2421 690 2453 dictam

178 2467 315 2499 Melius
347 2465 492 2497 Gellius
527 2465 549 2497 l.
582 2477 631 2497 c.2

179 2517 241 2553 cst,
268 2511 390 2553 quod.

224 2556 326 2598 quasi
350 2566 371 2586 a
398 2553 623 2595 relinquendo
649 2551 756 2594 dicta]
785 2552 837 2593 „A
863 2563 918 2584 re-

180 2600 328 2643 legendo
372 2599 515 2630 videtur
562 2597 744 2629 deducere
792 2607 919 2628 versus

178 2644 240 2676 hic
267 2648 372 2675 vetus
397 2643 468 2684 [ap.
487 2642 583 2673 Gell.
608 2641 630 2672 l.
657 2652 685 2672 c.
712 2643 731 2681 §
753 2641 816 2682 l.]:
843 2642 916 2672 Re-

179 2689 393 2730 legentem
430 2697 502 2718 esse
528 2690 675 2728 oportet,
713 2685 920 2728 religiosum

178 2734 317 2772 nefas.“
340 2732 454 2763 Pow.
493 2749 532 2753 —
569 2730 630 2761 Sic
655 2729 784 2760 Cicero
810 2728 851 2760 N.
878 2729 919 2760 D.

179 2776 235 2815 ll,
264 2778 309 2807 23
331 2780 420 2807 extr.
475 2774 501 2805 A
537 2774 718 2816 religendo
753 2773 921 2804 derivant

180 2820 283 2851 Serv.
326 2820 370 2852 ad
418 2818 518 2860 Virg.
564 2818 648 2849 Aen.
692 2817 796 2857 vllh
840 2819 918 2848 349.

180 2863 346 2895 Lactant.
372 2863 430 2900 IV,
453 2865 507 2894 28.
538 2861 731 2905 Augustini.
754 2862 918 2893 Reti-act.

181 2907 218 2947 Ι,
248 2909 300 2938 13.
344 2908 530 2949 Hartung.
556 2906 591 2946 Ι,
622 2917 658 2948 p.
686 2907 784 2945 1404
826 2905 918 2937 Doe-

816 2419 918 2462 quae]

679 2465 820 2508 Religio
831 2476 877 2496 su
888 2475 918 2496 m

991 1755 1155 1788 ‹lei-linus
1178 1756 1324 1788 Handb.
1349 1756 1382 1788 d.
1404 1756 1524 1799 Etym.
1548 1769 1580 1800 p.
1608 1759 1681 1789 155.
1707 1767 1729 1790 a

990 1813 1025 1834 re
1053 1806 1087 1832 et
1113 1796 1258 1842 ἀλέγειν.

1035 1850 1072 1878 ut
1094 1857 1115 1877 a
1140 1846 1288 1877 carendo
1313 1845 1512 1887 cerimonia]
1540 1847 1727 1885 „Ceremo-

988 1890 1069 1921 niae
1093 1900 1216 1922 vocem
1239 1890 1282 1921 ab
1307 1890 1440 1931 oppido
1470 1892 1549 1922 Cere
1574 1889 1728 1922 fluxisse

989 1934 1136 1965 videtur
1168 1934 1318 1965 innuere
1350 1934 1517 1966 Valerius
1544 1934 1728 1966 Maxim-m

990 1979 1053 2010 lib.
1079 1980 1110 2017 Ι,
1137 1990 1165 2008 c.
1198 1981 1234 2017 1,
1261 1981 1280 2018 ,ὃ
1312 1981 1359 2009 10.
1409 1978 1480 2020 Qui
1509 1978 1724 2009 videndus.“

987 2023 1101 2054 l'on'r.
1131 2039 1163 2045 —
1195 2022 1297 2053 conf.
1323 2022 1420 2053 Fest.
1447 2032 1504 2062 ap.
1529 2022 1635 2053 Paul.
1663 2022 1724 2053 lib.

986 2066 1053 2105 111,
1082 2077 1113 2106 p.
1139 2066 1193 2096 44.
1223 2066 1348 2097 Muell.
1397 2065 1572 2097 Niebuhr.
1599 2066 1727 2098 Roem.

987 2110 1121 2141 Gescli.
1147 2109 1175 2147 1,
1201 2121 1233 2151 p.
1261 2112 1337 2141 428.
1380 2109 1617 2152 Etymologia
1641 2121 1728 2142 sua-

987 2154 1049 2185 det
1070 2158 1108 2184 nt
1131 2153 1317 2184 scribatur
1341 2155 1575 2192 caerImonia‚
1600 2155 1661 2186 sed
1690 2154 1725 2186 in

989 2197 1158 2229 omnihus
1186 2197 1278 2229 meis
1312 2198 1502 2229 codicibus
1537 2203 1592 2230 est
1625 2199 1725 2231 ceri-

991 2243 1118 2274 monia.

1036 2289 1089 2318 10.
1155 2286 1349 2317 Secundum
1408 2286 1605 2327 Pompeium
1659 2286 1726 2318 Fe-

988 2330 1091 2372 stum]
1125 2329 1179 2362 Cf.
1213 2330 1276 2361 lib.
1305 2331 1403 2369 vul,
1436 2341 1466 2371 p.
1494 2332 1572 2361 289.
1607 2330 1727 2362 Reti-

988 2375 1107 2418 giesi
1160 2375 1323 2406 dicuntur
1372 2375 1430 2417 qui
1480 2375 1726 2413 faciendarum

984 2420 1441 2462 praetermittendarumque
1482 2429 1594 2449 rerum
1634 2419 1727 2450 ‹tivi-

987 2474 1111 2495 narum
1135 2464 1319 2495 secundum
1344 2473 1468 2494 morem
1493 2462 1645 2494 civitatis
1669 2462 1726 2492 ‹li-

988 2509 1112 2540 lectum
1159 2507 1295 2538 habent.
1364 2507 1500 2537 Eadem
1551 2506 1727 2546 leguntur

988 2552 1084 2593 apud
1112 2551 1212 2583 Serv.
1249 2552 1292 2583 ad
1323 2549 1474 2591 Virgilii
1509 2549 1628 2580 locum
1663 2548 1726 2590 qui

988 2595 1165 2637 sequitur,
1192 2594 1301 2626 Festo
1328 2605 1395 2625 non
1423 2593 1621 2624 nominato.

1033 2640 1121 2671 nihil
1164 2639 1262 2670 aliud
1303 2643 1351 2670 est
1389 2648 1488 2679 quam
1534 2636 1725 2679 detergere]

990 2683 1140 2716 Servius
1167 2682 1210 2714 ad
1244 2682 1378 2722 Georg.
1410 2681 1445 2721 1,
1471 2683 1547 2711 269.
1592 2681 1726 2712 Rivos

990 2728 1206 2759 deducere
1242 2726 1279 2757 id
1319 2730 1367 2757 est
1399 2726 1579 2756 siccare.
1633 2724 1725 2756 Nam

988 2772 1141 2813 irrigare
1177 2770 1379 2801 inducere
1418 2773 1488 2809 est,
1520 2768 1582 2800 sed
1616 2768 1661 2800 ad
1690 2779 1725 2800 v.

988 2817 1063 2845 272.
1103 2813 1220 2857 idem}⁵
1257 2814 1356 2856 Ergo
1380 2813 1453 2852 hic,
1490 2818 1526 2844 ut
1550 2812 1726 2854 aliquibus

988 2859 1137 2897 videtur,
1165 2858 1214 2906 dt(
1235 2858 1374 2898 [icere
1395 2867 1554 2900 purgare
1574 2861 1635 2888 est.

1029 2902 1132 2942 festis
1155 2901 1229 2946 diu&
1257 2912 1273 2937 3
1384 2912 1452 2934 non
1485 2899 1577 2942 licet]
1610 2899 1667 2933 Cf.
1697 2900 1725 2940 1,
