1844 3168
354 45 826 88 SATURNALIORUM
870 46 967 87 LlB.
1003 47 1030 87 l.
1073 47 1193 88 CAI‘.
1225 48 1334 88 XVI.

1546 52 1615 92 1:31

86 155 380 211 epulationibus
413 156 639 198 celebratur
675 157 732 198 vel
770 171 859 198 cuin
897 158 975 198 ludi
1020 158 1057 198 iu
1096 158 1287 199 bonorem
1328 165 1502 211 aguntur
1529 161 1622 202 ‹leo-

85 225 171 252 rurn
198 212 254 253 vel
281 226 370 252 euni
402 211 520 253 seriae
551 214 823 254 observantur.

82 281 177 309 nera
209 273 302 308 sunt
338 274 540 321 quattuor.

85 323 340 377 imperativae
368 331 438 365 aut
466 325 677 365 nundinae.

881 214 1084 254 l³eriaru1n
1114 222 1245 255 autern
1279 216 1525 269 publicarum
1556 219 1661 271 ge-J‘)

603 273 685 309 Aut
714 270 818 310 enirn
852 271 1016 310 statixae
1047 277 1140 310 sunt
1172 277 1239 310 aut
1271 272 1525 325 vom-optimo
1555 280 1624 313 aut

739 326 790 366 lit.
820 333 914 366 sunt
943 326 1108 366 stativae
1142 327 1312 367 unixcrsi
1346 329 1479 381 populi
1514 332 1661 369 eoin-ti

83 393 224 419 munes
261 380 378 420 certis
418 386 457 421 et
487 381 712 421 constitutis
753 382 892 422 diebus
923 396 967 420 ac
1000 382 1201 421 mensibus
1234 388 1271 422 et
1304 383 1341 422 in
1373 384 1479 423 fastis
1511 386 1622 425 statis

83 435 429 477 observationibus
468 444 699 485 annotatae,
739 438 776 477 in
807 437 953 490 quibus
984 438 1196 490 praecipue
1226 445 1432 478 servantur
1465 444 1621 489 Agona-

83 490 133 531 lia
171 492 435 533 Carinentalia
476 493 726 546 Lupercalia:

787 492 1041 545 conceptixae
1081 498 1174 533 sunt.
1211 506 1313 546 quae
1351 497 1563 547 quotannis
1602 513 1621 535 a

83 547 381 600 magistratibus
419 549 475 588 iel
514 549 786 589 sacerdotibus
817 548 1098 602 concipiuntur
1131 548 1170 588 in
1203 549 1286 589 dies
1320 551 1375 589 iel
1407 557 1534 591 certos
1565 553 1621 592 iel

82 602 200 644 ctiam
232 603 418 652 incertos,
451 610 495 645 ut
524 610 618 645 sunt
645 604 810 645 Latinae
840 604 1092 645 Sernentivac
1123 604 1335 657 l'aganalia
1366 606 1621 661 Compitalia:

79 784 161 816 diis
189 784 227 816 A.
273 795 348 816 cum
372 785 443 816 dis
461 784 497 817 S.

1133 731 1223 763 Edd.
1250 732 1532 776 vicahgspdzb]

636 789 668 817 6.
710 787 839 828 insas
865 787 965 819 statis
989 787 1027 818 Ρ.
1061 805 1103 809 -
1139 787 1376 819 observantur
1399 789 1469 820 Gs.
1498 808 1541 812 —
1572 790 1624 821 vel

79 839 101 860 a
126 828 360 861 sacerdotibus
386 829 414 860 Β
439 840 458 861 a
485 840 556 861 sec.
584 841 631 862 in.
655 831 760 862 s-bP.
787 850 829 855 —
855 832 889 863 in
915 832 987 862 dies
1013 837 1122 863 certos
1146 835 1236 868 (om.
1262 833 1334 869 vel)
1359 833 1463 864 s-bl'.
1494 852 1537 857 —
1570 836 1623 865 vel

78 873 225 906 incertos
249 874 351 906 etiam
381 873 423 905 G.
453 892 495 897 —
530 876 770 908 sementinae.-
806 877 1010 919 Paganulia
1036 875 1083 907 vi.

125 1007 201 1028 cum
224 996 296 1028 dies
322 996 450 1028 (livinis
477 998 731 1039 epulationibus
761 1011 814 1031 cc-

81 1041 246 1082 lebratur]
274 1040 329 1071 Cf.
354 1040 486 1072 Arnob.
515 1042 593 1081 vll,
618 1045 672 1074 32.
704 1045 745 1075 Io
758 1045 817 1076 vis

81 1085 248 1126 epulum
275 1096 350 1116 cras
377 1091 443 1123 cst,
488 1097 515 1117 e.
545 1091 606 1118 not
648 1087 815 1120 lIildcbr.

80 1128 180 1160 Irlein
207 1129 354 1170 epulum
381 1136 688 1162 comme-noratur
708 1143 729 1164 a
757 1132 816 1164 Li-

80 1172 140 1205 vio
180 1173 293 1213 XXV,
325 1175 366 1211 2,
406 1177 464 1211 1();
517 1175 653 1214 XXXI,
693 1179 733 1215 4,
772 1180 815 1216 73

80 1216 249 1255 xxxin,
276 1219 332 1256 42,
358 1220 408 1248 lt.
447 1218 565 1250 Valet.
594 1220 677 1251 Max
713 1220 760 1261 11,
785 1224 815 1262 l,

78 1263 110 1292 2.
161 1261 236 1292 vid.
262 1262 445 1304 Hartung.
472 1263 499 1294 l.
522 1275 555 1304 p.
584 1266 658 1295 164.

117 1315 248 1356 feriae]
285 1315 341 1347 Cf.
368 1315 501 1349 Festus
532 1328 590 1359 ap.
615 1319 718 1351 Paul.
748 1319 813 1351 lib.

82 1359 139 1398 VI,
161 1371 194 1401 p.
216 1362 270 1391 85.
293 1361 422 1393 Muell.
452 1362 579 1394 Feria
605 1375 626 1395 a
646 1364 818 1404 feriendis

84 1404 232 1436 victimis
259 1410 400 1446 vocata,
438 1410 474 1437 et
503 1418 534 1448 p.
565 1408 620 1439 86.
660 1409 818 1440 Feriae

79 1448 174 1480 aliae
198 1454 296 1481 erant
322 1450 395 1481 sine
419 1450 474 1481 die
492 1453 599 1491 sesto,
626 1457 661 1484 ut
686 1454 816 1485 nundi-

77 1503 158 1532 nae,
182 1494 277 1525 aliae
301 1505 374 1525 cum
396 1496 501 1534 sesto,
528 1501 565 1527 ut
595 1497 816 1538 Saturnalia,

79 1537 202 1579 quibus
225 1538 511 1580 adiungebantur
534 1541 750 1582 epulationes
776 1553 815 1574 cx

75 1587 243 1624 proventu
269 1584 363 1621 fetus
384 1594 545 1625 pecorum
563 1586 794 1628 frugumque.

124 1638 157 1667 6.
194 1637 241 1668 Et
263 1641 343 1668 sunt
365 1639 515 1669 stativae
537 1638 619 1681 θοι]
646 1639 701 1671 Cf.
717 1640 815 1672 Fest.

80 1680 176 1721 apud
194 1680 298 1711 Paul.
318 1680 379 1711 lib.
401 1681 511 1720 xvtt,
537 1694 568 1723 p.
587 1685 664 1715 315.
690 1686 816 1717 Scala

80 1724 284 1756 dicebantur
307 1725 480 1766 sacrificia
505 1738 592 1767 quae
615 1729 716 1760 certis
741 1730 815 1760 ‹lie-

80 1768 302 1810 busfiebant,
322 1773 357 1800 et
377 1769 481 1801 Ovid.
502 1770 600 1802 Fast.
622 1772 667 1812 Il,
684 1774 750 1803 525
763 1784 816 1815 sq.

86 1813 190 1844 Curio
215 1813 383 1855 legitimis
403 1825 493 1845 nunc
512 1815 720 1848 Fornacalia
739 1829 816 1849 ver-

79 1856 131 1888 bis
155 1857 330 1888 Maximus
355 1858 490 1897 indicit,
519 1870 579 1891 nec
604 1865 726 1893 stata
752 1873 815 1893 sa-

79 1911 151 1932 cra
177 1902 283 1941 facit.
331 1901 442 1933 Varro
467 1901 505 1934 L.
536 1902 574 1934 L.
606 1904 670 1946 Vl,
694 1908 735 1946 3,
761 1908 815 1938 25.

79 1950 276 1978 statutos
302 1946 375 1977 dies
401 1946 504 1978 dixit.

126 1999 321 2043 Agonalia]
338 2000 405 2038 „In
427 2000 694 2035 honoremlani
714 2008 819 2045 quot-

79 2044 185 2076 annis
223 2049 308 2075 sunt
345 2045 544 2077 celebrata.
601 2047 676 2079 tid.
711 2048 816 2080 Ovid.

79 2087 178 2120 Fast.
207 2087 239 2125 I,
264 2089 368 2120 317f‘
402 2089 512 2121 ΖΕΑ-Ν.
543 2108 588 2115 —·
623 2091 679 2123 Cf.
714 2093 815 2125 Van-r.

78 2131 120 2163 L.
148 2131 188 2164 L.
219 2132 283 2173 VI,
306 2135 343 2171 3,
375 2135 426 2164 12.
470 2136 716 2177 Agonales,
755 2148 817 2179 per

78 2187 163 2218 quos
192 2187 250 2208 rex
282 2177 317 2208 in
345 2179 447 2221 regia
481 2179 621 2211 arietem
650 2181 816 2222 immolat,

79 2221 164 2253 dicti
186 2222 228 2252 ab
253 2232 410 2264 agone,
435 2234 471 2254 eo
498 2224 588 2264 quod
613 2225 814 2268 interroga-

78 2269 135 2297 tur
164 2275 186 2296 a
217 2266 373 2307 principe
407 2267 561 2299 civitatis
594 2274 626 2301 et
655 2270 816 2312 princeps

76 2309 202 2351 gregis
225 2310 434 2341 immolatur.
475 2309 818 2346 commemorantur

79 2362 109 2384 c.
135 2354 167 2383 4.
193 2353 212 2391 ς
236 2355 268 2384 9.
300 2353 363 2384 ubi
388 2353 463 2385 vid.
493 2359 566 2386 not.

129 2406 378 2449 Carmentalia]
438 2407 658 2446 ..Sacrificia
707 2411 815 2444 tertio

78 2450 165 2482 Idus
209 2449 284 2481 Ian.
330 2451 518 2484 celebrata
560 2453 594 2484 in
639 2455 813 2488 honorem

78 2493 239 2526 Evandri
263 2495 412 2535 matris.
447 2507 575 2537 quarn,
612 2498 663 2530 uti
689 2505 816 2532 auctor

78 2542 135 2570 est
156 2538 308 2581 Dionys.
330 2540 415 2571 Hal.
440 2540 480 2571 Λ.
508 2541 549 2572 R.
579 2541 609 2582 1,
636 2545 712 2581 31..
747 2543 816 2576 La-

80 2582 146 2614 tini
174 2587 305 2615 vocant
336 2585 568 2624 Carmentam,
594 2587 657 2618 sed
682 2587 817 2620 Graeci

79 2626 253 2659 Themin.
303 2627 358 2660 Cf.
386 2628 494 2661 ovid.
522 2629 619 2662 Fast.
648 2631 681 2671 I,
712 2634 814 2664 461f⁵

80 2671 192 2704 Zeus.
215 2690 258 2696 —-
283 2672 339 2704 Cf.
367 2673 478 2705 Varro
502 2674 524 2705 1.
553 2685 582 2706 c.
615 2676 813 2708 Carmen-

79 2716 193 2747 talia
223 2717 466 2756 nominantur,
498 2719 589 2760 quod
615 2730 717 2752 sacra
742 2726 815 2753 tum

79 2764 111 2792 et
145 2761 262 2801 feriae
304 2762 516 2803 Carmentis,
557 2763 600 2794 de
637 2774 707 2804 qua
741 2765 814 2796 vid.

79 2807 151 2835 not.
174 2805 218 2836 ad
243 2815 273 2836 c.
295 2807 327 2836 5.
352 2807 372 2845 ἕ
396 2808 424 2838 l.
455 2806 705 2840 Carmentalia
727 2818 816 2852 age-

79 2847 211 2880 bantur
242 2848 329 2881 bina
358 2860 389 2881 a.
423 2851 456 2882 d.
488 2851 551 2883 Ill.
586 2851 639 2883 Id.
673 2853 747 2885 Ian.
780 2858 816 2886 et

80 2889 208 2924 xvul.
237 2892 321 2926 Kal.
354 2893 462 2927 Febr.
510 2894 566 2927 Cf.
600 2895 705 2930 Ovid.
734 2898 757 2929 I.
782 2910 813 2930 c.

1137 876 1357 919 Paganalia:
1393 879 1624 910 Sementinae

887 1003 921 1031 et
955 1002 1018 1030 617
1048 1010 1124 1041 sqq.
1173 999 1356 1042 llartung.
1395 1001 1445 1043 ΙΙ,
1484 1012 1516 1043 p.
1548 1004 1620 1033 199.

885 1043 1101 1076 Schwcnck.
1131 1055 1162 1085 p.
1194 1046 1254 1075 164
1276 1055 1327 1085 sq.

935 1088 1155 1130 Lupercalia]
1192 1087 1409 1126 „sacrificia
1437 1088 1471 1119 in
1508 1089 1621 1120 liono-

886 1142 961 1162 reni
988 1132 1114 1174 Panis,
1141 1132 1199 1173 qui
1225 1134 1319 1174 apud
1345 1133 1505 1165 Arcadas
1529 1134 1623 1165 nnti-

885 1176 1086 1217 quissimus
1130 1176 1278 1208 habitus
1321 1182 1376 1209 est
1418 1178 1529 1216 (leus,
1577 1179 1622 1209 ab

884 1220 1053 1252 Evandro
1074 1222 1214 1252 Arcade
1240 1221 1411 1253 instituta
1439 1228 1473 1254 et
1499 1234 1623 1254 mense

883 1264 990 1296 Febr.
1014 1271 1093 1307 post
1121 1265 1321 1297 solstitium
1350 1266 1543 1298 hibernum
1565 1278 1624 1298 ce-

883 1309 1037 1341 lebrata.
1087 1309 1238 1352 Dionys.
1266 1310 1350 1342 nat.
1380 1312 1458 1343 Ant.
1486 1311 1513 1350 1,
1541 1313 1624 1342 32⁶·

884 1353 996 1385 Ζευς.
1033 1372 1074 1376 —-
1111 1354 1167 1385 Cf.
1203 1355 1314 1386 Varro
1342 1355 1364 1386 l.
1394 1367 1411 1386 e
1453 1359 1504 1386 13.
1547 1356 1623 1387 Lu-

882 1398 1085 1440 percalia
1111 1400 1223 1437 dicta,
1257 1400 1347 1441 quod
1373 1401 1407 1431 in
1438 1400 1624 1441 Lupercali

885 1443 1016 1483 luperci
1041 1454 1141 1474 saera
1167 1444 1328 1483 faciunt,
1372 1444 1391 1475 i.
1423 1455 1452 1475 e.
1488 1444 1522 1476 in
1552 1444 1623 1476 Lu-

885 1486 984 1528 perci
1022 1487 1080 1518 vet
1111 1487 1222 1519 Panis
1253 1487 1390 1530 Lycaei
1422 1489 1505 1520 fano
1544 1489 1623 1520 eius

884 1531 1106 1563 sacerdotes.
1163 1532 1376 1572 Agebantur
1409 1543 1440 1565 a.
1481 1534 1513 1565 d.
1550 1533 1622 1564 XV.

884 1574 966 1606 liat.
1003 1576 1112 1607 Mart.
1182 1576 1236 1608 Cf.
1280 1576 1384 1609 Ovitl.
1433 1577 1531 1609 Fast.
1574 1578 1621 1618 II,

881 1621 948 1651 265
973 1630 1048 1661 sqq.
1077 1620 1226 1662 Dionys.
1252 1620 1275 1652 l.
1299 1633 1329 1652 c.
1365 1622 1547 1665 Ilartung.
1573 1622 1620 1662 ll.

885 1675 918 1705 p.
942 1667 1018 1694 178.
1050 1663 1267 1696 Schwenck.
1293 1677 1325 1707 p.
1351 1668 1414 1697 140
1435 1678 1510 1708 sqq.

935 1708 1162 1750 Conceptivae
1193 1714 1272 1741 sunt
1307 1710 1389 1752 cen]
1431 1710 1623 1743 Consentit

884 1750 1037 1791 Festus,
1072 1752 1143 1784 nisi
1172 1754 1264 1794 quod
1293 1753 1327 1785 in
1356 1755 1516 1787 incertos
1545 1760 1624 1787 tan-

886 1799 960 1827 tun·
994 1796 1073 1827 dies
1106 1797 1173 1828 has
1209 1797 1321 1830 ferias
1348 1799 1439 1830 dicit
1465 1799 1622 1840 concipi,

884 1850 940 1880 ap.
979 1840 1082 1872 Paul.
1121 1841 1186 1872 lib.
1225 1842 1295 1881 111,
1336 1855 1369 1885 p.
1401 1846 1455 1874 62.
1494 1844 1623 1875 Muell.

891 1885 1183 1926 Conceptiuae
1203 1888 1355 1926 feriae
1381 1899 1421 1919 ca
1440 1890 1538 1928 festa
1566 1889 1622 1920 di—

884 1929 1060 1966 cebantur,
1087 1940 1175 1971 quae
1200 1931 1338 1963 incertis
1364 1932 1483 1963 diebus
1508 1933 1622 1964 obser-

885 1974 1059 2004 vabantur
1094 1976 1297 2015 quotannis,
1338 1981 1376 2008 ut
1406 1977 1624 2008 Sementinae

891 2017 1172 2059 Compitaliciae,
1219 2019 1329 2051 Varro
1367 2019 1406 2051 L.
1434 2020 1470 2051 L.
1500 2021 1563 2059 Vl,
1589 2024 1621 2052 3.

886 2063 929 2092 25
955 2072 1007 2102 sq.
1041 2072 1109 2092 non
1136 2063 1237 2094 item.
1286 2063 1376 2095 Nau!
1411 2064 1442 2095 is
1469 2076 1623 2107 concep-

887 2105 982 2137 tivas
1017 2105 1130 2138 ferias
1169 2118 1238 2138 non
1278 2118 1339 2139 eas
1378 2110 1476 2141 solas
1518 2116 1624 2142 vocat

885 2160 978 2190 quae
1001 2150 1195 2191 quotannis
1222 2152 1498 2195 concipiantur,
1534 2165 1625 2195 quas

885 2194 975 2226 dicit
1008 2196 1173 2233 annales,
1206 2197 1267 2228 sed
1301 2197 1411 2229 etiam
1441 2199 1623 2238 imperati-

886 2250 958 2270 vas.
995 2238 1105 2270 Addit
1131 2240 1245 2271 enim:
1271 2242 1455 2274 Praeterea
1474 2244 1624 2283 seriae

885 2284 1166 2325 conceptione
1190 2296 1295 2327 quae
1320 2297 1397 2318 non
1422 2292 1524 2319 sunt
1545 2298 1623 2319 an-

884 2327 1026 2366 nales,
1067 2333 1104 2360 ut
1139 2329 1205 2361 hae
1236 2341 1323 2371 quae
1355 2331 1517 2363 (licuntur
1550 2332 1624 2363 sine

881 2371 1023 2413 proprio
1045 2373 1222 2412 vocabulo,
1246 2379 1308 2406 aut
1332 2386 1404 2406 curn
1428 2376 1622 2417 perspicuo.

884 2420 921 2446 ut
950 2416 1198 2455 Nouendialis,
1226 2423 1315 2449 sunt.
1365 2418 1442 2450 Vid.
1466 2420 1623 2451 Merkel.

884 2459 927 2490 ad
951 2458 1056 2491 ovid.
1078 2460 1175 2492 Fast.
1202 2473 1232 2502 p.
1260 2472 1354 2494 cmv.

933 2503 1094 2546 Latinae]
1136 2506 1217 2543 „CK
1243 2506 1358 2537 Varro
1384 2507 1427 2537 de
1446 2506 1487 2538 L.
1516 2506 1553 2537 L.
1582 2507 1621 2546 V,

883 2548 914 2577 3.
947 2546 984 2587 [Ι.
1011 2548 1078 2589 c.]:
1124 2550 1293 2582 Similiter
1337 2551 1526 2582 Latinae
1553 2553 1621 2591 fe-

886 2590 976 2622 riae
1002 2592 1075 2623 dies
1097 2595 1315 2635 conc-optivus
1337 2595 1448 2626 dictus
1473 2606 1494 2626 α
1523 2595 1623 2628 Lati-

884 2635 938 2665 nis
957 2636 1108 2676 populis⁷
1138 2639 1261 2678 quibus
1285 2650 1324 2670 es
1349 2639 1484 2670 Albano
1510 2645 1622 2671 monte

883 2689 922 2710 er
949 2680 1057 2711 sacris
1081 2693 1217 2712 carnem
1241 2687 1355 2723 petere
1374 2684 1448 2721 suit
1471 2683 1524 2714 ius
1546 2694 1620 2715 curn

885 2723 1091 2755 Romanis.“
1129 2725 1239 2756 Zerx.
1280 2743 1322 2748 —
1364 2726 1441 2757 Yid.
1475 2732 1545 2758 not.
1576 2729 1619 2760 ad

882 2766 898 2806 ζ]
941 2769 1009 2803 17..
1066 2768 1249 2810 Hartung.
1298 2769 1351 2809 II,
1397 2782 1430 2812 p.
1472 2774 1513 2803 19
1554 2783 1620 2814 sq.,

883 2809 1101 2843 Scliwenck.
1130 2824 1165 2854 p.
1194 2816 1235 2844 16
1261 2825 1338 2854 sqq.

931 2856 1164 2897 Sementivae]
1189 2856 1270 2896 ..CR
1291 2858 1404 2889 Varro
1430 2859 1452 2890 l.
1474 2871 1525 2891 c.:
1553 2861 1621 2892 Se-

883 2900 1098 2933 mentivae
1123 2900 1263 2943 [naen.
1288 2903 1532 2946 sementinae]
1553 2907 1618 2946 fe-
