1845 3131
203 126 348 180 quibus
377 123 588 164 tenebatur
618 119 811 160 fortitudo
844 121 1131 172 membrorum,
1159 128 1199 163 et
1228 123 1319 164 inde
1346 124 1449 165 saltu
1480 124 1635 165 timoris
1664 124 1745 177 agi-

165 184 349 223 tltantur.
413 178 515 219 Hinc
557 181 596 217 et
635 176 902 218 laxamentum
943 178 1091 218 ventris
1134 179 1350 219 comitatur
1390 181 1598 229 timorem,
1651 180 1745 235 quia

204 236 371 278 musculi
409 233 556 287 quibus
589 232 877 273 claudebantur
915 232 1241 274 retrimentorum
1274 240 1427 277 meatus
1462 236 1651 290 fugientis
1687 236 1746 275 in-

204 299 377 334 trorsum
415 289 571 330 animae
608 288 753 328 virtute
790 288 933 329 deserti
969 289 1101 329 laxant
1136 289 1292 330 vincula
1331 291 1476 344 quibus
1515 292 1746 333 retrimenta

142 349 334 401 lOusque
377 345 424 386 ad
467 344 700 398 digestionis
742 344 1052 398 oportunitatem
1095 346 1415 387 continebantur.
1484 348 1644 389 Servius
1687 347 1747 388 his

204 403 320 444 dictis
350 400 628 442 venerabiliter
656 400 848 441 adsensus
880 400 1062 441 obticuit.

313 458 408 498 XII.
469 458 581 498 Tunc
621 456 818 497 Avienus:
864 457 971 507 Quia
1003 471 1065 498 me
1096 456 1216 505 ordo,
1254 456 1329 505 ait,
1363 456 1410 497 ad
1448 456 1746 498 similitudinem

206 513 512 556 consultationis
541 512 730 567 adplicat,
768 512 1020 553 reducendus
1051 512 1146 553 mihi
1184 520 1243 554 est
1276 513 1324 553 ad
1361 512 1584 553 convivium
1619 526 1748 553 sermo

142 570 303 627 12501qui
340 569 497 623 longius
535 582 553 608 a
590 582 724 609 mensa
757 568 834 609 iam
868 568 997 610 suerat
1034 574 1220 622 evagatus
1258 574 1297 609 et
1333 569 1380 609 ad
1415 568 1509 609 alias
1542 568 1754 609 transierat

168 626 473 682 Qquaestiones.
534 624 662 678 Saepe
693 624 873 678 adposita
901 625 1012 665 salita
1045 639 1174 674 carne,
1199 638 1319 679 quam
1347 625 1521 665 laridum
1551 637 1752 672 vocamuS‚

206 688 251 725 ut
287 682 431 736 opinor
474 679 587 734 quasi
629 680 736 733 large
769 681 946 729 aridum,
990 695 1182 734 quaerere
1218 694 1375 721 mecum
1418 681 1501 734 ipse
1548 680 1752 729 constitui,

208 752 287 793 qua
320 737 475 778 ratione
510 748 667 775 carnem
708 735 754 775 ad
793 735 1095 776 diuturnitatem
1138 750 1236 777 usus
1271 736 1462 777 admixtio
1491 736 1582 777 salis
1613 740 1752 777 servet.

208 796 296 835 Hoc
328 794 421 833 licet
445 791 656 831 aestimare
688 804 843 831 mecum
873 792 1035 845 possim,
1064 792 1168 832 malo
1194 797 1327 832 tamen
1353 793 1401 832 al)
1429 806 1476 833 eo
1512 792 1581 846 qui
1610 805 1751 846 corpo-

172 851 319 896 3ribus
352 853 464 888 curat
503 847 649 887 certior
680 847 776 887 lieri.
836 848 890 887 Et
920 847 1123 888 Disarius:
1172 847 1303 888 Omne
1336 862 1480 902 corpus
1512 854 1652 902 suapte
1684 861 1752 887 na-

208 912 296 947 tura
330 903 561 945 dissolubile
598 908 636 943 et
672 902 890 943 marcidmn
930 909 989 944 est
1024 909 1084 952 et,
1126 903 1199 943 nisi
1229 903 1402 957 quodam
1438 903 1595 944 vinculo
1627 902 1752 943 conti-

210 966 371 1009 neatur,
413 959 525 1000 facile
562 959 710 999 defluit.
770 959 1009 1000 Continetur
1047 966 1201 1008 autem,
1252 959 1443 1013 quamdiu
1478 958 1581 999 inest
1610 959 1753 1006 anima,

209 1015 523 1071 reciprocatione
558 1014 678 1063 aeris,
724 1029 801 1069 qua
843 1021 1076 1068 vegetantur
1107 1015 1389 1070 conceptacula
1433 1015 1613 1069 spiritus,
1658 1015 1752 1055 dum

173 1078 367 1127 4semper
391 1086 495 1112 noro
525 1071 700 1125 spirandi
729 1071 962 1111 nutriuntur
988 1071 1190 1112 alimento.
1249 1072 1337 1112 Hoc
1364 1077 1544 1111 cessante
1571 1083 1641 1125 per
1671 1070 1754 1110 ani-

211 1143 298 1170 mae
337 1128 556 1168 discessum
594 1127 773 1166 membra
811 1132 1083 1176 marcescunt,
1129 1132 1167 1167 ct
1200 1141 1318 1168 omne
1346 1127 1522 1181 pondere
1554 1140 1627 1167 suo
1660 1140 1753 1167 con-

212 1186 362 1225 {lictum
395 1196 541 1237 corpus
572 1183 787 1223 obteritur:
838 1188 920 1223 tum
958 1183 1118 1236 sanguis
1147 1183 1282 1232 etiam,
1326 1183 1416 1237 qui,
1462 1183 1652 1237 quamdiu
1682 1181 1755 1223 fuit

212 1254 375 1294 compos
403 1238 566 1287 caloris,
606 1238 726 1278 dabat
758 1239 945 1280 membris
977 1239 1173 1292 vigorem,
1203 1239 1333 1279 calore
1365 1238 1590 1279 discedente
1616 1251 1754 1279 versus

213 1297 252 1337 in
285 1296 434 1336 saniem
461 1308 538 1334 non
573 1300 705 1334 manet
733 1294 835 1335 intra
867 1309 1004 1343 venas,
1035 1295 1101 1335 sed
1132 1294 1235 1335 toras
1267 1295 1520 1349 exprimitur:
1552 1300 1672 1347 atque
1702 1293 1754 1334 ita

174 1351 351 1393 5laxatis
385 1350 637 1404 spiramentis
677 1350 802 1390 effluit
834 1351 944 1391 tabes
979 1350 1211 1391 faeculenta.
1271 1351 1315 1391 ld
1355 1350 1437 1390 lieri
1469 1351 1524 1390 sal
1555 1349 1755 1390 admixtus

211 1406 369 1461 corpori
402 1405 596 1460 prohibet.
655 1405 730 1446 Est
762 1406 865 1446 enim
903 1412 1044 1446 natura
1079 1406 1207 1447 siccus
1244 1411 1283 1446 et
1319 1405 1486 1454 calidus,
1532 1411 1572 1446 et
1602 1406 1754 1446 fluxum

212 1463 374 1518 quidem
420 1461 599 1515 corporis
645 1462 775 1502 calore
822 1462 1039 1510 contrahit,
1084 1462 1291 1502 humorem
1338 1475 1430 1502 vero
1474 1461 1650 1501 siccitate
1694 1461 1754 1502 vel

212 1523 371 1560 coercet
405 1517 464 1558 vel
504 1517 679 1557 exorbet.
739 1518 856 1558 Certe
892 1518 1100 1558 humorem
1140 1518 1220 1558 sale
1257 1518 1404 1557 differri
1451 1517 1531 1557 sive
1574 1517 1756 1557 consumi

212 1576 257 1615 lit
287 1574 379 1614 hinc
408 1572 569 1626 cognitu
598 1572 719 1621 facile,
750 1573 871 1626 quod,
899 1573 931 1614 si
961 1573 1062 1613 duos
1093 1587 1213 1627 panes
1244 1573 1326 1627 pari
1357 1572 1629 1625 magnitudine
1654 1573 1755 1614 sece-

214 1631 279 1677 ris,
309 1643 436 1670 unum
470 1628 550 1668 sale
576 1642 802 1682 aspersum,
847 1629 931 1669 sine
962 1629 1041 1668 sale
1073 1630 1263 1677 alterum,
1310 1629 1485 1670 invenies
1516 1628 1756 1683 indigentem

214 1686 304 1727 salis
332 1684 506 1740 pondere
538 1684 851 1738 propensiorem,
883 1685 1032 1726 scilicet
1062 1684 1231 1725 humore
1263 1685 1301 1725 in
1332 1698 1379 1725 eo
1408 1698 1477 1738 per
1505 1684 1595 1725 salis
1631 1698 1755 1739 penu-

177 1743 311 1783 tiriam
354 1746 622 1796 permanente.
693 1741 743 1781 Et
776 1740 850 1781 hoc
881 1756 902 1782 a
931 1741 1091 1781 Disario
1132 1755 1221 1782 meo
1265 1741 1489 1795 quaesitum
1529 1740 1643 1791 volo,
1687 1753 1759 1781 cur

303 1842 408 1883 [uss.
437 1841 574 1872 APSU.

211 1900 243 1927 9.
280 1898 515 1927 laxamentum
549 1896 677 1928 ventris
708 1896 791 1937 ech]
835 1896 890 1927 Cf.
916 1897 1014 1928 Alex.
1042 1897 1066 1928 l.
1092 1908 1121 1927 c.
1162 1914 1204 1919 —
1243 1896 1495 1928 continebatur
1523 1895 1566 1927 P.
1705 1897 1757 1926 10.

212 1953 232 1972 a
244 1951 392 1973 cccnsus
417 1941 453 1971 S.

210 2040 254 2070 po
263 2029 345 2060 sitis.
375 2028 478 2059 ch-b.

454 2072 469 2081 η

213 2078 301 2109 (oni.
326 2073 413 2109 iam)
447 2074 481 2103 b.

215 2128 287 2148 sec.
315 2120 381 2153 m.)
407 2128 483 2158 v—g.
524 2134 566 2140 ·-—
608 2122 706 2148 curat
731 2128 803 2148 «³111.
833 2117 871 2148 P.

438 1986 551 2026 Caput
582 1983 661 2015 ΧΗ.
706 1984 755 2015 Dc
784 1985 1044 2026 quaestionibus
1069 1984 1261 2027 quindecim
1292 1984 1429 2015 Disario
1456 1984 1498 2015 ab
1524 1983 1654 2015 Avieno
1674 1994 1757 2025 pro-

621 2031 647 2059 l.
691 2029 774 2059 mihi
798 2034 889 2065 (oin.
916 2033 982 2066 est)
1011 2028 1046 2059 S.

619 2075 652 2103 ⁴2.
693 2073 867 2104 admistio
894 2085 974 2116 x-g.
1018 2091 1044 2094 —
1090 2073 1266 2104 c.rtimare
1291 2083 1368 2112 v-g.

1096 2034 1143 2060 est
1169 2028 1253 2059 mihi
1279 2039 1356 2070 v-g.
1382 2047 1423 2051 -
1449 2040 1470 2059 a
1496 2039 1613 2059 mensa
1633 2030 1759 2067 suerat

1411 2089 1451 2094 ——
1492 2083 1644 2113 corpora
1668 2072 1713 2112 (A
1738 2082 1758 2103 a

1008 2118 1038 2148 4.
1067 2117 1263 2156 feculenta
1286 2116 1366 2146 ΛΗ.
1408 2116 1602 2154 fetulenta
1627 2115 1667 2146 P.

258 2163 290 2191 5.
327 2161 441 2192 calore
466 2161 663 2202 prohibet
689 2161 861 2193 contrahit
895 2163 950 2192 vl.
991 2179 1028 2184 —
1060 2161 1199 2201 fluxum
1235 2163 1332 2200 (sup.
1367 2159 1449 2190 add.
1475 2163 1550 2196 am)
1584 2160 1624 2190 A.

257 2250 289 2278 ὃ.
333 2247 519 2288 fortitudo]
555 2246 577 2277 i.
601 2258 630 2278 e.
659 2246 826 2279 firmitas.
869 2248 952 2279 Me-

214 2291 352 2322 xandcr
385 2291 418 2329 1.,
448 2294 516 2321 13.;
553 2287 609 2321 Τὰ
641 2291 752 2333 νεῦρα
783 2293 950 2333 καταλιμ-

212 2332 330 2377 πάνει,
352 2329 443 2376 ὅπερ
468 2330 669 2375 ἐφύλαττον
693 2331 743 2366 τὰ
775 2331 950 2377 ἰέτρομα

212 2375 355 2419 μόρια,
379 2380 438 2409 ubi
464 2378 631 2418 equidem
653 2379 848 2411 maluerim
875 2379 949 2422 legi

213 2418 356 2463 ἄτρομα
378 2422 420 2453 τὰ
446 2420 568 2463 μόρια.

258 2470 291 2497 9.
337 2465 623 2506 rctrimcntornm]
651 2465 707 2498 Cf.
735 2478 765 2497 c.
790 2469 824 2507 4,
851 2469 870 2506 §
902 2471 950 2499 18.

213 2510 420 2542 Alexander
445 2511 466 2542 l.
489 2522 535 2542 c.:
569 2509 640 2541 τῶν
666 2509 952 2552 περιττωμάτων.

260 2553 346 2591 xli,
377 2558 403 2586 1.
449 2555 495 2586 (ιά
521 2555 784 2588 similitudinem
814 2558 950 2587 consul-

213 2598 370 2641 tationis]
406 2598 460 2630 Cl'.
492 2600 512 2638 ἓ
536 2602 567 2630 2.
606 2600 652 2630 ad
686 2600 951 2633 diuturnitatem

211 2654 305 2681 usus,
328 2649 363 2675 et
388 2643 460 2674 vid.
488 2643 655 2684 prolegg.
682 2655 712 2684 p.
739 2655 813 2675 un
841 2656 892 2686 sq.

256 2690 287 2717 2.
333 2688 434 2729 quasi
457 2688 558 2730 large
582 2687 734 2728 aridum]
757 2687 866 2719 immo
892 2699 949 2719 re-

214 2730 402 2762 ferendum
427 2737 483 2762 est
507 2731 551 2762 ad
580 2731 760 2762 Graecum
794 2729 948 2773 λαρινός.

257 2776 317 2816 qui
341 2776 535 2817 corporibus
561 2774 671 2818 curat]
696 2775 750 2807 Cf.
779 2779 947 2819 prole—gg.

213 2828 246 2857 p.
272 2829 392 2850 xxxix.
418 2820 511 2851 med.

257 2863 288 2891 3.
339 2863 470 2904 defluit]
509 2862 571 2895 Sic
596 2862 735 2906 legitur
767 2862 802 2895 in
829 2862 946 2895 ‹nuni-

1019 2247 1087 2279 bus
1119 2246 1410 2288 exemplaribus3
1437 2247 1499 2278 sed
1528 2246 1609 2278 vide
1635 2258 1679 2278 ne
1704 2247 1757 2278 le-

1020 2291 1178 2333 gendum
1207 2291 1256 2323 sit
1283 2292 1455 2331 diffluit,
1484 2296 1524 2322 ut
1548 2291 1601 2323 ait
1623 2291 1758 2323 Lucre-

1020 2335 1092 2367 tius
1117 2336 1145 2375 l,
1170 2338 1252 2366 1037
1268 2346 1340 2376 sq.:
1362 2335 1506 2367 Privata
1529 2336 1600 2367 cibo
1628 2341 1758 2367 natura

1019 2381 1235 2412 animantum
1250 2380 1364 2420 Disfl
1375 2391 1394 2410 u
1405 2380 1436 2411 it
1450 2380 1611 2412 amittens
1625 2391 1758 2423 corpus.

1064 2426 1096 2455 4.
1146 2422 1406 2465 spiramentum]
1445 2423 1480 2455 h.
1513 2423 1538 2455 l.
1577 2423 1672 2455 idem
1701 2429 1758 2456 est

1020 2468 1112 2510 quod
1145 2471 1320 2509 foramen.

1020 2523 1110 2544 nn.
1136 2513 1230 2544 med.

1064 2559 1096 2588 5.
1147 2555 1287 2598 111fieri
1312 2555 1365 2586 sal
1387 2554 1557 2596 prohibet]
1583 2553 1637 2585 Cf.
1665 2565 1693 2585 c.
1721 2557 1756 2593 2.

1019 2601 1034 2642 §
1057 2603 1088 2631 8.
1111 2606 1149 2632 nt
1175 2600 1426 2643 ..prohibeant
1451 2599 1533 2630 illa
1559 2600 1755 2631 narrari.

1063 2644 1210 2686 differri]
1240 2644 1333 2676 idem
1363 2643 1456 2674 valet
1482 2653 1523 2673 ac
1551 2643 1726 2683 dissipari.

1063 2689 1276 2732 indigentem
1300 2685 1398 2728 salis]
1420 2685 1442 2716 i.
1466 2697 1496 2717 e.
1523 2686 1601 2718 sale
1627 2697 1754 2718 caren-

1018 2735 1102 2764 tem.

1056 2777 1209 2818 pondere
1240 2772 1510 2815 propensiorem]
1547 2772 1570 2805 i.
1602 2785 1632 2805 e.
1666 2784 1753 2817 gra·

1012 2820 1163 2851 viorem.
1198 2817 1253 2849 cf.
1279 2817 1353 2848 Cic.
1380 2816 1533 2849 Tuscul.
1557 2817 1596 2858 V,
1622 2821 1672 2860 17,
1697 2821 1751 2850 50.

1009 2862 1275 2906 propendere
1306 2862 1404 2894 illam
1427 2862 1570 2894 lancem.

1387 2467 1464 2499 vid.
1504 2468 1674 2510 prolegg.
1719 2479 1755 2509 p.
